2558 3970
56 2857 91 2874 >v
109 2856 135 2874 n„

182 192 262 228 (5143
323 184 584 219 wfflffiistlnl
606 181 824 216 Affl‘lllffl‘.
843 180 942 214 Mol}
953 179 1123 213 l'NTlNl
1143 176 1421 212 MANDATUM
1444 175 1500 209 DE
1521 174 1639 209 PACE
1657 173 1914 209 GENERALI.
1942 174 2040 208 1269.
2066 173 2127 207 Nr.
2144 173 2221 208 446.

330 299 468 340 werf·
501 298 581 337 Dei
615 296 758 349 gracia
791 299 936 335 sancto
970 294 1221 348 Maguntinc
1255 291 1368 333 sedis
1402 290 1767 345 archicpiscopuS,
1801 289 1910 330 sacri
1942 289 2108 344 imperii
2141 303 2218 344 per
2250 288 2357 329 Ger·

183 370 365 410 maniam
399 364 823 409 arcliieaneellarius,
865 362 1032 403 dilectis
1072 362 1152 402 sibi
1194 360 1443 401 consulibus
1476 363 1519 400 ct
1551 358 1766 399 universis
1802 357 1964 398 civibus
1997 357 2038 398 in
2072 357 2359 412 Oppinheimb

184 438 362 477 salutem
397 441 437 474 et
471 432 782 488 plenitudinem
817 431 953 471 omnis
986 430 1098 470 boni.

324 504 417 544 Rex
450 502 650 556 pacificus
683 504 829 541 auctor
864 499 981 554 pacis
1014 497 1210 539 dominus
1234 497 1386 538 Ihcsus
1411 496 1606 537 Christus
1640 495 1710 550 pia
1743 495 2053 536 miseracionec
2086 493 2362 535 considerans

181 579 336 613 statum
372 571 507 611 tocius
531 576 640 610 terre
665 567 952 610 miserabilem
976 572 1018 608 et
1039 580 1302 621 perversum,
1337 565 1660 607 serenissimum
1684 563 1900 604 dominum
1927 566 2120 604 nostrum
2144 561 2361 603 dominum

183 642 232 681 li.
267 654 411 693 regem
445 638 733 679 Romanorum
773 637 982 677 illustrem
1016 635 1213 676 omnibus
1247 635 1317 689 qui
1357 647 1506 689 pacem
1539 633 1725 687 diligunt
1758 637 1800 674 ct
1832 632 2037 673 affectant
2070 630 2363 672 desideratum

183 709 355 750 contulit
399 708 690 748 defensorem.
730 710 774 746 ut
808 704 925 759 pacis
959 708 1002 745 ct
1044 702 1365 757 tranquillitatis
1399 700 1649 752 concordia,
1690 715 1771 756 quc
1804 701 1888 741 iam
1920 700 2063 741 multis
2097 698 2362 754 temporibus

183 790 303 819 extra
345 776 487 816 numdi
529 775 731 816 terminos
771 774 981 818 exulavit,
1025 787 1101 827 per
1139 772 1231 812 cius
1273 771 1524 812 industriam
1558 775 1601 811 ct
1641 769 1924 810 ministerium
1958 768 2187 810 salubriter
2221 767 2364 809 valeat

183 846 384 887 revocari.
448 844 502 884 Et
543 858 642 884 eece
685 843 793 883 sicut
826 842 966 883 divine
1007 841 1236 882 clementie
1277 840 1439 894 placuit
1472 839 1610 880 dictus
1643 838 1841 879 dominus
1876 852 1953 879 rex
1984 838 2027 878 in
2059 837 2253 892 generali
2286 850 2363 877 suo

183 915 391 969 colloquio
435 913 594 968 nuperl
635 912 747 967 apud
782 911 1076 952 NVormaciam
1117 909 1413 964 sollempniter
1451 908 1668 949 celebrato
1709 907 1761 948 de
1801 911 1945 948 nostro
1977 909 2020 947 et
2051 905 2363 947 venerabilium

184 984 451 1025 dominorum
491 982 544 1022 ΙΙ.
580 980 861 1022 Trcvcrcnsis
899 978 1210 1033 archicpiscopi
1253 977 1323 1018 otd
1358 976 1575 1032 Spirensis
1609 991 1658 1017 ac
1691 975 2030 1016 Wormaciensis
2064 974 2364 1030 episcoporum

184 1064 223 1093 et
258 1084 299 1092 ..
333 1051 454 1091 ducis
488 1050 712 1090 Bauwarie
745 1056 820 1090 110ο
853 1048 1031 1088 aliorum
1064 1047 1298 1101 principum
1331 1050 1496 1086 maturo
1530 1044 1718 1094 consilio,
1755 1044 2026 1099 presentibus
2059 1043 2197 1084 eciam
2230 1042 2363 1084 corni-

185 1122 294 1161 tibus
346 1126 387 1160 ct
433 1120 618 1160 nobilius
666 1118 758 1159 aliis
803 1132 852 1157 ac
897 1116 1205 1171 sollempnibus
1248 1115 1413 1156 nunciis
1455 1114 1678 1155 civitatum
1721 1119 1819 1154 tunc
1864 1112 2156 1167 congregatis,
2207 1110 2366 1153 ibidem

185 1190 436 1231 auctoritate
470 1189 587 1243 regia
619 1187 841 1229 ordinavit.
875 1186 1025 1226 statuit
1048 1190 1090 1226 et
1118 1184 1350 1236 mandavit,
1384 1197 1536 1238 pacem
1570 1187 1612 1224 ct
1637 1182 1905 1223 concordiam
1928 1182 1968 1222 in
1993 1181 2189 1222 omnibus
2212 1179 2366 1221 finibus

185 1260 348 1314 imperii
398 1257 659 1312 generaliter
707 1260 749 1296 ct
793 1255 1098 1296 inviolabiliter
1139 1253 1372 1294 observari.
1442 1252 1579 1298 Quam
1630 1266 1705 1292 nos
1750 1255 1792 1292 et
1834 1266 1982 1292 omnes
2024 1251 2095 1292 alii
2134 1249 2367 1306 supradicti

186 1343 381 1370 servare.
421 1325 653 1367 defendere
695 1329 737 1366 et
770 1325 916 1365 fovere
952 1323 1225 1379 promisimus
1265 1322 1364 1363 data
1405 1321 1486 1362 tide
1525 1326 1568 1363 et
1600 1325 1747 1362 contra
1789 1320 2028 1361 turbatores
2061 1323 2104 1360 et
2136 1319 2365 1360 violatores

186 1398 317 1453 ipsius
343 1397 458 1451 pacis
482 1395 738 1436 unanimiter
759 1392 993 1448 procedere
1018 1396 1060 1434 ct
1084 1406 1294 1447 exurgere
1319 1391 1418 1432 totis
1443 1390 1606 1431 viribus
1630 1389 1684 1431 ad
1708 1389 1954 1441 vindictam,
1983 1389 2164 1445 prestito
2187 1388 2367 1430 nichilo-

185 1468 320 1507 minus
371 1479 499 1520 super
548 1464 629 1504 hiis
671 1463 867 1504 omnibus
916 1461 1195 1517 corporaliter
1233 1461 1485 1501 iuramento.
1555 1459 1653 1514 Ipse
1694 1459 1830 1500 eciam
1872 1458 2066 1500 dominus
2105 1461 2251 1499 noster
2290 1471 2367 1499 rex

185 1551 261 1576 nos
306 1534 554 1576 sollicitavit
592 1533 836 1588 specialiter
875 1535 918 1573 ct
958 1531 1167 1571 instanter
1210 1529 1412 1585 precibus
1451 1532 1494 1569 et
1537 1527 1769 1580 mandatis,
1818 1532 1863 1569 ut
1901 1528 1980 1569 hoc
2021 1531 2214 1568 sanctum
2252 1527 2370 1582 pacis

186 1605 408 1659 negocium
442 1603 638 1658 prosequi
672 1606 715 1643 ct
746 1601 838 1641 iura
870 1615 919 1641 ac
952 1600 1159 1641 honorem
1198 1598 1367 1653 imperii
1400 1611 1654 1652 promovere
1689 1610 1737 1637 ac
1770 1610 1919 1637 eorum
1953 1596 2187 1652 specialem
2221 1609 2367 1637 curam

186 1674 440 1714 auctoritate
475 1677 516 1712 ct
548 1672 639 1711 vice
674 1684 750 1711 sua
782 1684 933 1724 gerere
967 1673 1009 1710 ct
1041 1669 1260 1723 suscipere
1293 1666 1574 1708 curaremuss.
1627 1666 1715 1706 Nos
1739 1669 1883 1707 autem
1916 1666 2016 1706 licet
2044 1665 2181 1707 honus
2215 1665 2366 1706 huius-

187 1743 298 1783 modi
332 1740 602 1796 importabile
636 1740 759 1780 nobis
793 1743 922 1789 essct,
956 1738 1113 1779 devicti
1145 1741 1291 1777 tamen
1322 1735 1520 1790 precibus
1553 1735 1830 1790 plurimorum
1854 1735 1907 1775 ob
1931 1734 2139 1775 honorem
2163 1733 2246 1775 Dei
2268 1747 2367 1789 pre-

188 1813 308 1866 eipuc
350 1817 392 1851 ct
434 1809 568 1851 tocius
608 1815 719 1849 terre
759 1809 1018 1863 profectum,
1061 1805 1282 1847 comodum
1325 1809 1368 1845 et
1401 1805 1584 1846 salutem
1624 1808 1666 1845 ct
1708 1804 1953 1859 specialiter
1983 1818 2059 1859 pro
2094 1803 2371 1845 reverencia*3

188 1881 320 1936 ipsius
361 1878 521 1920 domini
560 1878 692 1919 nostri
732 1878 845 1931 regis
888 1890 1032 1917 curam
1067 1879 1109 1916 et
1149 1874 1287 1915 honus
1326 1873 1570 1915 huiusmodi
1605 1873 1789 1914 libenter
1821 1873 2110 1928 suscepimUS,
2149 1876 2197 1913 ut
2228 1871 2371 1913 divine

189 1948 509 1991 miseracionis¹¹
543 1952 585 1989 et
617 1951 759 1987 vestro
795 1946 981 1987 coadiuti
1016 1945 1177 1985 auxilio
1211 1944 1502 1985 execrabilem
1537 1947 1579 1984 et
1612 1943 1865 1984 effrenatam
1898 1955 2199 1997 perversorum
2220 1944 2368 1996 tyran·

191 2018 330 2060 niden]
364 2022 510 2059 contra
541 2030 755 2072 pauperes
788 2017 1041 2057 innocenter
1063 2027 1296 2069 oppressos
1321 2016 1364 2054 et
1386 2012 1600 2067 quoslibet
1628 2012 1735 2052 alios
1760 2011 1992 2053 crudeliter
2015 2010 2161 2066 sepius
2184 2013 2371 2066 attemp-

191 2095 319 2128 tatam
352 2087 567 2142 possimus
601 2085 832 2126 salubriter
864 2085 1097 2126 refrenare.
1158 2082 1214 2123 Et
1247 2082 1447 2137 quoniam
1480 2081 1619 2122 dictus
1652 2080 1850 2121 dominus
1884 2079 2046 2121 nosteri
2077 2093 2169 2131 rex,
2203 2080 2271 2121 cui
2293 2079 2374 2121 hoc

190 2162 381 2197 sanctum
427 2156 543 2211 pacis
582 2155 808 2209 negocium
850 2158 917 2195 cst
948 2153 1065 2194 cordi
1097 2156 1140 2192 ct
1173 2166 1292 2202 cure,
1334 2151 1454 2192 nobis
1485 2150 1788 2191 auctoritatem
1822 2153 1864 2190 et
1896 2150 2012 2190 vices
2046 2163 2146 2190 suas
2179 2149 2231 2190 de
2265 2163 2374 2190 novo

191 2226 419 2267 commisit.
466 2229 590 2279 prout
631 2224 671 2263 in
720 2223 874 2263 litteris
916 2223 1002 2263 suis
1046 2221 1295 2277 patentibus
1330 2220 1531 2261 videbitis
1570 2219 1739 2274 plenius
1780 2219 2008 2270 contineri,
2048 2218 2375 2259 universitatem

192 2301 376 2335 vestram
410 2308 608 2347 rogamus
641 2297 683 2333 et
722 2306 942 2333 monemus
976 2292 1199 2341 instanter,
1239 2290 1494 2330 auctoritate
1528 2289 1648 2343 regia
1680 2287 1801 2328 nobis
1835 2288 2067 2328 commissa
2099 2287 2219 2329 vobis
2250 2301 2374 2328 man-

192 2364 357 2412 dantes,
392 2364 591 2417 quatinus
624 2376 750 2401 unam
784 2375 937 2401 navem
971 2360 1170 2401 bellicam
1205 2359 1296 2399 sine
1329 2372 1450 2398 mora
1472 2358 1663 2412 qualibet
1695 2356 1938 2412 preparetis
1970 2360 2012 2397 et
2034 2356 2217 2398 veniatis
2240 2357 2375 2397 intre-

191 2434 288 2489 pide
323 2439 471 2474 contra
504 2433 621 2487 pacis
655 2431 913 2478 turbatores,
947 2429 1288 2484 quandocunque
1323 2442 1396 2468 vos
1419 2427 1669 2468 duxerimus
1704 2426 1997 2481 requirendos.
2053 2425 2207 2466 Sciatis
2232 2425 2375 2476 etiam,

195 2503 306 2558 quod
339 2507 512 2557 propter
544 2501 760 2541 caristiam
794 2506 835 2541 ct
868 2509 1135 2540 communem
1160 2498 1374 2539 defectum
1403 2511 1585 2547 annone,
1619 2494 1785 2551 quemi*
1817 2495 2115 2536 sustinuerunt
2146 2494 2188 2534 in
2220 2494 2376 2535 nostris

194 2581 233 2611 ct
268 2570 559 2626 superioribus
592 2569 786 2624 partibus
811 2569 1005 2609 civitates
1039 2572 1079 2607 ct
1111 2567 1372 2622 generaliter
1395 2566 1533 2606 omnis
1557 2565 1739 2620 populus
1764 2567 1877 2605 terre
1901 2568 2062 2614 nostre,
2095 2578 2171 2604 nos
2194 2563 2376 2604 fecimus

194 2638 427 2681 interdicik.
473 2653 524 2679 nc
566 2638 618 2678 ad
658 2642 802 2692 partes
844 2637 1065 2677 inferiores
1112 2650 1282 2676 annona
1322 2649 1397 2690 per
1436 2634 1544 2675 Reni
1586 2634 1754 2674 alveum
1794 2631 2088 2687 aliquatenus¹
2128 2632 2377 2680 duceretur;

194 2710 268 2750 scd
304 2724 353 2749 nc
389 2715 537 2749 contra
570 2722 646 2747 nos
681 2708 851 2748 sinistre
887 2706 1178 2761 suspicionism
1212 2704 1390 2745 materia
1421 2702 1709 2758 aliquatenus¹
1742 2702 1966 2752 habeatur,
1998 2715 2076 2742 nos
2102 2700 2377 2742 interdictum

195 2777 434 2818 huiusmodi
470 2791 737 2818 revocamus.
772 2780 816 2816 ut
855 2781 1095 2816 annonamn
1129 2778 1170 2814 et
1209 2774 1316 2814 alias
1361 2780 1454 2813 resO
1497 2772 1625 2813 ducat
1666 2771 1863 2826 quilibet,
1904 2774 2029 2825 prout
2066 2769 2293 2824 placuerit,
2337 2773 2380 2810 et

150 2858 174 2876 ·-’-
197 2848 383 2887 reducat.
447 2845 535 2885 Nos
575 2846 686 2885 enim
725 2846 762 2885 in
804 2845 987 2885 crastino
1027 2843 1260 2884 nativitatis
1304 2842 1430 2883 beate
1464 2841 1599 2881 Mario
1634 2840 1809 2895 virginis
1848 2839 2043 2894 proxime
2084 2852 2197 2878 nunc
2238 2837 2380 2878 futuro

198 2914 431 2955 vobiscumi
467 2916 534 2955 inv
569 2914 824 2968 Oppinheim
859 2912 1017 2953 crimus
1051 2912 1145 2952 Deo
1179 2911 1328 2958 dante;
1372 2910 1443 2951 ubi
1478 2924 1606 2965 super
1638 2909 1719 2949 hiis
1752 2908 1949 2949 omnibus
1981 2907 2033 2948 de
2066 2906 2302 2962 principum
2335 2910 2378 2947 et

197 2986 372 3025 aliorum
418 2984 621 3024 nobilium
669 2997 718 3023 ac
764 2982 984 3022 civitatum
1027 2981 1238 3021 communi
1280 2979 1452 3020 consilio
1496 2977 1691 3018 ordinare
1734 2977 2034 3032 proponimus,
2083 2974 2284 3031 quicquid
2324 2974 2378 3016 ad

199 3054 397 3093 1101101011]
440 3052 522 3093 Dei
571 3058 611 3092 et
660 3053 871 3092 salutem‘l
915 3066 962 3091 ac
1006 3064 1157 3105 pacem
1206 3049 1453 3103 generalem
1504 3051 1617 3088 terre
1659 3047 1839 3087 iuratam
1886 3045 2116 3087 viderimus
2159 3043 2377 3100 expedire.

200 3120 396 3172 mittatis
432 3135 532 3175 crgo
566 3126 747 3175 quatuor
781 3120 1042 3174 sollempnes
1067 3118 1244 3158 nuncios
1270 3121 1433 3157 vestros
1456 3116 1498 3156 in
1522 3115 1778 3170 Oppinheim
1803 3115 1844 3154 in
1874 3115 2057 3156 termino
2080 3110 2380 3169 supradict0.]¹

340 3188 453 3228 Dat.³
486 3189 598 3243 apud
630 3188 791 3229 Lacum
805 3189 832 3233 ²,
867 3203 976 3229 anno
1010 3187 1181 3228 Domini
1216 3185 1500 3236 MCGLXIX,
1532 3183 1608 3225 VI.
1640 3183 1740 3224 Idus
1773 3183 1901 3238 Aug.t

338 3290 419 3324 446.
447 3299 476 3321 ³7
505 3292 557 3323 W³
578 3295 605 3324 2.
679 3292 710 3333 b)
733 3306 798 3334 pru
822 3293 1019 3325 consulibus
1038 3311 1080 3313 —
1097 3291 1299 3333 Oppinheim
1318 3289 1356 3321 2:
1384 3314 1418 3322 ..
1445 3289 1644 3329 sculteto,
1670 3288 1877 3330 scabynis
1910 3292 1949 3320 et
1973 3287 2188 3319 universis
2212 3286 2383 3318 civibus

200 3350 488 3381 ‹··,1211·1e11‹;ie.
561 3358 591 3390 (ὲ)
626 3351 837 3382 miseratione
862 3350 892 3382 2.
965 3347 997 3387 d)
1026 3374 1058 3380 ..
1086 3348 1164 3380 add.
1185 3348 1216 3380 2.
1288 3347 1317 3388 υ)
1352 3352 1385 3379 et
1409 3346 1440 3377 2.
1508 3344 1538 3385 f)
1571 3343 1722 3377 curarem
1752 3344 1780 3377 1.
1852 3344 1885 3385 g)
1911 3344 2101 3377 reverentia
2124 3342 2155 3375 2.
2228 3341 2260 3384 h)
2287 3343 2382 3376 mise-

202 3408 337 3438 rationis
363 3409 392 3437 2.
466 3407 487 3448 1')
513 3408 601 3439 deest
627 3408 657 3438 2.
732 3406 774 3446 5⁶)
801 3419 900 3449 quam
930 3406 957 3438 1.
1037 3405 1070 3448 k)
1097 3406 1216 3438 interdi
1248 3404 1273 3436 1.
1346 3402 1370 3445 l)
1396 3403 1607 3446 aliquatinus
1632 3402 1663 3434 2.
1735 3401 1778 3443 m)
1805 3402 2001 3444 suspitionis
2025 3401 2056 3433 2.
2128 3400 2161 3440 ¹¹)
2187 3412 2326 3434 annona
2353 3399 2381 3432 l.

259 3476 308 3496 res
334 3465 417 3495 alias
444 3467 474 3495 2.
580 3471 612 3505 Ρ)
638 3466 727 3507 apud
751 3465 782 3496 2.
889 3465 922 3505 ¹1)
949 3465 1097 3507 populi
1123 3463 1204 3495 add.
1221 3461 1251 3494 2.
1362 3461 1388 3502 r)
1416 3461 1498 3493 lcaec
1522 3461 1558 3492 in
1582 3459 1653 3491 solo
1679 3458 1710 3491 2.
1751 3471 1757 3476 ·
1806 3457 1833 3499 ⁸)
1859 3459 1984 3490 Datum
2010 3456 2041 3490 2.
2136 3456 2160 3497 t)
2185 3458 2324 3500 augusti
2349 3457 2382 3490 2.

342 3555 372 3587 11
402 3554 522 3587 Mense
552 3555 667 3593 ΓΙΙυίος
695 3566 720 3587 r.
745 3565 855 3597 snpra.
882 3565 934 3587 nr.
949 3559 1021 3588 391.
1098 3554 1135 3595 2)
1169 3550 1374 3592 Wcihcrhos'
1391 3561 1452 3584 scu
1481 3548 1691 3591 Weiberhof
1705 3558 1816 3590 prope
1841 3547 2135 3590 Asclmffcnbzcrffi
2166 3547 2212 3588 cf.
2240 3546 2383 3580 ‘Archiv

201 3618 262 3651 lm·
291 3611 468 3644 Hessiselae
497 3611 701 3644 (ieschichtc‘
733 3612 836 3653 XIV,
856 3617 920 3645 745».

2404 920 2435 944 10

2406 1262 2436 1287 15

2407 1604 2440 1629 20

2412 1950 2444 1975 25

2413 2302 2446 2327 30

2415 2647 2447 2672 35

2415 2990 2449 3015 40

2419 3344 2452 3369 45
