2558 3970
303 185 573 222 CLEMENTIS
594 188 654 223 IV.
677 188 819 223 EPIS'r.
848 189 907 223 DE
935 190 1068 224 NoVA
1097 191 1235 225 [tl-:ms
1264 192 1531 227 ELEC'PIONE
1559 194 1880 230 l‘llsllllBENllA.
1923 198 2017 231 1263.
2060 198 2119 232 Nr.
2139 199 2215 232 40³⁴.
2273 202 2352 239 5:55

165 301 483 343 discriminibus
506 308 757 355 evenerunt,
781 304 969 346 fidelium
995 305 1164 347 devotio
1189 308 1326 363 tepuit
1348 312 1390 349 et
1413 309 1551 350 cultus
1571 310 1701 351 divini
1728 312 1912 352 nominis
1934 312 2112 353 traditus
2134 313 2350 367 neglectui

164 370 388 425 reperitur.
452 369 782 427 Conspicientes
825 374 971 429 itaque
1013 375 1234 429 regionem
1276 376 1410 431 ipsam
1453 379 1511 418 sic
1554 381 1736 434 positam
1783 382 1821 422 in
1864 382 2051 434 maligno
2085 396 2266 437 eamque
2299 382 2351 423 de

163 442 251 480 tam
273 438 419 480 hostili
441 439 571 495 plaga
593 441 760 496 eripere
783 443 1021 498 cupientes,
1055 443 1108 485 ad
1134 444 1537 487 christianissimum
1563 449 1797 504 principem
1823 451 2089 491 carissimum
2116 451 2155 491 in
2177 451 2348 492 Christo

164 506 295 548 filium
328 511 520 549 nostrum
554 508 602 552 C.
627 509 772 552 Sicilie
806 526 952 566 regem
986 513 1210 562 illustrem,
1245 514 1402 556 Christi
1439 516 1627 570 pugilem
1663 517 1942 565 indefessum,
1976 520 2210 561 direximus
2244 521 2349 561 fidu-

114 590 128 613 5
163 576 330 618 cialiter
360 580 506 619 nostre
539 578 899 622 considerationis
943 581 1142 622 intuitum
1186 586 1229 623 ct
1270 596 1389 628 eum.
1437 584 1476 625 in
1512 585 1632 626 euius
1665 586 1892 628 desideriis
1926 588 2089 640 geritur
2121 589 2348 643 pacificare

163 644 384 686 discordes
417 649 461 687 et
492 645 546 688 ad
579 647 690 688 viam
724 649 876 689 salutis
910 649 1119 692 reducere
1152 665 1228 706 per
1251 650 1421 692 devium
1447 653 1714 700 oberrantes,
1750 670 1888 711 nuper
1912 657 1950 697 in
1977 658 2169 712 partibus
2193 658 2350 699 'ruscie

159 713 355 756 Romano
389 715 595 757 subiectis
628 716 807 772 imperio
841 718 1047 760 vicarium
1081 719 1276 761 eiusdem
1311 721 1479 776 imperii
1514 725 1765 776 generalem
1807 725 1941 765 solido
1980 727 2183 780 regimine
2217 727 2347 767 desti-

160 781 238 824 tuti
279 781 480 824 duximus
523 784 814 828 statuendum.
876 786 1066 843 Ideoque
1107 788 1357 830 discretioni
1392 794 1464 831 tue
1504 805 1580 845 per
1621 793 1858 847 apostolica
1890 795 2050 848 scripta
2084 795 2349 836 mandamus.

161 851 360 907 quatinus
393 855 435 894 te
467 852 520 893 ad
552 858 697 908 partes
729 854 826 896 illas
859 857 1149 911 personaliter
1182 858 1425 909 conferens,
1459 858 1617 900 dilecto
1652 861 1738 902 tilio
1774 862 1905 902 nobili
1941 864 2028 903 viro
2064 863 2094 903 1.
2129 864 2180 904 ‹lc
2215 864 2348 919 lli-ay-

94 934 126 958 ιο
163 920 273 962 silua
312 922 567 963 marescallo
612 922 716 964 dicti
759 925 893 979 regis,
939 926 1007 967 eui
1047 925 1100 968 de
1144 926 1419 983 beneplacito
1463 933 1606 969 nostro
1651 931 1861 971 commisit
1894 930 2004 972 idern
2041 947 2114 973 rex
2149 933 2274 987 plene
2309 934 2347 974 in

160 989 284 1031 dictis
317 990 511 1046 partibus
544 992 659 1034 vices
691 1006 804 1043 suas,
838 1008 989 1036 sanum
1023 996 1249 1037 consilium
1282 997 1465 1052 prebeas
1498 997 1550 1038 ad
1575 998 1807 1039 earundem
1833 1000 2016 1054 partium
2042 1005 2198 1042 statum
2234 1003 2347 1056 paci-

159 1059 284 1100 ficum
317 1060 674 1104 conservandum.
736 1062 839 1105 Illos
871 1068 1036 1114 autem,
1069 1065 1140 1119 qui
1173 1065 1289 1120 pacis
1322 1065 1569 1107 turbatores
1605 1066 1645 1107 in
1679 1067 1873 1121 partibus
1908 1069 1990 1110 illis
2024 1071 2261 1117 extiterint,
2296 1071 2348 1112 ad

160 1129 271 1170 viam
304 1129 456 1171 salutis
497 1129 705 1173 reducere
747 1131 923 1174 studeas
965 1134 1138 1175 monitis
1180 1134 1441 1175 salutaribus
1475 1139 1517 1176 et
1559 1135 1792 1186 mandatis,
1835 1137 1873 1177 in
1908 1152 2000 1183 eos,
2037 1139 2069 1179 si
2104 1153 2234 1194 super
2267 1140 2348 1180 liiis

160 1198 238 1240 tibi
276 1212 430 1254 parere
474 1201 832 1256 contempserint,
870 1215 1097 1244 censuram
1131 1202 1473 1244 ecelesiasticam
1508 1203 1742 1245 exercendi
1784 1206 1954 1260 plenam
1989 1212 2030 1248 et
2064 1207 2240 1248 liberam
2275 1208 2349 1248 tibi

93 1285 122 1309 ιε,
161 1267 436 1310 concedimus
475 1270 733 1311 auctoritate
776 1271 1044 1326 presentium
1087 1275 1362 1327 potestatem.
1425 1271 1521 1313 Non
1564 1272 1833 1314 obstantibus
1866 1275 2081 1330 aliquibus
2115 1276 2349 1332 privilegiis

159 1336 227 1378 vel
259 1336 541 1392 indulgentiis
574 1340 855 1382 communiter
887 1341 954 1383 vel
987 1340 1155 1382 divisim
1189 1340 1534 1397 quibuscumque
1568 1343 1762 1397 personis
1786 1344 1839 1384 ab
1863 1346 2100 1400 apostolic-a
2123 1347 2225 1388 sede
2250 1362 2349 1387 eon—

160 1405 311 1455 cessis,
343 1421 421 1462 per
452 1421 534 1462 que
569 1409 729 1450 nullum
763 1413 913 1451 contra
945 1410 1155 1465 premissa
1188 1410 1386 1465 cuiquam
1421 1411 1618 1452 volumus
1652 1413 1884 1466 presidium
1919 1414 2127 1456 adhiberi.

303 1475 402 1516 Dat.
435 1475 632 1528 Viterbii,
666 1478 740 1519 Vl.
776 1478 886 1522 Non.
920 1479 1035 1524 Maii,
1070 1480 1342 1534 pontificatus
1376 1481 1510 1521 nostri
1545 1495 1656 1522 anno
1690 1488 1854 1537 quarto.

476 1890 610 1960 408.
666 1888 1292 1961 CLEMENTIS
1336 1888 1458 1960 IV.
1502 1888 2025 1960 EPISTULA

88 2034 121 2059 20
196 2003 341 2075 AD
385 2003 774 2076 REGEM
824 2004 1387 2078 BOHEMIAE
1441 2004 1582 2074 DE
1638 2004 1935 2075 NOVA
1987 2005 2309 2076 KRG-*lb¹

547 2120 1169 2194 ELEGTIONE
1224 2119 1966 2192 PROHIBENDA.

1067 2257 1210 2306 1268.
1249 2257 1372 2305 Nov,
1409 2257 1452 2304 7.

301 2405 535 2457 Epis-telam
565 2418 651 2447 non
680 2406 946 2459 reyc'stratam
976 2405 1094 2446 nobis
1122 2402 1406 2457 praebuerunt
1443 2405 1526 2444 tres
1556 2401 1828 2443 dictaminum
1858 2400 2045 2441 Berardc'
2077 2400 2350 2452 Neapolitani

158 2472 332 2516 codices.-
367 2474 406 2529 1)
438 2473 755 2517 Valliccllianus
782 2473 825 2517 Ο.
842 2476 897 2515 -19
918 2488 1019 2517 saec.
1040 2473 1178 2523 XIII,
1207 2485 1274 2513 nr.
1296 2473 1352 2512 29
1377 2471 1458 2524 fol.
1480 2471 1573 2521 202·
1604 2470 1776 2512 contulit
1795 2471 1958 2522 pariter
1979 2472 2100 2521 acqeae
2122 2474 2149 2509 3
2172 2469 2348 2510 Iloldcr-

90 2562 123 2588 25
158 2543 318 2597 Regem
361 2543 406 2598 2)
438 2543 640 2585 tabularii
670 2543 881 2595 Vaticani,
926 2544 972 2584 in
1012 2543 1116 2585 serie
1156 2544 1356 2583 tomorum
1394 2540 1581 2593 chistrc‘
1619 2542 1710 2580 tom.
1732 2539 1860 2589 2921,
1897 2552 1998 2580 saec.
2025 2538 2156 2579 XIII.
2188 2551 2254 2578 nr.
2274 2539 2349 2581 51),-

158 2612 332 2655 contnlit
371 2612 528 2667 Tanyh·
571 2612 615 2669 3)
648 2613 909 2655 bibliothecae
940 2612 1164 2654 Vaticanae
1187 2612 1302 2652 3977
1340 2622 1446 2652 saec.
1476 2608 1604 2650 XIV.
1647 2621 1711 2649 nr.
1735 2608 1790 2648 35
1822 2607 1902 2662 fol.
1923 2602 1997 2647 17'
2015 2607 2039 2649 ¹.
2102 2607 2145 2647 J«)
2171 2606 2301 2648 codice
2325 2609 2349 2646 1

152 2684 318 2734 partem
347 2684 510 2724 tantam
540 2682 652 2724 dedit
680 2681 936 2737 Raynaldas
965 2682 1012 2723 in
1042 2680 1286 2723 Annalibus
1316 2677 1600 2721 ecclesiasticis
1630 2691 1667 2717 a.
1693 2678 1804 2717 1265
1833 2679 1861 2731 ς’
1882 2678 1949 2725 43,
1988 2691 2008 2716 e
2038 2675 2167 2716 cortice
2197 2678 2226 2715 2
2257 2675 2348 2715 ilem

157 2751 303 2794 Emler
342 2751 533 2806 ‘Reyesta
562 2752 799 2794 Boleemc'ae’
832 2751 896 2803 II,
918 2753 1017 2792 243.
1053 2775 1102 2780 —
1137 2748 1347 2798 ΡοέέΙιαεέ,
1391 2747 1492 2801 Ray.
1517 2748 1636 2799 pont.
1669 2745 1784 2787 Rom.
1806 2746 1960 2786 20197.
2022 2743 2214 2793 Bonum,
2247 2743 2346 2796 Ray.

158 2821 254 2874 imp.
285 2821 330 2872 V,
353 2822 479 2865 9946.
1971 2812 2042 2866 (1².
2064 2812 2205 2862 (locst.)

89 2951 123 2977 30
303 2936 531 2979 Clemens³
563 2941 607 2979 et
637 2940 720 2979 cet.
753 2936 847 2991 regi
877 2935 1088 2977 Boemieb
1121 2932 1278 2975 illustri
1311 2935 1354 2973 et
1386 2935 1469 2973 cet.

301 3004 367 3062 (1)
398 3005 561 3048 Dilecti
593 3006 669 3047 filii
701 3006 896 3061 magistri
918 3005 1135 3047 Iohannes
1165 3002 1494 3045 archidiaconus
1518 2999 1845 3041 Olomueensis⁶
1874 3002 1917 3039 et
1942 2997 2209 3052 Augustinus
2230 2996 2344 3072 'sub-

159 3073 365 3117 diaconus
397 3079 546 3118 noster
576 3075 808 3131 Pragensis
841 3073 1115 3126 canonicus&
1148 3073 1210 3114 tui
1243 3070 1455 3127 capellani
1487 3084 1537 3111 ac
1569 3069 1719 3119 nuntii,
1754 3092 1803 3097 -
1838 3066 1960 3108 nobis
1992 3070 2062 3107 tue
2098 3070 2344 3106 screnitatis

157 3143 334 3196 litteris,
377 3145 617 3201 apostolice
652 3144 770 3187 sedis
801 3145 1006 3186 affectum
1041 3143 1095 3185 ad
1133 3142 1430 3198 progenitores
1466 3144 1560 3180 tuos
1599 3143 1801 3192 tuamque
1840 3134 2175 3190 magnitudinem
2211 3135 2344 3211 conti-

157 3217 336 3255 nuatum
367 3213 420 3256 ab
453 3214 553 3256 olim
585 3218 710 3269 grata
740 3214 1036 3269 recognitione
1075 3211 1311 3254 fatentibus
1343 3224 1393 3251 ac
1425 3207 1720 3250 asserentibus
1765 3210 1966 3247 constans
2001 3209 2071 3280 tue
2105 3203 2345 3280 devotroms

90 3297 122 3322 35
157 3281 321 3324 sincere
362 3284 629 3338 propositum
672 3282 726 3324 ad
775 3282 1052 3338 beneplacita
1096 3281 1231 3337 ipsius
1273 3278 1385 3320 sedis
1429 3282 1473 3319 et
1512 3280 1659 3317 nostra
1699 3274 1890 3329 ipsisque
1922 3278 2094 3349 ‘nuntns
2141 3287 2343 3328 preelpue

160 3365 291 3406 super
322 3351 579 3407 quibusdam
611 3352 800 3395 articulis
833 3351 961 3394 fidem
983 3350 1177 3392 adhiberi
1209 3347 1481 3405 petentibus⁰
1510 3370 1564 3374 —
1597 3359 1651 3386 ex
1682 3347 1801 3399 parte
1825 3347 1898 3384 tua
1920 3347 2031 3384 mter
2056 3346 2202 3384 cetera
2225 3346 2339 3383 retu-

295 3488 383 3525 408.
415 3489 447 3533 θ’)
471 3492 628 3525 Clemens
646 3510 687 3515 -
706 3496 740 3524 et
757 3495 819 3525 eet.
836 3491 905 3524 des.
923 3488 954 3523 3.
1037 3488 1070 3531 b)
1097 3488 1246 3522 beoemie
1273 3486 1302 3521 1.
1386 3486 1417 3528 ⁰)
1443 3486 1618 3519 clamocefi
1637 3483 1666 3516 1.
1685 3482 1721 3522 23
1748 3483 1979 3516 claromonten
2005 3480 2036 3514 3.
2119 3479 2152 3523 d)
2177 3486 2296 3514 concu¹3
2318 3480 2345 3512 1.

161 3549 191 3592 θ)
216 3549 430 3592 presentibus
453 3547 486 3582 3.

300 3649 333 3695 1)
359 3649 461 3684 Alios
486 3649 639 3684 Bmarcli
662 3649 807 3693 codices,
839 3649 902 3693 qni
926 3648 1104 3692 epistolam
1128 3651 1283 3682 ›wstrmn
1307 3646 1500 3687 continent,
1535 3642 1719 3677 adnotavit
1745 3640 2038 3675 Kaltenbrnmwr
2063 3640 2346 3683 ‘alittlaec'lawen

93 3713 128 3742 40
160 3705 218 3746 cles
241 3706 424 3746 Instituts'
448 3706 535 3754 VII,
550 3711 615 3742 563
638 3717 694 3741 nr.
708 3710 778 3743 113.
