2558 3970
77 898 108 921 10

78 1246 106 1270 15

74 1590 107 1616 20

76 1938 108 1963 25

679 143 920 179 FRIDERICI
948 145 993 180 11.
1020 146 1453 182 CONSTI'I'UTIONES.
1507 149 1601 183 1235.
1654 148 1714 184 Nr.
1736 151 1810 183 lim.
2258 154 2338 192 2323

144 264 368 300 teneamur
390 260 651 301 antedictam
675 260 898 314 pecuniam
925 261 1064 302 eidem
1090 264 1337 316 imperatori
1361 265 1650 304 transmittere
1677 273 1799 306 extra
1825 281 2018 317 reguum.
2082 271 2147 309 ‹3›
2181 268 2336 307 l'rcno-

143 329 348 369 minatam
380 333 524 370 autem
557 329 739 384 pecunie
773 329 1055 383 quantitatem
1091 331 1131 370 in
1162 330 1304 372 dotem
1341 332 1533 387 predicto
1565 334 1770 387 magistro
1798 335 1924 375 l'etro
1960 337 2127 375 nominc
2153 337 2335 390 impera-

143 397 248 439 toris
282 411 358 453 pro
399 396 595 452 predicta
628 411 773 439 sorore
808 403 954 438 nostra
988 400 1263 453 promisimus
1299 405 1339 440 ct
1373 407 1642 441 sacramento
1677 403 1960 446 firmavimus.
1995 410 2140 458 preter
2172 418 2338 444 ‹uuncm

143 469 416 521 apparatum,
463 479 614 506 aurum
648 471 690 507 et
722 471 950 521 argentum
985 467 1227 508 laboratum
1262 475 1303 509 et
1339 483 1458 511 vasa.
1493 484 1649 523 equos.
1685 485 1861 524 pannos.
1897 473 2043 512 lanum,-
2078 480 2119 512 υτ
2155 474 2339 514 sericos:

143 548 225 589 que
259 534 402 575 omnia
443 534 742 589 prenominata
774 534 948 577 domina
989 550 1110 576 soror
1143 542 1287 577 nostra
1329 538 1432 577 talia
1476 538 1633 578 habere
1676 545 1718 578 ct
1757 540 1925 580 deferri·
1959 541 2155 582 debebit.
2199 542 2341 595 qualia

144 607 308 645 tantam
346 603 562 644 dominam
602 610 771 658 portare
813 609 856 645 et
898 609 1062 646 tantum
1103 605 1321 646 dominum
1365 607 1557 661 recipere
1598 607 1863 648 condect-bit.
1985 614 2049 654 ‹i›
2087 610 2148 650 Ην
2183 611 2340 664 quibus

145 672 346 713 omnibus
391 677 434 714 et
477 672 658 727 singulis
702 673 986 729 adimplendis
1029 675 1316 727 obligavimus
1362 690 1436 715 nos
1484 676 1788 730 solempniter.
1831 679 2107 732 stipulatione
2151 680 2341 729 legitima

147 739 413 796 interposita,
448 741 667 782 antedicto
701 743 907 797 magistro
936 743 1075 784 Petro.
1111 744 1418 797 obligationem
1454 752 1643 784 nosti-um
1680 760 1754 799 pro
1793 754 1911 800 purte
1946 748 2124 787 :mu-tati
2158 749 2334 801 imperu-

147 809 253 850 toris
301 809 545 864 recipienti,
593 811 758 852 scilicet
800 817 885 852 tam
934 812 985 853 de
1029 813 1244 853 solutione
1290 813 1399 853 bona
1450 812 1530 853 tide
1572 818 1615 854 ct
1667 814 1831 865 integre
1875 814 2069 854 facienda
2121 830 2244 869 «piam
2290 816 2340 855 ‹li-

145 878 338 919 terminis
371 879 554 933 singulis
588 879 884 921 observandis.
1006 881 1067 934 (5)
1103 881 1168 921 Ad
1203 882 1408 921 maiorem
1444 882 1572 921 etiam
1603 883 1815 922 cautelam
1851 883 2120 938 imperatoris
2147 884 2339 923 ciusdem

144 947 224 988 hoc
265 948 403 1003 ipsum
453 949 663 1004 corporali
715 950 895 1004 prestito
951 956 1220 991 sacramento
1271 951 1503 990 iuravimus
1555 965 1629 1005 per
1674 952 1815 991 omnia
1859 959 1898 990 ct
1945 952 2112 1003 singula
2167 953 2343 992 tirmiter

144 1016 394 1067 observare,
433 1018 734 1072 promittentes
776 1019 946 1059 nomine
990 1032 1100 1074 pene
1142 1019 1291 1060 decem
1334 1019 1465 1059 millia
1504 1034 1741 1060 marcarum
1776 1021 1965 1074 argenti.
2008 1022 2040 1060 si
2078 1021 2115 1060 in
2152 1023 2344 1061 terminis

145 1087 384 1142 pretaxatis
417 1088 597 1142 singulis
621 1087 883 1129 antedictam
917 1089 1162 1143 pecuniam,
1197 1094 1323 1144 prout
1356 1089 1595 1143 predictum
1626 1095 1705 1131 est.
1738 1089 2027 1130 distulerimus
2052 1091 2264 1144 quicum-e:
2302 1098 2343 1129 ut

143 1160 287 1197 tamen
321 1155 540 1197 antedicta
561 1171 673 1212 pena
695 1156 845 1198 decem
870 1157 1046 1198 millium
1072 1171 1311 1198 marcarum
1337 1172 1418 1198 non
1443 1158 1483 1198 in
1509 1157 1705 1201 solidum,
1740 1165 1805 1198 set
1840 1173 1912 1213 pro
1939 1165 2029 1198 rata
2054 1173 2127 1213 per
2150 1159 2337 1210 singulos

145 1225 352 1266 terminos
385 1226 691 1267 committatur.
812 1225 878 1281 (6)
913 1225 1187 1267 Subiecimus
1222 1241 1296 1267 nos
1331 1231 1529 1281 preterea
1563 1226 1847 1267 iurisdictioni
1879 1233 1921 1267 ct
1954 1228 2167 1267 sententie
2192 1228 2342 1267 summi

144 1294 355 1350 pontificis
388 1308 438 1335 ac
469 1299 743 1336 sacrosancte
777 1295 973 1336 Romane
1006 1296 1206 1345 ecclesie,
1240 1301 1286 1336 ut
1319 1295 1563 1336 antedictus
1598 1309 1790 1336 summus
1824 1297 2015 1350 pontifex
2053 1297 2117 1336 vel
2152 1296 2343 1336 Romana

144 1363 350 1413 ecclesia,
393 1364 428 1404 si
469 1364 510 1404 in
555 1364 766 1406 solutione
799 1364 990 1420 predicte
1024 1365 1207 1420 pecunie
1241 1380 1318 1420 per
1350 1365 1544 1419 singulos
1585 1365 1788 1406 terminos
1822 1366 2163 1406 cessaverimus,
2209 1367 2344 1420 possit

144 1446 222 1473 nos
256 1436 300 1474 et
332 1446 606 1474 successores
650 1439 817 1475 nostros
857 1434 994 1475 libere
1034 1449 1112 1489 per
1144 1448 1373 1476 censuram
1414 1434 1756 1475 ecclesiasticam
1792 1435 2041 1476 cohercere.
2089 1436 2345 1489 exceptione

144 1501 224 1543 fori
257 1502 323 1543 vel
356 1503 476 1556 regie
509 1502 748 1557 dignitatis,
782 1518 807 1544 a
841 1503 963 1544 nobis
997 1508 1070 1544 aut
1102 1504 1424 1545 successoribus
1460 1505 1617 1544 nostris
1651 1503 1947 1545 ecclesiastico
1982 1503 2137 1543 iudicio
2173 1505 2345 1544 minim(-

145 1571 405 1627 opponenda
436 1576 510 1612 aut
541 1572 780 1627 oppositaa,
814 1587 898 1614 non
923 1572 1138 1614 obstante.
1260 1573 1326 1626 (7)
1360 1572 1454 1613 Hcc
1479 1572 1632 1613 eadem
1657 1573 1787 1613 etiam
1812 1573 1850 1613 in
1875 1572 2073 1612 omnibus
2099 1578 2140 1611 et
2164 1573 2343 1625 singulis

144 1640 337 1682 articulis
383 1641 614 1682 observare
660 1641 712 1683 de
754 1642 935 1697 speciali
981 1641 1182 1683 mandato
1226 1647 1267 1683 et
1310 1642 1352 1682 in
1396 1642 1615 1696 presentia
1655 1646 1802 1682 nostra
1845 1641 2125 1695 corporaliter
2166 1642 2345 1695 prestito

145 1714 418 1751 sacramento
449 1710 730 1752 firmaverunt
753 1710 979 1753 Hubertus
1013 1710 1066 1752 de
1090 1711 1237 1766 Burgo
1272 1724 1417 1752 comes
1442 1709 1616 1759 Kantie,
1652 1709 1874 1751 Gilbertus
1899 1710 2178 1751 marescallus
2203 1725 2345 1749 comes

144 1778 197 1821 de
230 1779 499 1829 Pembrocia,
531 1779 787 1836 Radulphus
820 1781 934 1822 filius
968 1780 1181 1832 Nicholai,
1216 1780 1479 1822 Godefridus
1511 1779 1564 1821 de
1590 1778 1876 1820 Craucumbe.
1914 1778 2168 1819 llumfridus
2203 1794 2348 1819 comcs

145 1847 380 1890 Hereford:
414 1853 686 1891 sacramento
719 1851 964 1906 expressim
997 1854 1040 1892 et
1072 1850 1264 1906 apertius
1298 1850 1557 1899 inserentes,
1592 1849 1703 1904 quod
1739 1854 1925 1904 prototo
1959 1863 2088 1904 posse
2114 1862 2258 1889 eorum
2295 1848 2346 1888 ad

145 1918 226 1959 hoc
258 1918 502 1966 intendent,
536 1920 649 1975 quod
683 1934 760 1961 nos
795 1921 1029 1961 observare
1062 1920 1256 1976 predicta
1288 1919 1431 1960 omnia
1464 1923 1507 1960 et
1539 1919 1708 1973 singula
1740 1918 1990 1959 debeamus.
2055 1917 2346 1958 Prenominati

147 1992 189 2029 et
231 1987 386 2042 singuli
427 1988 577 2030 fideles
615 1990 751 2030 nostri
793 2004 924 2045 super
963 1990 1044 2030 hiis
1081 1989 1278 2030 omnibus
1319 1989 1634 2029 testimoniales
1669 1992 1840 2042 apertas
1882 1987 2047 2027 litteras
2082 1986 2348 2026 exhibebunt

147 2071 244 2098 cum
277 2057 430 2112 sigillis
463 2071 610 2099 eorum
653 2059 942 2114 pendentibus
984 2059 1175 2100 antefato
1220 2059 1426 2113 magistro
1461 2057 1611 2105 Petro,
1654 2056 1707 2097 ad
1749 2056 1961 2096 cautelam
2006 2060 2047 2095 et
2087 2056 2346 2109 presentiam

86 2124 92 2132 “
147 2126 353 2168 antedicti
385 2128 545 2168 cesaris
578 2127 849 2169 deferendas.
971 2127 1036 2182 (8)
1070 2127 1156 2169 Per
1189 2127 1513 2182 prenominatas
1548 2130 1692 2166 autem
1736 2125 1959 2165 cautiones
1994 2138 2070 2164 nos
2104 2123 2347 2178 sepedictus

77 2280 111 2306 30

80 2628 111 2653 ³5

146 2208 222 2237 rex
268 2197 568 2252 prenominato
617 2198 823 2253 magistro
865 2197 994 2238 Petro
1037 2196 1090 2238 de
1130 2196 1274 2237 Vinea
1317 2196 1602 2251 obligavimus
1646 2209 1722 2235 nos
1774 2199 1815 2234 et
1864 2208 2138 2234 successores
2180 2198 2346 2233 nostros

147 2265 366 2307 antedicta
404 2267 547 2308 omnia
587 2271 630 2308 et
671 2268 843 2323 singula
882 2267 1134 2311 observare:
1184 2266 1264 2307 hoc
1306 2265 1496 2316 adiecto,
1550 2264 1662 2320 quod
1707 2264 1740 2304 si
1788 2263 2109 2318 prenominatus
2158 2277 2348 2302 summus

147 2335 345 2391 pontifex
377 2337 446 2378 vel
477 2335 677 2378 Romana
709 2337 897 2378 ecclesia
929 2337 1060 2378 vellet
1091 2350 1136 2377 se
1171 2336 1345 2377 domino
1379 2334 1627 2390 imperatori
1661 2333 1713 2374 de
1739 2332 1945 2373 solvenda
1979 2332 2161 2386 pecunia
2187 2345 2346 2371 memo-

148 2408 242 2446 rata
272 2409 420 2446 nostro
455 2406 627 2447 nomine
659 2405 852 2461 obligare
886 2410 929 2447 et
961 2406 1227 2447 constituere
1258 2404 1543 2460 principalem
1575 2403 1814 2444 debitorem
1848 2402 1969 2442 iuxta
2002 2402 2181 2441 formam
2209 2416 2233 2440 a
2258 2401 2346 2441 iure

149 2478 368 2525 statutam,
402 2488 477 2516 nos
509 2475 817 2530 obligationem
850 2475 989 2530 ipsam
1020 2479 1157 2516 ratam
1192 2474 1464 2515 habebimus
1527 2472 1584 2513 Et
1616 2473 1755 2527 ipsum
1791 2484 2002 2511 summum
2040 2470 2280 2524 pontificem
2307 2475 2348 2509 ct

147 2542 388 2584 Romanam
428 2544 656 2585 ecclesiam
688 2544 742 2586 ab
775 2544 1035 2599 obligatione
1069 2544 1161 2599 ipsa
1198 2543 1484 2598 promittimus
1518 2540 1758 2582 statuendis
1792 2540 1902 2580 inter
1937 2553 2014 2579 nos
2049 2539 2153 2578 locis
2187 2542 2228 2577 ct
2264 2543 2346 2578 ter-

150 2612 275 2653 minis
307 2612 508 2665 liberare,
540 2618 669 2669 prout
700 2614 779 2655 hec
802 2607 955 2655 'omnia
987 2628 1065 2669 per
1097 2613 1275 2654 nuncios
1310 2617 1353 2654 et
1386 2613 1552 2653 litteras
1586 2615 1754 2651 nostras
1791 2608 1928 2650 eidem
1964 2621 2128 2648 summo
2161 2607 2346 2662 pontifici

149 2685 192 2722 et
222 2681 419 2723 Romane
459 2682 644 2724 ecclesie
684 2684 930 2725 curabimus
970 2683 1210 2731 destinare;
1260 2697 1309 2723 eo
1350 2682 1469 2722 salvo
1502 2679 1637 2736 quod,
1682 2678 1899 2719 antedicte
1935 2677 2128 2718 Romane
2164 2676 2346 2717 ecclesie

110 2802 112 2804 v
149 2751 347 2793 cautione
391 2755 567 2807 recepta
612 2756 654 2793 et
696 2766 772 2808 per
811 2752 1053 2808 predictum
1096 2766 1289 2793 cesarem
1334 2754 1578 2805 acceptata,
1622 2748 1836 2804 presentis
1886 2745 2160 2800 obligationis
2205 2749 2346 2785 nostre

148 2820 292 2862 littere
325 2819 447 2862 nobis
479 2824 553 2862 aut
584 2822 751 2862 nunciis
784 2822 943 2863 nostris
976 2822 1143 2863 restitui
1177 2820 1383 2869 debeant,
1426 2819 1544 2860 nullo
1578 2831 1779 2872 umquam
1814 2814 2036 2870 tempore‘'
2071 2814 2271 2854 valiture.
2306 2819 2347 2853 et

150 2905 175 2931 a
207 2891 412 2946 predictis
445 2890 717 2932 cautionibus
757 2890 955 2932 omnibus
988 2905 1067 2931 nos
1101 2894 1144 2932 et
1183 2889 1366 2945 predicti
1399 2888 1568 2929 nobiles
1602 2886 1737 2927 nostri
1772 2885 1906 2925 simus
1946 2883 2117 2938 penitus
2151 2881 2347 2923 absoluti.

151 2959 216 3015 (9)
249 2959 373 3008 Quod
405 2960 442 3002 si
472 2960 583 3002 forte
606 2959 794 3002 Domino
826 2963 1051 3002 avertente
1086 2960 1368 3014 contingeret,
1392 2956 1657 2999 antedictam
1681 2968 1873 2996 sororem
1898 2956 2089 2993 nostram
2114 2951 2346 2991 Isabellam

151 3030 267 3085 prius
300 3030 343 3070 in
373 3029 464 3072 fata
495 3029 735 3071 concedere
767 3043 896 3085 quam
927 3029 1008 3070 iter
1039 3029 1218 3084 arripiat
1249 3027 1317 3069 vel
1349 3031 1576 3083 postquam
1610 3026 1692 3066 iter
1714 3021 1962 3077 arripuerit,
1998 3021 2245 3075 priusquam
2271 3019 2348 3060 adc

151 3097 367 3140 dominum
398 3099 706 3154 imperatorem
738 3100 876 3140 virum
910 3112 1034 3139 suum
1067 3098 1324 3153 perveniens
1358 3097 1399 3137 in
1432 3096 1541 3137 facie
1577 3094 1762 3136 ecclesie
1797 3090 2075 3145 solempniter
2105 3094 2146 3129 ct
2180 3089 2347 3144 publice

152 3168 455 3224 desponsetur,
487 3183 564 3210 nos
597 3173 642 3210 et
674 3182 950 3210 successores
983 3168 1116 3208 nostri
1149 3167 1202 3208 ab
1235 3165 1434 3207 omnibus
1468 3169 1512 3206 et
1545 3163 1722 3217 singulis
1757 3159 1984 3202 antedictis
2013 3158 2348 3212 obligationibus

153 3237 315 3279 absolvi
348 3236 557 3279 debemus
590 3242 632 3279 et
663 3237 798 3279 libere
831 3250 1100 3292 permanere.
1223 3234 1316 3289 (10)
1351 3234 1461 3274 Item
1495 3233 1530 3273 si
1569 3233 1699 3280 forte,
1743 3228 1852 3284 quod
1885 3227 2016 3277 absit,
2050 3227 2347 3281 imperatorem

154 3306 337 3348 eundem
370 3307 488 3362 prius
521 3307 790 3362 contingeret
821 3307 863 3347 in
896 3306 986 3346 fata
1018 3303 1271 3354 concedere,
1305 3316 1434 3357 quam
1468 3300 1766 3356 prenominata
1799 3310 1917 3337 soror
1947 3299 2092 3336 nostra
2114 3294 2348 3348 desponsa-

151 3379 269 3416 retur
299 3375 354 3417 ab
385 3389 457 3427 eo,
489 3376 685 3417 similiter
716 3390 795 3416 nos
827 3381 870 3416 et
901 3387 1179 3416 successores
1210 3372 1345 3413 nostri
1376 3383 1601 3413 remanere
1634 3367 1890 3409 debebimus
1922 3365 1976 3405 ab
2010 3363 2207 3405 omnibus
2244 3363 2348 3417 ipsis

155 3444 492 3500 obligationibus
531 3445 738 3493 absoluti;
776 3449 820 3487 et
860 3443 1080 3486 antedicta
1111 3456 1230 3483 soror
1269 3445 1415 3482 nostra
1447 3439 1500 3480 ad
1533 3453 1611 3480 nos
1643 3438 1686 3478 in
1718 3449 1897 3490 regnum
1929 3432 2088 3488 Anglie
2122 3446 2273 3473 secure
2307 3436 2349 3472 et

152 3513 290 3556 libere
323 3514 569 3556 reducetur.
632 3513 760 3561 Quod
793 3514 929 3569 ipsum
963 3521 1050 3554 tam
1083 3511 1282 3553 dominus
1316 3509 1371 3550 H.
1398 3507 1657 3549 venerabilis
1682 3503 1956 3546 Coloniensis
1981 3501 2346 3555 archiepiscopus,

292 3640 381 3676 190.
414 3640 445 3684 a)
471 3641 629 3684 apposita
654 3642 706 3674 ed.
824 3640 858 3683 b)
885 3646 1076 3681 temporum
1101 3639 1152 3671 ed.
1271 3639 1301 3679 e)
1328 3636 1477 3676 basem&
1502 3635 1592 3667 deest
1615 3633 1667 3666 ed.

292 3738 339 3761 u..
367 3736 649 3761 CONSTITUTIONES
675 3737 710 3760 11.
2039 3708 2085 3743 30
