2558 3970
213 166 292 204 512
622 159 900 194 lNNoOEN'rll
933 159 990 192 [V.
1017 158 1278 192 CONCHAL'M
1308 158 1636 192 LUGDUNENSE.
1688 158 1784 192 1245.
1834 158 1987 193 N1·.400.

213 277 342 318 (luno.
387 275 645 315 Mat-honre&
688 287 842 313 nomen
885 273 925 313 in
969 272 1149 327 Templo
1193 272 1392 313 Dominiz
1424 272 1575 314 diebus
1618 276 1661 314 ct
1702 272 1899 314 noctibus
1932 273 2103 329 publice
2135 274 2391 329 proclamari

215 345 416 399 permisit.
480 343 534 382 Et
568 356 702 397 nuper
735 342 907 382 rmntios
941 341 1107 382 soldani
1143 341 1388 391 Babilonie,
1419 345 1646 396 postquam
1681 341 1791 382 idem
1828 341 2031 383 soldanus
2063 341 2391 384 Terre'Sancte

214 429 259 452 an·
294 412 536 451 christianis
578 410 918 451 habitatoribus²¹
951 410 1041 450 eius
1075 424 1150 465 per
1183 424 1228 450 se
1261 423 1310 450 ae
1343 424 1443 451 suos
1476 409 1664 464 dampna
1703 410 1961 464 gravissima
1994 414 2037 452 et
2068 411 2389 453 inextimabiles

215 481 386 520 iniurias
411 481 633 533 irrogarat.
659 480 759 520 fecit
782 494 859 533 per
881 492 1060 533 regumn
1086 478 1231 519 Sicilie
1255 492 1349 519 cum
1373 477 1573 519 laudibus
1597 478 1651 519 ad
1675 478 1868 520 eiusdem
1891 479 2058 521 soldani
2077 480 2390 532 extollentiam,

214 551 321 589 sicut
362 549 507 589 fertur.
553 548 783 588 honorifice
826 548 987 602 suscipi
1030 551 1072 588 et
1112 547 1337 602 magnifice
1376 547 1609 603 procurari.
1680 547 1875 588 Aliorum
1917 549 2112 603 quoqueb
2154 548 2390 590 infidelium

215 618 465 672 perniciosis
507 622 548 657 et
587 616 811 656 horrendis
855 615 1074 670 obsequiis
1119 620 1265 656 eontra
1304 615 1451 656 fideles
1493 615 1677 656 abutens
1720 620 1762 656 et
1803 615 1910 667 illis,
1952 617 2025 671 qui
2063 616 2394 673 dampnabiliter

216 686 527 740 vililwmlentes
569 685 848 740 apostolicam
892 684 1038 725 sedem
1071 684 1123 724 ab
1156 686 1320 726 unitate
1355 685 1537 725 ecclesie
1571 684 1879 737 discesserunt,
1920 699 2153 741 procurans
2185 686 2393 728 affinitate

215 770 261 795 nc
305 755 487 795 amicitiai
531 754 742 809 copulari,
790 754 903 795 clare
945 755 1148 794 memorie
1182 787 1224 796 ..
1258 753 1410 795 ducem
1452 753 1656 804 Bauarie,
1705 754 1936 808 specialem
1976 754 2158 796 ecclesie
2198 755 2393 797 Romane

215 823 439 863 devotum.
478 824 594 864 fecit.
637 822 745 862 sicut
785 836 859 877 pro
900 826 1014 863 certo
1056 823 1274 871 asseritur,
1319 822 1554 863 christiana
1594 822 1804 877 religione
1837 822 2044 877 despecta
2083 837 2161 878 per
2192 824 2392 867 Asisinos

215 892 360 932 occidi.
386 897 427 932 et
453 891 637 935 Batatio.
672 891 751 932 Dei
777 896 820 931 et
843 891 1024 932 ecclesie
1049 891 1219 931 inimico
1246 906 1271 932 a
1293 891 1592 932 communione
1620 891 1811 932 fidelium
1834 906 1911 947 per
1933 893 2388 935 excommunicationis

216 961 473 1001 sententiani
513 974 607 1000 cuni
648 959 930 1010 adiutoribus,
974 959 1316 1000 consiliatoribus
1364 967 1405 1001 et
1446 960 1684 1001 fautoribus
1726 961 1815 1001 suis
1855 961 2151 1016 sollempniter
2184 965 2393 1017 separato,

216 1029 344 1069 tiliam
378 1043 498 1069 suam
532 1029 705 1069 tradidit
740 1029 780 1069 in
815 1043 1007 1070 uxorem.
1062 1028 1382 1069 Catholicorum
1406 1043 1508 1069 vero
1531 1029 1771 1083 principum
1796 1033 1916 1070 actus
1942 1033 1984 1071 et
2006 1043 2146 1072 mores
2169 1045 2395 1087 respuens,

217 1098 434 1152 neglector
481 1099 630 1138 salutis
679 1102 720 1138 et
760 1098 892 1149 fame,
940 1098 1113 1152 pietatis
1158 1097 1363 1152 operibus
1404 1112 1488 1138 non
1530 1097 1727 1138 intendit.
1790 1097 1902 1145 Quin
1946 1099 2091 1151 immo,
2142 1104 2188 1140 ut
2219 1099 2272 1141 de
2305 1100 2395 1142 suis

219 1167 390 1206 nefariis
424 1166 779 1207 dissolutionibus
814 1167 1031 1210 sileamus,
1066 1180 1161 1207 cum
1195 1166 1392 1206 didicerit
1425 1165 1679 1221 opprimere,
1713 1180 1796 1206 non
1831 1172 1952 1208 curat
1975 1181 2205 1223 oppressos
2228 1169 2395 1211 miseri-

217 1234 401 1275 corditer
445 1236 655 1278 relevare.
695 1249 822 1276 manu
863 1235 977 1287 eius,
1020 1239 1067 1276 ut
1098 1234 1222 1276 decet
1262 1235 1519 1290 principem,
1565 1234 1618 1276 ad
1652 1235 1912 1276 elemosinas
1945 1249 2029 1277 non
2061 1240 2257 1290 extenta,
2300 1251 2395 1279 cum

216 1304 496 1345 destructioni
535 1305 816 1346 ecclesiarum
857 1305 1062 1346 institerit
1101 1309 1144 1345 et
1181 1304 1408 1359 religiosas
1449 1310 1524 1344 acc
1555 1304 1660 1344 alias
1701 1305 2019 1346 ecclesiasticas
2059 1306 2146 1361 iugi
2184 1306 2399 1348 attriverit

218 1372 447 1413 afflictione
493 1387 721 1428 personas;
764 1387 841 1415 nec
887 1374 1093 1415 ecclesias
1137 1388 1215 1414 nee
1258 1373 1522 1414 monasteria
1565 1387 1644 1414 nec
1682 1373 1913 1429 hospitalia
1955 1389 2032 1416 seu
2073 1375 2156 1416 alia
2193 1375 2265 1431 pia
2305 1376 2400 1418 loca

218 1441 404 1481 cernitur
444 1443 748 1483 construxisse.
809 1442 961 1484 Nonne
1002 1443 1132 1497 igitur
1172 1443 1251 1483 hec
1291 1456 1376 1483 non
1407 1442 1541 1493 levia,
1587 1446 1654 1484 set
1693 1442 1888 1484 efficacia
1930 1446 2029 1484 sunt
2060 1448 2315 1499 argumenta
2345 1444 2398 1487 de

219 1510 452 1564 suspitione
486 1511 648 1552 heresis
672 1516 817 1553 contra
843 1526 941 1552 eum
953 1516 968 1551 ’ἒ
1003 1526 1098 1552 cum
1121 1516 1264 1552 tamen
1287 1511 1574 1553 hereticorum
1597 1511 1809 1553 vocabulo
1838 1512 1931 1552 illos
1954 1513 2018 1554 ius
2042 1513 2166 1555 civile
2191 1514 2400 1556 contineri

219 1579 408 1620 asseratd
442 1586 484 1621 ct
517 1581 614 1621 latis
648 1581 853 1622 adversus
887 1596 962 1622 eos
997 1582 1221 1622 sententiis
1255 1581 1415 1622 debere
1452 1581 1754 1632 succumbere,
1795 1581 1867 1636 qui
1900 1581 1967 1623 vel
2000 1581 2112 1623 levie
2144 1586 2398 1637 argumento

219 1665 238 1689 il
282 1649 436 1689 iudicio
482 1650 691 1691 catholice
739 1651 959 1705 religionis
1008 1655 1050 1691 et
1097 1651 1267 1691 tramite
1319 1649 1475 1690 detecti
1519 1649 1678 1691 fuerint
1717 1649 1904 1692 deviare.
2024 1650 2091 1707 (9)
2131 1651 2282 1693 Preter
2321 1652 2402 1694 hec

220 1733 397 1773 regnum
423 1718 582 1760 Sicilie.
617 1720 727 1774 quod
762 1724 827 1761 est
856 1720 1042 1775 speciale
1075 1719 1382 1775 patrimonium
1415 1719 1533 1760 beati
1556 1718 1673 1760 Petri
1705 1723 1748 1759 et
1781 1719 1894 1761 idem
1926 1720 2127 1776 princeps
2153 1720 2205 1762 ab
2230 1724 2402 1776 aposto-

218 1788 299 1828 lica
333 1787 433 1829 sede
467 1789 644 1830 tenebat
667 1790 708 1829 in
730 1789 919 1838 feudum,
952 1790 1035 1830 iam
1058 1789 1111 1830 ad
1136 1793 1299 1830 tantam
1322 1789 1366 1829 in
1391 1787 1582 1829 clericisf
1613 1792 1655 1829 et
1677 1787 1826 1829 laiciss
1855 1788 2189 1830 exinanitionem
2215 1789 2400 1831 servitu-

222 1865 391 1913 temque
426 1858 603 1912 redegit,
638 1858 749 1913 quod
783 1859 843 1899 eis
876 1872 986 1913 pene
1020 1858 1191 1913 penitus
1224 1857 1355 1898 nichil
1388 1857 1647 1899 habentibus
1671 1861 1714 1898 et
1737 1857 1935 1898 omnibus
1960 1856 2118 1899 exinde
2140 1857 2232 1900 fere
2254 1858 2400 1914 probis

222 1928 390 1969 eiectis.
425 1928 518 1968 illos
551 1928 622 1983 qui
657 1931 955 1968 remanserunt
986 1926 1146 1968 ibidem
1180 1927 1259 1968 sub
1294 1926 1438 1968 servili
1470 1926 1592 1981 quasi
1625 1925 1870 1967 conditione
1901 1925 2047 1967 vivere
2080 1939 2130 1967 ac
2162 1926 2399 1969 Romanam

221 1998 619 2050 ccclesiaingcuius
653 1996 948 2052 principaliter
980 2000 1080 2037 sunt
1110 1995 1307 2037 homines
1341 1999 1384 2037 et
1407 1995 1600 2047 vassalli,
1634 1994 1852 2036 offendere
1884 1994 2179 2050 multipliciter
2200 1999 2244 2037 et
2266 1995 2400 2037 hosti-

222 2068 319 2107 liter
363 2067 614 2121 impugnare
658 2066 890 2120 compellit.
951 2065 1103 2106 Posset
1146 2066 1275 2106 etiam
1316 2065 1467 2106 merito
1501 2063 1778 2120 reprehendi,
1825 2063 1938 2119 quod
1971 2064 2087 2106 mille
2121 2065 2403 2120 squifatorum

223 2150 406 2176 annuam
440 2135 703 2190 pensionem.
737 2135 779 2174 in
813 2148 893 2189 qua
926 2148 1002 2189 pro
1036 2133 1186 2175 eodem
1219 2147 1350 2189 regno
1383 2134 1464 2189 ipsi
1495 2133 1679 2174 ecclesie
1709 2132 1902 2174 Romane
1926 2137 2110 2186 tenetur,
2141 2147 2219 2189 per
2250 2147 2402 2175 novem

224 2218 355 2245 annes
396 2209 439 2245 et
480 2204 661 2259 amplius
704 2204 870 2244 solvere
910 2203 1184 2259 pretermisit.
1304 2201 1395 2258 (10)
1436 2201 1525 2243 Nos
1576 2203 1721 2257 itaque
1764 2215 1893 2257 super
1935 2202 2153 2257 premissis
2194 2207 2236 2244 et
2277 2216 2404 2258 quam

224 2272 417 2328 pluribus
451 2273 545 2313 aliis
580 2273 672 2313 eius
705 2272 902 2313 nefandis
936 2272 1188 2314 excessibus
1222 2286 1316 2313 cum
1349 2271 1554 2312 fratribus
1586 2271 1744 2312 nostris
1768 2275 1810 2311 et
1840 2284 1961 2312 sacro
1986 2271 2164 2313 concilio
2188 2271 2402 2313 delibera-

224 2342 336 2382 tione
377 2341 601 2396 prehabita
647 2340 865 2395 diligenti,
914 2355 1009 2382 cum
1048 2341 1150 2383 Iesu
1192 2340 1349 2382 Christi
1388 2341 1505 2382 vices
1545 2340 1648 2382 licet
1685 2339 1890 2381 immeriti
1926 2344 2152 2381 teneamus
2193 2340 2237 2381 in
2278 2340 2404 2382 terris

225 2411 430 2465 nobisque
481 2411 521 2450 in
570 2410 683 2451 beati
727 2410 845 2451 Petri
890 2411 1074 2466 apostoli
1120 2424 1306 2465 persona
1349 2410 1404 2450 sit
1450 2409 1629 2450 dietum:
1679 2408 1992 2464 ‘quodcumque
2030 2409 2234 2464 ligaveris
2276 2422 2406 2465 super

225 2478 394 2520 terram’
430 2484 523 2529 etc„
559 2484 841 2520 memoratum
874 2480 1122 2534 principem,
1156 2480 1226 2534 qui
1260 2493 1305 2520 se
1340 2479 1520 2534 imperio
1553 2482 1595 2519 et
1617 2478 1761 2532 regnis
1784 2478 1984 2533 omnique
2009 2478 2169 2519 honore
2191 2492 2241 2519 ac
2265 2477 2404 2533 digni-

225 2556 311 2590 tate
346 2548 528 2590 reddidit
560 2552 645 2589 tam
679 2548 911 2603 indignum,
946 2549 1101 2603 quique
1125 2552 1299 2604 propter
1322 2562 1421 2589 suas
1444 2547 1693 2602 iniquitates
1719 2561 1744 2588 a
1767 2546 1861 2588 Deo
1883 2561 1936 2588 ne
1958 2550 2110 2602 regnet
2133 2547 2201 2589 vel
2224 2547 2406 2602 imperet

226 2624 291 2659 cst
323 2618 538 2658 abiectus.
573 2617 658 2658 suis
690 2618 868 2672 ligatum
900 2617 1088 2672 peccatis
1120 2621 1163 2658 et
1194 2617 1410 2658 abiectum
1442 2617 1641 2671 omnique
1674 2616 1835 2657 honore
1868 2630 1916 2658 ac
1949 2615 2157 2670 dignitate
2189 2616 2402 2672 privatum

226 2703 247 2727 a
282 2686 464 2727 Domino
499 2686 777 2738 ostendimus,
812 2685 1113 2727 denuntiamus
1146 2700 1195 2727 ae
1228 2686 1530 2726 nichilominus
1565 2684 1866 2726 sententiando
1899 2684 2130 2741 privamus,
2163 2698 2310 2726 omnes
2333 2684 2406 2739 qui

227 2756 262 2796 ci
299 2756 535 2795 iuramento
570 2755 784 2796 fidelitatis
818 2759 1046 2796 tenenturg
1077 2755 1254 2804 astricti,
1287 2768 1312 2795 a
1342 2755 1580 2795 iuramento
1610 2753 1854 2795 huiusmodi
1878 2758 2085 2809 perpetuo
2115 2753 2404 2805 absolventes,

227 2825 478 2865 auctoritate
511 2825 746 2879 apostolica
778 2825 952 2864 firmiter
982 2823 1227 2874 inhibendo,
1261 2838 1313 2865 ne
1348 2824 1572 2878 quisquam
1606 2823 1807 2864 decetero
1839 2821 1949 2864 sibih
1981 2826 2198 2877 tamquam
2221 2822 2405 2878 impera-

228 2895 304 2934 tori
338 2894 404 2934 vel
437 2894 525 2948 regi
548 2899 697 2948 pareat
720 2894 786 2933 vel
818 2892 1026 2943 intendat,
1059 2897 1101 2933 et
1123 2892 1394 2933 decernendo
1427 2892 1650 2947 quoslibet,
1684 2892 1754 2947 qui
1778 2891 1981 2947 deinceps
2005 2891 2044 2933 ei
2068 2890 2195 2932 velud
2218 2891 2404 2946 impera-

228 2964 306 3003 tori
341 2968 413 3003 aut
452 2963 542 3017 regi
575 2963 798 3003 consilium
832 2963 898 3003 vel
930 2962 1138 3003 auxilium
1177 2962 1439 3016 prostiterint
1471 2975 1547 3002 seu
1578 2961 1789 3011 favorem,
1830 2961 1922 3015 ipso
1965 2959 2078 3001 facto
2111 2959 2403 3001 excommuni-

227 3033 401 3072 cationis
436 3032 603 3072 vinculc
637 3031 872 3072 subiacere.
936 3031 1003 3071 Illi
1037 3036 1201 3081 autern,
1242 3030 1295 3071 ad
1328 3044 1432 3085 quos
1465 3031 1507 3070 in
1539 3029 1690 3071 eodem
1729 3029 1907 3084 imperio
1939 3028 2208 3083 imperatoris
2242 3031 2408 3083 spectat

229 3101 394 3151 electio,
427 3102 588 3155 eligant
617 3100 749 3141 libere
781 3113 1088 3142 successorem.
1140 3099 1206 3140 De
1240 3099 1403 3154 prefato
1436 3112 1536 3140 vero
1562 3099 1708 3140 Sicilie
1741 3111 1875 3152 regno
1907 3096 2134 3152 providere
2166 3095 2409 3138 curabimus

229 3184 321 3209 cuin
356 3169 600 3210 corumdem
634 3170 811 3210 fratrum
844 3176 1086 3209 nostrorum
1120 3169 1309 3218 consilio,
1344 3169 1454 3210 sicut
1487 3168 1718 3209 viderimus
1752 3166 1972 3221 expedire.

371 3238 468 3278 Dat.
501 3239 713 3292 Lugduni,
748 3237 866 3278 XVI.
901 3237 998 3278 Kal.
1033 3237 1251 3292 Augustii,
1285 3238 1559 3292 pontificatus
1591 3236 1726 3277 nostri
1760 3249 1871 3277 anno
1906 3235 2047 3276 tertio.

366 3363 450 3397 400.
486 3364 620 3403 Zfdffiz
659 3367 691 3397 ni
725 3365 757 3395 ἰη
792 3376 927 3396 rasura.
1057 3369 1086 3405 a)
1124 3365 1253 3397 toribus
1286 3365 1321 3396 ln
1350 3376 1488 3397 rasura.
1619 3363 1650 3403 b)
1687 3374 1775 3395 corr.
1807 3373 1823 3394 e
1855 3372 2009 3403 quorum.
2140 3360 2169 3400 c)
2206 3359 2242 3391 in
2271 3370 2406 3392 rasura.

230 3428 261 3444 ¹¹*
289 3434 364 3451 rom·
401 3434 438 3453 121·
463 3423 592 3454 asserit.
688 3428 715 3460 ⁰)
743 3423 795 3453 evi
824 3422 859 3453 ιή
886 3433 1021 3454 rasura.
1117 3420 1146 3461 s)
1172 3421 1284 3453 littera
1309 3422 1318 3452 i
1341 3421 1510 3463 posterior
1537 3421 1571 3452 ln
1595 3431 1732 3452 rasura.
1826 3418 1858 3459 8)
1891 3422 2032 3450 tenetur.
2130 3414 2162 3457 ¹¹)
2189 3428 2277 3449 corr.
2302 3427 2319 3449 e
2343 3416 2408 3449 sibi

231 3480 391 3510 decutere.
509 3478 531 3518 i,
559 3491 625 3511 aust

604 3505 634 3519 Π.

2428 909 2461 934 10

2434 1250 2465 1275 15

2435 1593 2468 1618 20

2437 1940 2469 1966 25

2439 2284 2472 2310 30

2439 2628 2471 2653 35

2441 2976 2476 3001 40

2443 3364 2475 3389 45
