2558 3970
119 619 134 643 5

103 964 134 987 1⁰

103 1308 133 1333 15

99 1661 133 1686 2²⁰

99 2004 130 2030 2⁵

100 2354 133 2380 3⁰

100 2697 132 2724 35

100 3043 134 3069 40

98 3403 131 3429 45

98 3732 133 3767 ⁸50

571 215 823 249 MANi‘nEnl
855 215 993 249 nixus
1022 215 1253 249 levissem
1284 215 1346 250 An
1375 216 1616 250 uon-ixcx
1670 219 1766 252 12:55.
1819 218 1978 252 Num-1.
2293 224 2373 259 55¹.)

321 330 383 384 (l)
418 330 625 371 Armenia
658 331 834 372 celestis
869 331 1048 385 imperii,
1083 344 1159 371 sue
1195 331 1542 387 ‹·un(·tipot‹·n‹·ie
1577 333 1685 373 solio
1721 334 1890 384 singula
1924 335 2145 374 causantis
2179 335 2375 389 proprie³²

176 398 522 454 dispensacionis
555 399 743 449 arbitrio,
779 399 1109 452 magnificencie
1146 403 1289 439 nostre
1326 399 1466 440 cordis
1491 401 1664 441 auribus
1688 401 1833 442 diviua
1864 403 2148 443 instillaeione
2174 403 2373 446 insonuit,

176 472 222 508 ut
254 468 367 508 circa
399 467 616 509 salubrem
652 468 887 523 reipuplice
921 471 1080 508 statum
1113 482 1161 508 ac
1198 468 1434 522 imperialis
1469 469 1740 510 celsitudinis
1764 473 2168 524 augmentat-ionem
2203 472 2372 512 felicem

175 536 342 577 cunctis
381 537 538 578 nostris
578 537 847 578 intendamus
880 537 1061 591 vigiliis,
1104 551 1154 577 ne
1200 537 1368 591 imperii
1412 538 1581 591 singule
1625 540 1824 590 regiones
1865 554 2117 592 guerrarum
2151 540 2374 580 cunabulis

178 604 342 659 agitate
366 604 597 656 crudelius,
631 605 810 647 diversis
835 605 1089 660 langoribus
1116 619 1368 660 repercusso
1392 606 1680 660 frequencius.
1707 609 1862 648 amaris
1887 609 2203 649 calamitatibus
2229 624 2371 650 rever-

172 673 320 715 berate
352 674 560 725 atrocius,
603 675 743 729 longis
788 674 1171 730 persecucionibus
1205 675 1409 715 lacessito
1443 676 1689 716 fervent-ius
1724 691 1771 717 ac
1807 677 2065 717 sceleritatis
2101 678 2139 718 in
2175 679 2374 719 fluctibus

173 742 407 784 enormiter
438 742 646 784 diminute
680 743 931 799 depereant,
966 743 1274 797 hominumque
1310 744 1486 798 spiritus
1521 745 1670 785 salutis
1703 746 1874 800 proprie
1908 747 2165 787 inmemores
2201 762 2251 787 ex
2289 749 2373 788 fre-

171 811 406 867 queutibus
433 811 776 867 al[terc.a]eionis
810 813 1018 867 pestifere
1043 812 1232 853 motibus
1257 811 1308 852 de
1333 818 1550 853 momento
1576 814 1615 853 in
1642 821 1901 854 momentum
1929 816 2149 856 stimulati.
2185 816 2372 856 locorum

171 879 355 921 ubilibet
399 885 445 921 ut
485 894 606 926 aves,
654 881 893 936 deceptivis
938 881 1048 922 escis
1103 882 1334 936 appositis,
1380 882 1581 936 periculis
1631 883 1812 938 propriis
1861 883 1975 923 avidi
2018 892 2372 938 conquassentur.

173 949 236 1003 (2)
279 948 367 990 Nos
404 950 549 1004 itaque
589 964 636 991 os
678 950 730 992 de
770 964 866 992 osse
899 965 949 992 ac
991 965 1089 991 earo
1123 949 1175 991 de
1210 951 1368 991 carnc¹
1408 951 1708 1005 antiquissime
1742 965 1917 992 cesaree
1952 954 2198 993 monam-hie
2231 960 2372 993 atten-

174 1019 341 1071 dentes,
374 1019 560 1075 qualiter
591 1019 789 1074 pervigili
823 1018 966 1060 studio
1001 1033 1080 1060 nec
1112 1019 1254 1059 minus
1288 1019 1428 1073 longis
1461 1019 1682 1060 laboribus
1707 1018 1791 1059 divi
1825 1020 1997 1073 augusti
2024 1021 2374 1062 victoriosissime

172 1087 494 1130 recordacionis
533 1087 887 1142 magnificencieb
920 1092 1066 1129 nostre
1100 1092 1237 1143 pater,
1278 1101 1405 1136 avus,
1449 1101 1653 1142 proavuS,
1686 1092 1870 1133 attavus,
1905 1089 2135 1129 trittavus⁰
2168 1096 2211 1131 et
2245 1093 2373 1132 ceteri

170 1157 394 1214 progeniei
428 1160 573 1198 nostre
607 1156 863 1198 duodecimo
907 1171 1084 1199 numero
1121 1161 1233 1198 retro
1272 1156 1542 1212 temporibus
1576 1157 1667 1197 orbi
1711 1162 1920 1198 terrarum
1956 1158 2204 1200 felicissime
2240 1161 2372 1215 impe-

171 1231 334 1278 rantes,
366 1226 479 1268 eirca
502 1226 669 1282 imperii
693 1240 743 1268 ae
767 1227 1005 1282 reipuplice
1029 1226 1338 1282 triumphalem
1362 1230 1604 1281 promotum
1616 1225 1649 1277 ¹¹,
1683 1226 1830 1267 mundi
1855 1227 2045 1281 quietem
2069 1227 2375 1284 hominumque

171 1296 356 1337 salutem
389 1295 596 1350 singulis⁰
629 1295 886 1336 studuerunt
918 1296 1144 1347 sollerciis,
1191 1295 1442 1337 heriditario
1476 1295 1623 1337 debito
1667 1296 1860 1337 relativis
1894 1297 2113 1338 sollicitati
2147 1299 2375 1339 affectibus

171 1364 225 1406 ad
277 1364 516 1420 imperialis
562 1365 759 1406 culminis
801 1365 984 1420 gloriam
1032 1365 1280 1406 serenitatis
1329 1369 1475 1406 nostre
1518 1365 1658 1406 aciem
1699 1365 1955 1413 direximus,
1998 1371 2044 1407 ut
2084 1368 2152 1422 qui
2197 1369 2376 1423 speciali

170 1434 441 1490 prerogativa
474 1434 729 1490 imperandi,
762 1434 1116 1476 constitucioniss
1146 1434 1280 1475 infixa
1312 1435 1450 1475 forma
1481 1435 1638 1475 nostris
1672 1435 1843 1476 ossibus
1876 1450 1900 1476 a
1932 1437 2154 1491 primevog
2187 1452 2241 1478 ex
2265 1439 2374 1478 anti-

169 1517 347 1559 quorum
389 1503 699 1559 imperatorum
739 1507 889 1545 nostra
936 1504 1160 1559 prosapia,
1204 1518 1280 1559 pre
1324 1504 1483 1545 ceteris
1525 1503 1671 1544 mundi
1716 1504 1888 1559 regibus
1933 1506 2246 1560 prefulgemuS,
2292 1522 2373 1547 non

169 1577 315 1614 autem
339 1572 580 1614 accidentis
599 1573 755 1614 coloris
775 1573 1136 1628 sophisticacione
1155 1573 1466 1628 subcingimur,
1490 1573 1732 1629 imperiali¹¹
1755 1573 2015 1628 dyademate
2035 1575 2178 1616 divino
2203 1576 2375 1617 favente

169 1643 333 1684 auxilio
367 1642 552 1684 feliciter
583 1643 834 1698 gloriemur.
946 1643 1010 1697 (3)
1045 1642 1102 1684 Et
1133 1643 1234 1698 quia
1265 1643 1404 1684 tocius
1428 1647 1571 1683 nostre
1607 1643 1863 1684 intenciouis
1889 1645 2144 1685 versabatur
2170 1646 2376 1686 intencioi

169 1716 213 1754 et
245 1711 380 1754 alcius
413 1711 553 1753 nunck
587 1716 798 1764 versatur,
837 1717 883 1753 ut
914 1726 992 1768 per
1023 1716 1170 1753 nostre
1210 1713 1408 1767 potencie
1441 1712 1588 1767 apices
1630 1713 1869 1767 imperialis
1902 1713 2170 1755 celsitudinis
2205 1729 2374 1769 promo-

169 1784 323 1823 veatur
355 1781 517 1836 fastigii
549 1782 771 1833 meritum,
804 1786 852 1823 ut
883 1781 1031 1823 mundi
1063 1782 1312 1823 fluctuantis
1345 1781 1547 1837 exposcit
1579 1782 1868 1832 neccessitas,
1902 1796 1951 1823 ac
1982 1782 2088 1823 felix
2121 1796 2259 1837 genus
2292 1784 2375 1824 rci—

168 1851 340 1907 puplice
362 1850 656 1893 Romanorum
680 1851 861 1906 singulis
885 1855 1150 1907 preponatur
1172 1851 1286 1893 orbis
1308 1851 1578 1902 nacionibus,
1613 1855 1658 1891 ut
1693 1851 1838 1905 legum
1863 1850 2097 1892 demandat
2118 1853 2375 1893 auctoritas:

169 1920 355 1962 ecclesie
387 1919 585 1962 Romane
617 1919 846 1976 cupiditas,
878 1920 1091 1976 siquidem
1124 1920 1242 1962 nullo
1277 1920 1491 1972 eaventc¹,
1525 1934 1607 1976 que
1641 1919 1720 1961 sub
1754 1920 1937 1962 honeste
1963 1922 2176 1962 castitatis
2199 1927 2376 1977 aspectu

171 1989 512 2045 humilitatisque
553 1990 652 2031 ficto
685 1990 900 2032 velamine
942 1991 1069 2046 pellis
1110 1989 1456 2031 mansuetudinis
1495 2004 1541 2031 se
1581 1989 1774 2031 indutam
1815 1990 2047 2031 ostendens
2088 1992 2375 2046 superficiem,

168 2059 247 2100 inm
288 2063 440 2115 aperto
473 2059 708 2101 vicariam11
751 2073 797 2101 se
842 2059 1010 2101 intonat
1054 2059 1204 2100 christi
1235 2058 1341 2109 Dei,
1386 2058 1502 2100 aliud
1543 2059 1585 2099 in
1618 2058 1868 2100 calendario
1902 2074 1977 2100 sue
2011 2061 2169 2101 mentis
2201 2060 2374 2101 clande-

167 2129 308 2170 stino⁰
339 2129 488 2170 incolit
520 2133 564 2170 et
596 2128 814 2181 observat,
847 2142 932 2170 non
965 2128 1197 2170 attendens
1230 2128 1345 2183 quod
1378 2128 1583 2183 scriptum
1617 2132 1683 2169 est
1716 2127 1895 2183 ‘diligite
1928 2129 2146 2170 iusticiam
2170 2131 2240 2185 qui
2265 2129 2374 2171 iudi-

169 2197 274 2239 catis
297 2196 470 2239 terram'
503 2201 548 2239 et
570 2198 726 2240 iterum
760 2198 810 2239 ‘si
835 2212 935 2239 vere
958 2198 1134 2252 utiquep
1160 2197 1373 2239 iusticiam
1399 2197 1640 2252 loquimini,
1674 2198 1788 2239 iuste
1812 2198 2001 2240 iudicate
2028 2198 2101 2239 filii
2125 2198 2374 2241 hominum‘:

169 2270 236 2309 set
274 2266 541 2309 solummodo
585 2267 782 2323 acceptiq
822 2267 956 2308 nostri
998 2266 1193 2308 thesauri
1236 2280 1358 2307 suam
1406 2266 1566 2307 elatam
1607 2265 1890 2322 degluviemr,
1932 2272 2079 2308 nostre
2119 2268 2375 2309 intencionis

168 2336 274 2378 felix
307 2336 573 2392 propositum
613 2336 850 2392 reipuplice
890 2334 1238 2390 augmentandes
1276 2334 1531 2390 perturbare
1565 2335 1780 2391 disposuit
1819 2341 1862 2377 et
1902 2337 2099 2391 nequiter
2131 2338 2374 2378 attentavit.

168 2405 393 2447 Invocavit
424 2419 611 2461 namque
654 2405 787 2462 impia
818 2406 893 2447 illa
926 2408 1077 2456 mater,
1118 2404 1340 2445 novercali
1373 2403 1513 2445 abusu
1548 2418 1632 2445 non
1669 2408 1813 2446 autem
1850 2406 2013 2460 pietate
2049 2410 2245 2447 materna
2276 2421 2373 2461 pro-

168 2474 342 2524 cedens,
375 2489 453 2530 per
484 2475 709 2516 universas
742 2474 890 2516 Ytalie
924 2475 1126 2530 regiones
1160 2475 1298 2516 tocius
1333 2489 1411 2516 sue
1445 2476 1647 2530 potencie
1681 2480 1918 2531 apparatus
1953 2477 2264 2531 cuiuscumque
2298 2492 2373 2531 ge-

168 2544 284 2586 neris
317 2548 361 2585 et
390 2544 578 2596 honoris,
611 2548 658 2585 ut
689 2544 879 2585 avaricie
915 2558 991 2585 sue
1024 2544 1217 2600 yatibus,
1249 2545 1494 2599 inregulate
1529 2544 1780 2599 cupiditatis
1817 2545 2044 2587 affectibus
2078 2560 2127 2586 ac
2151 2546 2375 2587 irruentist

167 2613 431 2669 apparencie
466 2645 607 2656 .....
610 2620 629 2638 ¹¹
661 2613 887 2655 conatibus
921 2613 1171 2655 hereditarii
1203 2614 1325 2669 regni
1356 2614 1493 2655 nostri
1526 2614 1720 2669 singulos
1745 2614 2001 2670 aperiendos
2034 2615 2262 2656 thesauros
2289 2614 2372 2670 suii

169 2681 406 2739 barathri]v
436 2687 647 2738 guttureW
678 2682 951 2735 detruderet,
994 2687 1041 2724 ut
1080 2683 1241 2725 assolet
1282 2682 1359 2724 ubi
1391 2687 1557 2738 potest,
1597 2697 1682 2725 non
1716 2683 1956 2725 observans
1989 2683 2373 2738 gloriosissimamx

171 2750 375 2808 [Christiy
406 2750 598 2808 hu]milis
636 2751 917 2807 benignitatis
950 2751 1214 2805 doctrinam,
1255 2753 1378 2794 cuius
1411 2767 1457 2795 se
1490 2752 1595 2793 dicit
1626 2767 1778 2808 gerere
1813 2753 2037 2804 vicariam,
2080 2753 2152 2808 qui
2185 2767 2371 2808 pauper-

168 2825 300 2863 tatem
334 2821 519 2876 diligens
554 2821 641 2863 suis
675 2822 737 2863 ait
767 2821 1009 2877 discipulis:
1043 2821 1230 2863 ‘vendite
1271 2822 1442 2876 singula
1470 2835 1551 2877 que
1580 2821 1811 2877 possidetis
1839 2826 1883 2864 et
1911 2822 2010 2863 date
2040 2821 2373 2869 eleniosina111‘²;

167 2894 236 2932 set
267 2904 386 2931 more
409 2889 556 2944 angeli
579 2890 683 2931 elati
706 2891 924 2932 ruinosam
948 2892 1195 2946 superbiam
1224 2891 1455 2933 incolentis
1481 2892 1556 2932 ait:
1592 2891 1903 2947 ‘possideamus
1928 2891 2010 2933 hec
2034 2892 2205 2932 omniaa
2239 2905 2374 2946 regna

166 2959 282 3014 regis
324 2963 368 3000 et
407 2959 461 3000 ab
504 2959 704 3013 aquilone
748 2959 899 3002 sedem
941 2964 1133 3002 nostram
1175 2960 1219 3001 in
1261 2974 1395 3015 regno
1429 2960 1623 3015 Apulieb
1657 2965 1728 3001 ut⁰
1770 2961 1860 3015 regi
1904 2961 1992 3001 filio
2027 2992 2238 3002 .......
2263 2959 2372 3000 nus‘l

168 3028 330 3070 similes
360 3026 660 3084 imponamus’.
752 3028 813 3083 (4)
845 3028 939 3071 Nec
973 3029 1130 3085 quippe
1162 3029 1258 3085 ipsa
1288 3028 1487 3070 Romana
1520 3029 1705 3071 ecelesia
1737 3030 1779 3070 in
1811 3029 1931 3071 Petri
1966 3034 2089 3085 petra
2121 3027 2371 3085 hedifica[ta

303 3164 390 3201 424.
422 3167 454 3208 a)
479 3168 553 3201 loco
584 3169 757 3201 causantis
789 3169 921 3212 proprie
946 3168 1092 3211 Pipinus
1116 3169 1224 3201 vitale:
1259 3169 1427 3202 concessit
1451 3179 1548 3211 pape.
1668 3166 1700 3209 b)
1729 3169 1964 3201 manificencie
1989 3168 2039 3209 P;
2072 3168 2309 3200 muniticencie
2336 3167 2373 3200 C'.

166 3226 197 3267 ⁰)
228 3230 388 3268 aetavus,
420 3226 585 3258 trietavus
611 3226 684 3259 eorl.
711 3226 837 3258 similia
858 3227 1068 3268 plerumque.
1188 3225 1220 3268 d)
1256 3227 1525 3269 promotionem?
1655 3226 1684 3265 υ>
1723 3226 1979 3269 singularibus?
2097 3223 2130 3268 f)
2165 3225 2296 3258 medela
2321 3225 2371 3256 ι’)ι-

165 3283 355 3326 sufficiens;
390 3284 604 3316 constituunt
629 3295 675 3322 c.,·
711 3284 888 3317 constituti
912 3284 1051 3317 coniecit
1077 3285 1112 3317 C.
1253 3284 1287 3325 g)
1313 3285 1467 3327 primeva
1493 3283 1528 3316 (2¹.
1670 3282 1704 3325 l¹)
1731 3289 1768 3316 ut
1794 3283 1959 3326 imperiali
1985 3296 2011 3314 c.
2147 3281 2155 3305 i
2160 3289 2171 3324 )
2198 3283 2374 3315 attcncio‘!

166 3337 201 3383 k)
227 3351 290 3373 nec
317 3340 352 3373 Ο.
466 3339 491 3382 1)
516 3346 654 3374 carente
679 3353 705 3374 c.
822 3340 865 3383 m)
891 3342 939 3374 sic
965 3341 1008 3380 C';
1040 3342 1219 3385 superficie
1244 3353 1322 3374 cum
1348 3342 1407 3374 sed
1431 3341 1590 3374 dubitans
1617 3340 1656 3372 P.
1774 3340 1808 3382 n)
1834 3341 1998 3373 vicarium
2029 3341 2063 3372 C.
2181 3340 2212 3381 0)
2238 3340 2371 3372 clande-

167 3397 253 3430 stine
279 3397 315 3431 O.
408 3396 443 3441 P)
469 3399 584 3440 itaque
608 3399 649 3432 P.
754 3397 788 3441 q)
813 3399 957 3442 accepiti
981 3398 1029 3437 P;
1063 3424 1070 3431 .
1089 3424 1096 3431 .
1116 3424 1123 3431 .
1149 3400 1210 3442 piti
1237 3400 1272 3432 C.
1380 3398 1409 3441 r)
1434 3397 1648 3441 ingluviem?
1751 3398 1779 3439 s)
1811 3398 2091 3440 augumentando
2117 3410 2144 3429 c.
2239 3396 2265 3438 t)
2299 3397 2372 3429 loco

164 3455 344 3488 affectibus
368 3466 410 3488 ac
434 3456 596 3489 irruentis
623 3456 666 3490 O.-
689 3467 729 3489 ac
748 3481 756 3489 .
774 3482 781 3488 .
802 3482 809 3489 .
827 3457 926 3489 entis.
1035 3455 1069 3498 ¹²)
1095 3456 1189 3489 locus
1213 3468 1283 3489 non
1309 3456 1466 3499 leyibilc's;
1491 3455 1627 3488 effrenis
1653 3455 1792 3488 coniecit
1814 3455 1854 3487 P.
1966 3455 2000 3496 v)
2032 3467 2059 3487 si
2087 3456 2239 3497 {esserunt
2263 3454 2301 3487 P.
2331 3454 2372 3491 (J,-

165 3512 219 3544 sui
243 3513 394 3546 barathri
419 3513 505 3546 coni.
531 3513 572 3546 P.
689 3513 730 3555 w)
759 3518 905 3556 gucture
930 3513 980 3555 P,·
1007 3539 1014 3547 .
1034 3538 1041 3546 .
1068 3518 1189 3546 ucture
1217 3513 1252 3546 C.
1376 3514 1410 3554 X)
1435 3513 1670 3555 gloriosissimi
1697 3511 1733 3544 0.
1851 3513 1883 3553 5)
1910 3512 1996 3544 coni.
2023 3512 2070 3551 P‚·
2103 3513 2241 3545 Domini
2266 3512 2371 3544 nostri

165 3569 250 3602 coni.
277 3569 314 3603 O.
431 3569 461 3611 z)
488 3570 728 3604 eleemosinam
756 3571 800 3613 C'‚·
829 3571 1040 3614 pauperibus
1064 3571 1150 3604 coni.
1176 3571 1218 3604 P.
1335 3570 1366 3611 a)
1398 3582 1468 3602 non
1492 3570 1612 3602 lectum
1637 3581 1660 3600 a
1684 3569 1725 3601 P.
1843 3567 1875 3610 b)
1900 3570 2129 3611 supplendum
2152 3569 2285 3602 videtur
2310 3569 2372 3601 eri·

165 3638 296 3669 gamus.
402 3626 432 3669 c)
458 3638 500 3660 ac
525 3626 560 3660 Ο.
657 3626 688 3670 (1)
717 3654 725 3661 .
743 3653 752 3661 .
771 3653 779 3661 .
800 3626 834 3661 11³
861 3629 910 3665 P,·
928 3634 1008 3670 post
1032 3629 1102 3662 filio
1127 3629 1356 3671 supplendum
1381 3639 1449 3661 esse
1476 3627 1687 3670 imperatoris
1711 3637 1769 3659 seu
1793 3627 1918 3660 cesaris
1940 3633 2041 3670 patet.

305 3729 340 3772 1)
367 3727 419 3770 C'f.
447 3727 534 3763 Gen.
552 3733 584 3772 2,
597 3732 648 3763 23.

2398 2150 2464 2182 Sap.
2485 2151 2545 2179 1,1.

2399 2218 2444 2243 vs.
2460 2218 2501 2247 517,
2517 2220 2541 2243 2.

2395 2838 2464 2865 Ι,ιι(·.
2483 2843 2523 2871 12,
2536 2842 2557 2865 3.·
