2558 3970
108 904 139 928 10

106 1254 138 1279 15

107 1604 140 1630 20

106 1948 138 1974 2⁵

109 2301 142 2326 ³0

111 2653 142 2679 35

666 147 908 182 FRlDER-ICI
937 148 978 181 Il.
1005 148 1437 184 (roNs'l'lTUTlomls.
1493 151 1588 184 1243.
1640 152 1703 187 ΝΥ.
1722 152 1800 186 241.
1828 151 1904 185 242.
2301 156 2372 193 331

177 264 414 304 rebellione
462 269 612 317 captus
658 263 849 303 extiterit
892 264 1076 304 civitatis
1120 265 1335 306 ciusdem.
1384 280 1464 305 non
1513 282 1564 306 vx
1608 267 1684 306 lim·
1728 268 1928 322 princeps
1963 268 2052 321 ipse
2089 269 2199 308 iusta
2234 275 2380 323 posset

177 333 480 373 ammiratione
513 333 691 372 moveri.
755 332 1067 373 V‹·1-u¹ntan10n
1104 334 1137 373 si
1173 334 1343 374 ostendi
1378 335 1531 388 poterit
1567 350 1706 375 voram
1744 336 1889 377 nobis.
1924 337 2034 390 quod
2070 338 2233 377 ratione
2267 338 2380 391 pacti

177 402 244 442 vel
279 401 575 456 promissionis
609 401 790 441 alicuius
824 401 982 441 debeat
1017 401 1205 444 liberari.
1239 417 1369 457 super
1403 403 1481 443 hoc
1515 404 1624 457 quod
1664 404 1916 445 debebimus
1953 406 2174 445 faciemus.

322 474 386 530 (3)
421 476 624 517 Ueterum
660 490 734 516 nos
761 476 1021 516 venerabilis
1056 477 1199 516 fratris
1235 478 1367 517 nostri
1405 478 1721 532 arcliiepisvopi
1751 478 1992 531 Maguntini
2024 480 2195 519 nuntios
2222 480 2382 520 ilai-iter

176 546 395 600 recepisse
427 559 476 585 ac
511 545 549 585 ei
582 545 851 585 commisisse
886 545 1114 599 legationis
1149 546 1368 586 officium¹
1405 547 1629 600 nullosque
1655 546 1807 587 audire
1848 549 1884 587 in
1914 549 2073 589 iustitia
2099 556 2245 589 contra
2270 564 2381 593 eum,

174 615 216 654 in
250 614 561 668 querimoniam
595 614 795 669 princeps
831 614 921 669 ipse
955 613 1142 654 deducit.
1207 614 1291 654 Sed
1328 629 1423 654 cum
1461 615 1572 655 idem
1603 615 1961 671 ai·‹·liiepisc‹›pus
1988 632 2169 671 magnus
2193 618 2381 658 ecclesi«¹

174 682 257 724 Dei
291 683 483 738 prelatus
517 687 748 736 tantusque
782 683 981 737 princeps
1015 683 1177 723 existat
1212 689 1253 723 et
1288 684 1366 737 ipsi
1397 684 1582 724 ecclesie
1615 691 1700 724 tani
1727 684 1925 727 devotus.
1959 687 2197 737 gundvinus
2223 688 2381 741 utiquc.

175 753 209 793 si
248 765 375 806 quem
423 752 461 792 ei
503 751 710 793 honorem
752 750 1059 806 impendimus,
1108 766 1234 806 quein
1279 753 1408 793 etiam
1452 753 1730 807 proponimus
1771 760 1945 794 auctore
1981 754 2163 795 Domino
2197 756 2382 811 amplius

174 821 398 862 honorare.
473 820 614 876 Super
659 821 820 861 iustitia
861 825 1006 861 tamen
1050 825 1194 861 contra
1241 822 1381 876 ipsum
1416 836 1439 861 a
1482 822 1600 861 nobis
1643 823 1858 876 aliquibus
1900 824 2115 874 denegata
2160 840 2234 864 nos
2280 840 2379 864 con-

177 890 356 931 scientia
401 903 485 930 non
534 889 769 934 remordet.
816 903 911 930 cum
961 890 1078 930 illam
1122 890 1395 931 intendamus
1442 891 1692 946 petentibus
1739 892 1932 947 plenarie
1974 898 2120 933 contra
2167 894 2382 947 quoslibet

174 958 398 1000 exhibere.
462 958 529 999 Ad
563 958 840 1000 devotionem
882 963 1026 1000 autem
1072 959 1278 1014 principis
1322 960 1547 1000 memorati
1583 959 1745 1000 dictum
1791 961 2166 1016 archiepiscopum
2202 967 2244 1002 et
2278 963 2383 1002 alios

173 1027 335 1068 amicos
376 1027 560 1069 ecclesie
605 1027 789 1068 libenter
836 1027 1043 1068 reducere
1086 1041 1357 1070 curaremus,
1404 1028 1437 1067 si
1483 1028 1535 1068 ad
1574 1028 1841 1070 reddendum
1877 1030 1958 1085 ipsi
1994 1031 2173 1070 ecclesie
2208 1031 2382 1084 suisqu(¹

174 1095 340 1138 devotis
374 1111 525 1152 pacem
560 1095 749 1137 debitam
785 1100 827 1137 et
859 1096 1118 1137 servandum
1153 1097 1336 1137 candem
1370 1097 1560 1138 animum
1595 1098 1836 1139 inclinaret.

320 1170 385 1228 (4)
427 1171 576 1213 Habet
614 1171 790 1226 insuper
829 1171 1024 1212 eiusdem
1060 1172 1313 1226 conquestio
1357 1173 1578 1228 principis,
1621 1173 1734 1227 quod
1768 1174 1808 1214 in
1844 1173 1985 1214 odium
2020 1175 2083 1214 sui
2119 1180 2160 1215 et
2194 1176 2380 1216 favorem

176 1240 322 1282 dilecti
354 1241 430 1282 filii
464 1240 617 1282 nobilis
651 1240 729 1280 viri
763 1273 771 1282 .
798 1273 807 1281 .
842 1240 1006 1281 comitis
1039 1240 1298 1282 Provincie²
1332 1274 1372 1282 ..
1407 1242 1692 1282 Avinionensi
1728 1243 1895 1283 electo³
1930 1244 2158 1298 legationis
2194 1244 2380 1285 officium

174 1311 215 1352 in
248 1310 332 1352 illis
365 1310 560 1366 partibus
594 1309 796 1350 duximus
831 1309 1202 1351 committendum.
1258 1310 1344 1352 Sed
1367 1310 1462 1352 Deo
1496 1315 1608 1353 teste
1643 1312 1803 1352 nullam
1841 1319 1941 1352 tunc
1975 1312 2027 1353 de
2063 1313 2256 1368 principe
2295 1314 2384 1368 ipso

173 1379 330 1421 fecisse
375 1380 647 1420 meminimus
689 1379 980 1429 mentionem,
1030 1393 1125 1420 cum
1166 1380 1415 1435 specialiter
1447 1386 1597 1422 contra
1641 1381 1859 1422 hereticos
1894 1387 1937 1422 et
1970 1382 2160 1423 fautores
2195 1383 2382 1437 ipsorum

173 1449 435 1504 legationem
469 1448 651 1490 eandem
686 1447 740 1489 ad
763 1448 943 1489 fratrum
968 1448 1298 1490 predicatorum
1321 1449 1588 1501 instantiam,
1625 1451 1694 1505 qui
1719 1456 1896 1506 propter
1918 1450 1999 1491 hoc
2023 1451 2075 1491 ad
2101 1451 2382 1506 apostolicam

174 1518 323 1560 sedem
355 1517 408 1559 de
442 1518 636 1574 partibus
670 1517 835 1559 eisdem
867 1522 1167 1567 accesserant,
1203 1518 1342 1560 electo
1375 1519 1691 1560 iniunxerimus
1725 1519 1953 1562 antedicto.
2017 1520 2163 1561 Parati
2198 1520 2378 1561 nichilo-

175 1587 313 1628 minus
354 1601 501 1628 sumus
541 1600 616 1642 pro
656 1586 808 1628 eodem
852 1588 1006 1628 comite
1048 1602 1124 1629 sue
1165 1587 1405 1629 devotionis
1439 1588 1717 1643 exigentibus
1757 1589 1921 1630 meritis
1957 1589 2085 1630 etiam
2121 1589 2172 1629 ad
2206 1590 2383 1631 maiora.

319 1661 384 1718 (5)
409 1662 502 1704 Nec
524 1663 635 1703 iuste
655 1661 827 1717 quidem
852 1663 975 1717 argui
999 1676 1241 1718 possumus,
1266 1663 1380 1718 quod
1403 1668 1553 1704 contra
1576 1669 1762 1705 remotos
1788 1664 2020 1713 hereticos,
2045 1665 2214 1705 omissis
2236 1665 2380 1720 proxi-

174 1732 268 1783 mis,
301 1730 563 1773 Lombardie
598 1731 801 1772 videlicet
833 1735 875 1772 et
907 1731 1077 1783 Tuscie,
1112 1731 1414 1787 procedamus.
1477 1732 1589 1774 Nam
1613 1733 1723 1773 sicut
1747 1734 1935 1773 omnium
1959 1734 2050 1775 fere
2074 1738 2195 1774 tenet
2218 1735 2387 1778 notitia.

174 1800 374 1842 Romana
406 1800 595 1843 ecclesia
626 1800 788 1855 ubique
822 1804 1032 1841 terrarum
1066 1805 1166 1842 ante
1201 1805 1338 1842 ortam
1372 1802 1484 1842 inter
1516 1802 1655 1856 ipsam
1680 1807 1722 1843 et
1746 1802 1983 1857 principem
2010 1802 2194 1843 eundem
2219 1802 2383 1843 discor-

176 1869 288 1912 diam
323 1875 572 1912 constanter
601 1869 951 1926 persequebatur
982 1869 1219 1911 hereticam
1251 1870 1524 1925 pravitatem,
1559 1876 1602 1912 et
1638 1885 1688 1912 eo
1721 1871 1874 1911 fortius
1908 1871 1950 1911 in
1978 1872 2132 1923 vicino,
2166 1886 2250 1926 quo
2284 1871 2387 1912 inibi

178 1939 345 1981 ratione
382 1939 714 1995 propinquitatis
755 1938 925 1979 facilius
966 1943 1010 1979 et
1050 1938 1222 1994 plenius
1261 1940 1347 1980 vim
1391 1953 1467 1981 sue
1509 1940 1782 1981 auctoritatis
1834 1945 2006 1995 poterat
2047 1953 2267 1982 exercere.
2331 1941 2389 1980 At

173 2012 401 2064 postquam
432 2008 634 2064 princeps
668 2007 782 2049 idem
816 2007 1048 2049 ecclesiam
1081 2008 1219 2063 ipsam
1244 2008 1360 2063 cepit
1382 2009 1640 2064 opprimere,
1675 2009 1734 2050 sic
1760 2008 1950 2064 undique
1975 2009 2087 2050 vires
2109 2009 2202 2050 eius
2227 2009 2386 2050 artavit

174 2079 353 2134 viasque
384 2078 613 2133 preclusit,
653 2076 767 2133 quod
800 2077 1056 2133 impugnare
1089 2077 1349 2132 pravitatem
1382 2078 1522 2133 ipsam
1555 2083 1600 2119 et
1632 2078 1846 2120 catholice
1881 2078 1982 2120 fidei
2015 2083 2057 2119 et
2091 2078 2384 2120 ecclesiastice

173 2146 388 2190 libertatis
422 2151 701 2202 augmentum
734 2161 783 2188 ac
815 2147 1000 2187 salutem
1034 2146 1240 2197 fidelium,
1274 2152 1402 2203 prout
1435 2147 1641 2203 oportuit,
1675 2161 1906 2202 procurare
1941 2147 2151 2202 nequivit.

320 2221 384 2277 (6)
418 2221 489 2262 Ad
527 2221 608 2263 hoc
650 2221 851 2277 princeps
892 2222 986 2277 ipse
1019 2222 1163 2262 mirari
1202 2236 1286 2263 non
1318 2221 1468 2274 debet,
1513 2223 1547 2263 si
1589 2236 1687 2263 suos
1720 2236 1805 2263 non
1837 2222 2090 2263 admisimus
2124 2222 2298 2262 nuntios
2333 2219 2384 2261 ad

176 2295 365 2332 nostram
410 2291 673 2346 presentiam
721 2290 1006 2342 destinat0s4,
1063 2305 1158 2332 cum
1207 2305 1425 2346 nunquam
1472 2291 1696 2332 Romanus
1746 2292 1940 2347 pontifex
1989 2290 2386 2331 excommunicatos

176 2360 364 2402 scienter
396 2360 589 2416 recipiat,
624 2363 855 2415 antequam
879 2360 1162 2401 absolutionis
1194 2360 1454 2402 beneficium
1486 2361 1608 2401 iuxta
1632 2360 1813 2401 formam
1838 2360 2022 2401 ecclesie
2053 2362 2385 2414 consequantur.

175 2428 368 2471 Insistite
400 2429 532 2484 igitur
565 2428 768 2470 studiosis
802 2428 1180 2473 exhortationibus
1214 2428 1327 2484 apud
1361 2443 1474 2481 eum,
1509 2434 1554 2470 ut
1586 2429 1639 2470 de
1674 2443 1753 2470 sua
1791 2430 1931 2470 salute
1959 2429 2144 2469 sollicite
2176 2428 2386 2482 cogitanS,

175 2499 378 2540 universo
426 2498 586 2554 populo
631 2498 864 2540 christiano
905 2498 958 2540 de
997 2499 1116 2554 pacis
1158 2498 1470 2554 tranquillitate
1511 2498 1740 2554 provideat
1783 2503 1825 2539 et
1871 2512 2007 2547 arma,
2050 2512 2132 2552 que
2177 2496 2385 2537 adversus

178 2567 407 2609 ecclesiam
430 2568 723 2609 irreverenter
750 2567 1000 2623 assumpsit,
1034 2571 1185 2608 contra
1214 2567 1444 2617 hereticos,
1479 2568 1778 2609 schismaticos
1802 2567 1994 2621 aliosque
2018 2566 2211 2606 inimicos
2236 2564 2382 2605 ortho-

179 2636 289 2678 doxe
321 2636 421 2678 fidei
461 2651 516 2679 ex
549 2638 795 2679 reverentia
832 2637 952 2678 filiali
985 2641 1221 2679 convertat.
1287 2636 1358 2678 Sic
1391 2638 1504 2679 enim
1537 2652 1562 2678 a
1594 2650 1639 2678 se
1680 2637 1832 2677 iudicis
1878 2636 2221 2690 indignationem
2255 2647 2384 2689 supc-

175 2705 301 2746 rioris
334 2710 564 2757 averteret,
598 2706 670 2762 qui
702 2720 1012 2762 nonnunquam
1046 2707 1087 2747 in
1121 2708 1311 2762 presenti
1347 2706 1696 2761 delinquentium
1731 2705 1879 2760 culpas
1911 2704 2064 2759 punire
2099 2702 2195 2744 ideo
2219 2707 2384 2757 preter—

177 2775 319 2826 mittit,
352 2780 399 2817 ut
430 2775 526 2816 illas
559 2777 602 2817 in
634 2775 777 2818 futuro
811 2777 985 2831 gravius
1018 2777 1268 2827 ulciscatur,
1305 2781 1348 2818 et
1381 2776 1530 2818 sedem
1554 2776 1835 2831 apostolicam
1860 2775 1968 2817 adeo
1993 2774 2073 2815 sibi
2101 2774 2386 2814 constitueret

176 2843 459 2887 favorabilem
494 2850 537 2887 et
568 2846 817 2901 benignam,
851 2851 897 2887 ut
929 2847 973 2886 in
1005 2846 1108 2888 hiis.
1143 2859 1225 2901 que
1258 2846 1464 2901 principis
1497 2846 1631 2900 ipsius
1664 2845 1872 2886 honorem
1906 2843 2157 2899 respiciunt.
2192 2841 2387 2882 studeret

180 2914 272 2955 eius
305 2914 521 2956 desideria
555 2916 794 2971 prevenire.
856 2914 1023 2962 Quodsi
1056 2914 1164 2955 forte
1200 2928 1245 2955 se
1275 2914 1584 2955 monitionibus
1609 2915 1763 2955 vestris
1789 2918 1875 2953 tam
1902 2911 2144 2953 salubribus
2171 2910 2386 2950 humiliter

180 2996 265 3023 non
294 2983 487 3035 inclinet,
519 2984 715 3025 volumus
749 2988 792 3025 et
824 2984 1091 3039 presentium
1116 2983 1235 3024 vobis
1269 2983 1526 3024 auctoritate
1560 2981 1829 3030 mandamus,
1865 2981 2066 3036 quatinus
2091 2979 2143 3020 ad
2174 2992 2250 3019 nos
2283 2992 2381 3033 pro-

179 3051 292 3092 tinus
324 3052 526 3094 redeatis

321 3120 423 3164 Dat.
454 3121 669 3177 Anagnie,
702 3121 804 3162 VII.
837 3121 1061 3163 Kalendas
1096 3120 1381 3176 Septembris,
1415 3135 1527 3162 anno
1562 3121 1710 3176 primo.

181 3299 284 3344 242.
322 3302 701 3345 INNOCENTII
715 3302 796 3344 IV.
830 3301 1139 3344 EPISTULA
1161 3302 1413 3344 ALTERA
1435 3300 1523 3343 AD
1554 3300 1603 3341 N
1607 3298 1827 3342 UNTIOS
1855 3297 2016 3340 SUOS.
2067 3300 2191 3341 1243.
2220 3299 2384 3351 Sept.2.

322 3383 368 3424 E
394 3382 581 3436 Reyz'stri
611 3386 715 3424 tomo
742 3383 778 3433 I,
802 3383 855 3423 15
897 3382 966 3423 lib.
990 3382 1027 3433 I,
1052 3383 1107 3423 93
1144 3382 1257 3423 dedit
1293 3381 1430 3424 Perta.
1472 3406 1522 3410 ——
1566 3380 1810 3433 Rodenbery
1840 3379 1903 3429 ΙΙ,
1942 3392 2006 3419 nr.
2029 3380 2099 3419 20.
2160 3378 2386 3420 Hzcillarcl-

182 3450 402 3494 Bre'holles
430 3451 504 3503 VI,
528 3453 622 3493 118.
685 3451 1053 3493 Pottlzast11121.
1113 3450 1275 3503 Beryer
1297 3452 1364 3492 93.
1426 3449 1621 3499 Ralmzer,
1654 3448 1753 3501 Ray.
1788 3448 1883 3500 imp.
1923 3447 1962 3497 V,
1987 3448 2112 3490 7397.

2028 3515 2100 3569 (P.
2122 3518 2242 3567 344.)

320 3613 354 3656 1)
383 3611 442 3646 De
466 3611 583 3655 officio
607 3611 809 3657 leyationis,
843 3622 911 3655 quo
938 3610 1102 3654 Sifridus
1128 3611 1202 3645 III.
1226 3621 1302 3644 mm
1326 3613 1410 3644 ante
1435 3613 1572 3643 a.1249
1595 3608 1741 3650 functus
1765 3607 1824 3650 sit,
1858 3618 1887 3642 v.
1915 3606 2120 3651 Rodenber9
2140 3617 2177 3650 p.
2199 3611 2240 3641 10
2264 3608 2334 3639 not.
2353 3610 2383 3638 2.

182 3666 218 3711 2)
245 3667 448 3703 Raimmzdi
474 3669 683 3713 Berenyarii
708 3669 776 3703 IV.
893 3669 929 3712 3)
954 3669 1061 3703 Ζοέη.
1180 3669 1217 3710 4)
1246 3667 1300 3710 Cf.
1330 3666 1467 3707 Ficker‚
1493 3666 1656 3710 Bohmer,
1686 3665 1768 3709 Req.
1797 3664 1876 3708 imp.
1902 3664 1941 3708 V,
1959 3664 2080 3699 337211.

2039 3726 2110 3760 42*
