2558 3970
219 183 297 220 204
694 175 935 210 FRIDERICI
961 175 1004 208 II.
1034 172 1462 208 CONSTITUTIONES.
1516 172 1612 207 1232.
1660 172 1723 206 Nr.
1745 172 1818 206 166.
1846 172 1918 206 167.

639 322 738 363 166.
780 319 1261 361 PROPOSH‘IONES
1304 317 1757 360 FARDINALIUM.
1809 318 1982 370 (Mart.)

363 404 576 456 ngleoztm·
606 402 642 445 ii
669 403 708 441 in
735 401 925 453 Ii‘eqae'stro
951 399 1144 451 Grcqorii
1160 399 1242 439 IX.
1269 399 1445 439 insertae
1467 398 1744 448 commi-omisso?
1763 398 2034 438 instrmnento
2052 396 2397 449 (infram·.168)‚

220 488 237 513 c
269 486 346 524 qno
387 473 467 511 iam
510 470 636 511 edidit
669 469 827 510 Sat-ioli
858 468 1034 509 ‘Annali
1064 467 1296 519 Roloyncsi'
1330 467 1417 515 ΙΙΙ,
1439 468 1477 515 2,
1502 466 1604 515 115;
1637 466 1679 519 2)
1715 466 1759 505 in
1787 464 1914 506 Libro
1937 464 2110 514 Poteris,
2141 465 2212 506 ubi
2233 465 2398 506 lemma:

220 540 477 594 Exemplum
514 537 794 592 capitulorum
827 537 948 576 nobis
973 536 1116 576 datum
1152 549 1227 590 per
1250 535 1510 583 cardinales,
1545 548 1673 588 super
1705 534 1857 588 quibus
1889 533 2011 573 nobis
2043 532 2201 582 dicunt,
2234 537 2280 574 ut
2304 547 2398 574 cum

223 609 478 663 imperatore
503 605 736 646 debeamus
759 606 901 645 facere
926 618 1095 659 pacem:
1127 603 1254 643 edidit
1279 602 1491 643 Valentini
1511 616 1551 653 2).
1573 604 1646 651 75:
1678 601 1721 656 3)
1749 602 1791 641 in
1813 601 2048 642 ,Muratore'i
2068 601 2402 652 Antiquitatibus

221 676 381 717 Italiae}
408 675 437 714 Ι
444 674 484 715 l'.
507 675 587 713 3:27
625 674 800 713 1'12sc›·fa‹=
828 672 1105 723 compromissi
1136 672 1417 719 instrumento,
1449 671 1557 723 qnod
1586 671 1816 710 continetur
1838 670 1884 710 in
1904 669 2078 709 arbitrio
2104 669 2296 721 Grcqorii
2317 668 2399 711 IX.

220 745 275 785 ml
312 747 480 784 rectores
512 742 724 783 Societatis
763 741 857 781 dato
897 755 935 781 (ι.
964 742 1083 780 1233.
1125 740 1221 783 lem,
1247 743 1282 789 ἦ,
1330 740 1371 778 in
1414 742 1665 780 transmeato
1708 738 1909 779 talmlarii
1949 736 2136 777 Estensis
2174 739 2405 787 asscrvat0;

228 827 257 853 r.
293 812 405 863 infra
441 824 503 851 nr.
529 813 610 850 177
640 810 713 850 snb
736 810 786 850 B.
819 834 872 838 ——
904 807 1352 849 Hm'llarcl-Brdlzolles
1382 807 1461 857 IV,
1483 809 1577 848 343.
2051 804 2122 857 (P.
2143 805 2261 855 295.)

367 914 473 955 Cum
506 913 701 954 dominus
724 912 967 952 Fridericus
999 912 1232 966 imperator
1265 911 1519 964 gravissime
1550 924 1574 950 a
1598 909 1813 950 Societate
1836 907 2112 957 Lombardie,
2146 906 2336 948 Marchie
2359 910 2402 948 et

224 983 433 1023 Romanic
467 986 632 1023 asserat
665 995 711 1021 se
744 981 971 1024 offensum,
1006 994 1080 1034 pro
1115 994 1165 1019 co
1199 978 1401 1019 videlicet
1433 977 1545 1033 quod
1579 978 1738 1017 curiam
1772 990 1905 1027 suam,
1939 989 2065 1030 quam
2096 975 2304 1016 Ravenne
2335 976 2399 1016 in-

224 1052 389 1092 dixerat
422 1065 495 1105 pro
530 1063 735 1089 succursu
767 1049 900 1089 'Perre
935 1047 1112 1090 Sancte,
1145 1048 1424 1101 dispositione
1465 1046 1629 1101 imperii
1662 1048 1705 1086 et
1736 1045 1830 1085 aliis
1864 1043 2115 1098 quibusdam
2151 1044 2405 1084 necessariis

225 1126 266 1159 et
310 1120 518 1159 honestis.
565 1117 872 1172 impedierunt.
913 1121 959 1157 ut
1001 1116 1123 1159 dicit.
1167 1130 1249 1156 non
1293 1114 1579 1170 permittendo
1615 1113 1759 1154 venire
1799 1113 1930 1153 filium
1963 1125 2083 1152 suum
2117 1115 2159 1152 et
2188 1112 2405 1167 principes

225 1188 505 1228 Alanmnnio³
549 1200 624 1240 per
662 1186 752 1225 vias
795 1186 885 1225 sive
932 1188 1085 1225 stratas
1128 1184 1372 1238 imperiales
1417 1182 1470 1223 ad
1511 1183 1650 1237 ipsum
1693 1195 1772 1222 nec
1814 1180 1952 1221 adhuc
1994 1180 2266 1234 permittant,
2307 1180 2407 1234 quin

226 1258 351 1296 immo
394 1256 465 1295 etb
508 1254 587 1294 sibi
627 1259 668 1293 et
708 1254 794 1293 suis
837 1253 1062 1293 transitum
1109 1251 1383 1306 impediantss,
1423 1255 1470 1291 ut
1507 1250 1726 1304 proponit;
1768 1248 2006 1289 econtrario
2046 1248 2177 1289 verob
2210 1248 2406 1290 Societas

228 1324 393 1364 dicatur
426 1324 575 1363 timere
599 1321 651 1361 de
677 1321 780 1375 ipso,
813 1334 866 1361 ne
890 1321 992 1361 velit
1022 1320 1180 1360 malum
1213 1319 1281 1360 etd
1313 1333 1546 1373 gravamen
1569 1318 1769 1358 inducere
1792 1330 1919 1371 super
1941 1329 2027 1367 eos,
2060 1319 2103 1357 et
2122 1316 2233 1366 ideo,
2266 1316 2300 1357 si
2323 1330 2407 1370 qua

225 1393 387 1433 faciunt
420 1391 484 1431 vel
517 1390 727 1433 fecerunt,
760 1403 836 1443 pro
870 1388 1120 1429 defensione
1145 1403 1221 1429 sua
1245 1402 1290 1429 se
1314 1389 1458 1429 facere
1483 1390 1703 1427 asserante
1736 1389 1778 1426 et
1806 1384 1985 1432 fecisse;
2018 1388 2060 1426 et
2082 1384 2278 1425 dominus
2300 1398 2411 1440 papa

227 1475 321 1500 cuni
364 1459 564 1500 fratribus
604 1458 691 1497 suis
731 1456 979 1501 attendens,
1026 1457 1137 1511 quod
1169 1471 1222 1497 ex
1263 1456 1343 1497 hoc
1377 1456 1475 1497 talis
1508 1460 1550 1496 et
1580 1458 1701 1495 tanta
1732 1457 1878 1509 posset
1911 1453 2125 1494 discordia
2157 1468 2334 1509 surgere
2368 1458 2412 1495 et

227 1530 307 1569 iam
343 1542 438 1569 esse
472 1528 512 1568 in
546 1527 683 1567 ianuis
716 1526 962 1575 videbatur,
996 1539 1077 1580 quc
1110 1530 1256 1580 posset
1287 1526 1367 1565 toti
1399 1524 1702 1566 christianitati
1735 1536 1866 1577 grave
1900 1521 2173 1576 dispendium
2205 1522 2411 1576 irrogare,

227 1598 430 1652 precipue
463 1600 636 1650 propter
669 1594 1021 1650 impedimentum
1055 1594 1236 1635 subsidii
1270 1594 1403 1635 Terre
1429 1593 1600 1644 Sancte,
1634 1607 1682 1633 ac
1706 1592 1855 1632 volens
1885 1591 2013 1632 tantis
2035 1590 2236 1645 periculis
2259 1604 2409 1645 preca-

228 1679 350 1707 vere.
391 1664 608 1705 dominum
640 1663 843 1704 Iacobum
876 1661 1198 1703 Penestrinumf
1229 1663 1414 1703 electum
1457 1666 1499 1703 et
1532 1661 1737 1702 Ottonem
1771 1659 1918 1701 Sancti
1947 1658 2117 1700 Nicolai
2148 1659 2191 1699 in
2224 1657 2410 1700 Carcere

227 1734 426 1775 Tulliano
466 1733 685 1773 diaconem
728 1731 989 1772 cardinalem
1028 1730 1081 1771 ad
1123 1735 1266 1785 partes
1308 1731 1412 1771 istas
1445 1744 1540 1771 cum
1580 1730 1706 1785 plene
1745 1728 1976 1783 legationis
2010 1727 2144 1768 offitio
2177 1726 2412 1779 destinarit,

230 1804 338 1843 sicut
370 1803 410 1842 in
435 1815 510 1842 sue
536 1801 763 1854 legationis
786 1799 969 1841 litterisg
1002 1800 1172 1854 plenius
1197 1799 1457 1840 continetur:
1492 1797 1740 1852 requirunth
1762 1797 1918 1852 prefati
1944 1795 2185 1837 cardinales
2209 1799 2414 1850 tanquam

230 1871 359 1925 legati
393 1870 504 1910 sedis
538 1869 773 1924 apostolice
808 1872 849 1908 ct
880 1872 1055 1923 propter
1086 1867 1246 1908 factum
1279 1868 1398 1922 pacis
1433 1867 1682 1921 specialiter
1714 1865 1929 1916 destinati,
1962 1870 2008 1905 ut
2040 1879 2170 1919 super
2201 1863 2416 1905 discordia

232 1938 474 1994 supradicta
509 1937 628 1993 ipsisi
664 1938 817 1992 legatis
851 1936 954 1977 suok
986 1937 1158 1977 nomine
1193 1940 1235 1977 et
1267 1936 1461 1977 Romane
1496 1935 1678 1976 ecclesie
1712 1934 1908 1975 dominus
1931 1934 2162 1988 imperator
2184 1936 2226 1973 et
2247 1932 2416 1988 prefata

235 2008 430 2048 Societas
456 2006 514 2047 etl
548 2006 743 2046 civitates
778 2004 972 2046 eiusdem
996 2004 1225 2046 Societatis
1259 2005 1404 2045 taliter
1429 2018 1473 2045 se
1498 2004 1814 2053 committantm‚
1849 2003 2012 2058 scilicet
2034 2001 2176 2056 quodn
2208 2001 2261 2042 de
2285 2000 2409 2042 satis-

235 2076 422 2116 factione
467 2075 623 2115 idonea
669 2074 917 2128 imperatori
969 2072 1219 2128 prestanda,
1266 2073 1345 2114 de0
1392 2073 1626 2113 securitate
1670 2071 1839 2112 eidemp
1886 2070 2091 2111 Societati
2131 2068 2331 2111 facienda
2375 2072 2419 2110 et

233 2143 437 2184 firmanda
479 2147 519 2183 et
560 2141 685 2183 modo
724 2141 967 2183 adhibendo
1010 2141 1183 2192 idoneo,
1226 2142 1259 2181 si
1299 2142 1534 2196 imperator
1564 2141 1667 2182 velit
1707 2141 1793 2182 filio
1827 2154 1903 2181 suo
1937 2143 1978 2180 et
2015 2138 2279 2194 principibus
2312 2138 2417 2178 Ala-

234 2212 432 2252 manniea
473 2210 746 2250 venientibus
788 2209 841 2251 ad
888 2211 1027 2265 ipsum
1072 2224 1096 2250 a
1138 2209 1252 2250 dicta
1285 2209 1503 2250 Societate
1542 2208 1723 2249 liberum
1760 2208 1986 2248 transitum
2028 2207 2244 2255 exhiberi,
2283 2207 2419 2261 primo

240 2284 443 2320 tractetur
475 2292 552 2333 per
584 2279 699 2333 ipsos
732 2279 898 2333 legatos
931 2279 1042 2319 inter
1074 2278 1378 2333 imperatorem
1411 2282 1454 2318 et
1478 2277 1740 2318 Societatem
1771 2276 2022 2331 prefatamq.
2083 2275 2141 2315 Et
2167 2275 2202 2315 si
2225 2274 2277 2316 de
2301 2288 2414 2315 com-

236 2349 349 2388 muni
395 2360 606 2387 consensu
649 2347 806 2401 poterit
848 2347 1070 2401 negotium
1113 2346 1328 2400 expediri,
1372 2345 1466 2386 Deo
1499 2345 1635 2399 gratie
1674 2345 1932 2391 referantur;
1979 2343 2043 2384 sin
2082 2347 2247 2394 autem,
2290 2342 2417 2383 iidem

234 2417 367 2470 legati
400 2416 589 2456 habeant
622 2419 896 2470 potestatem,
929 2419 975 2454 ut
1008 2414 1217 2469 expositis
1251 2414 1447 2455 omnibus
1471 2427 1553 2468 que
1576 2413 1877 2454 difficultatem
1905 2412 2092 2453 habeant
2115 2411 2286 2452 domino
2308 2424 2419 2466 pape

236 2490 277 2526 et
310 2484 511 2525 fratribus
546 2484 644 2531 suis,
677 2484 798 2524 iuxta
830 2483 964 2538 ipsius
999 2482 1246 2523 mandatum
1281 2487 1323 2523 et
1355 2483 1582 2523 consilium
1612 2481 1861 2536 precipiant,
1895 2479 2095 2521 ordinent
2127 2482 2169 2520 et
2191 2478 2418 2534 disponant

236 2552 435 2607 quicquid
468 2552 521 2592 ad
553 2551 786 2591 sedandam
818 2551 1077 2592 discordiam
1110 2555 1153 2592 et
1198 2565 1349 2606 pacem
1382 2551 1633 2592 firmandam
1666 2550 1876 2591 viderintr
1905 2549 2122 2603 pertinere
2157 2561 2284 2602 super
2316 2548 2418 2588 arti-

236 2622 340 2661 culis
375 2620 643 2676 supradictis
706 2618 762 2659 Et
793 2619 826 2659 si
858 2620 968 2660 inter
999 2620 1300 2673 imperatorem
1336 2624 1378 2660 et
1409 2623 1691 2660 memoratam
1715 2617 1977 2659 Societatem
2010 2616 2137 2670 aliqui
2166 2615 2259 2656 aliiS
2291 2616 2420 2656 etiam

237 2690 402 2729 articuli
436 2693 706 2743 apparerent³
740 2702 794 2728 ex
828 2688 981 2742 quibus
1013 2692 1161 2742 posset
1184 2687 1399 2728 discordia
1430 2688 1630 2741 generari
1655 2688 1721 2728 vel
1754 2686 1889 2727 foveri
1914 2688 2137 2739 concepta,
2170 2684 2340 2739 placeat
2371 2687 2416 2724 ut

238 2757 390 2798 eodem
424 2756 549 2797 niodo
582 2761 624 2796 et
656 2755 803 2797 ordine
836 2757 1069 2811 sopiantur.

243 2903 340 2945 167.
385 2902 929 2946 PROCURATORIUM
964 2902 1391 2946 IMPERATORIS
1432 2901 1759 2945 MAGISTRO
1794 2899 2150 2942 HERMANNO
2184 2897 2423 2941 DATUM.

1231 2971 1340 3012 Mai.
1364 2973 1429 3011 10.

383 3041 555 3092 Lenitur
594 3041 630 3093 1)
666 3041 708 3079 in
733 3039 923 3093 Rcyistro
949 3040 1141 3091 Greqorz'z'
1163 3040 1248 3082 IX.
1269 3040 1472 3081 insaniam
1494 3040 1746 3079 trsmssmnto
1768 3038 1936 3087 notarii,
1967 3037 2075 3089 quod
2093 3037 2140 3077 in
2160 3036 2423 3077 adnotatione

237 3109 556 3159 prapaenzimus¹z
593 3108 634 3161 2)
667 3108 711 3147 m
744 3107 870 3147 Libro
903 3107 1063 3147 Poteris
1088 3106 1166 3162 fol.
1189 3109 1285 3156 297,
1317 3108 1387 3147 ΝΜ,
1409 3109 1577 3148 lemma.-
1610 3106 1869 3161 Exemplum
1892 3105 2205 3159 procurationis
2229 3103 2420 3158 magistri

245 3176 483 3216 IIermanni
517 3175 628 3230 quod
662 3177 720 3216 sie
754 3176 922 3230 incipit:
954 3189 973 3213 (τ
1005 3189 1082 3227 quo
1109 3175 1236 3216 edida
1267 3175 1479 3217 Valentini
1504 3189 1546 3226 72.
1572 3176 1637 3216 66,
1673 3198 1725 3204 -
1758 3172 2207 3214 ΙΙηῡῗίῑανά-ΒνέῙιοΖΖεε
2225 3171 2306 3221 IV,
2327 3171 2424 3213 345.

244 3244 437 3292 Boltmcr,
470 3244 570 3295 Rcsl.
606 3244 699 3295 imp.
732 3243 920 3292 1231981.
2073 3239 2142 3293 (P.
2163 3241 2283 3289 298.)

380 3345 463 3379 166.
498 3352 528 3380 ²²)
559 3348 747 3379 Allamanic
772 3346 802 3378 2.
952 3345 983 3387 b)
1020 3346 1109 3378 deest
1134 3346 1165 3379 2.
1307 3346 1337 3388 c)
1378 3347 1565 3390 impediunt
1589 3344 1619 3378 2.
1761 3342 1794 3385 d)
1833 3344 1887 3376 vel
1912 3342 1944 3376 2.
2085 3341 2115 3386 ⁹)
2153 3347 2310 3375 asserunt
2334 3340 2364 3373 2.
2388 3340 2422 3374 3.

244 3402 268 3443 f)
296 3404 525 3434 Prone-tinum
552 3402 582 3435 2.
705 3408 737 3443 ¹1)
764 3404 826 3434 litt.
853 3415 913 3435 sue
939 3403 1005 3445 leg.
1032 3402 1062 3435 2.
1204 3401 1238 3443 ¹¹)
1265 3403 1485 3444 requiruntur
1509 3401 1540 3434 2.
1665 3399 1688 3441 i)
1718 3402 1751 3432 in
1773 3401 1856 3444 xipsis
1881 3399 1912 3432 2.
2029 3397 2063 3440 k)
2089 3411 2149 3431 suo
2176 3417 2216 3422 —
2244 3400 2422 3441 imperator

244 3466 273 3489 ct
301 3460 366 3491 iles,
386 3461 423 3493 ’.ἐς
451 3460 583 3490 nominc
609 3472 669 3491 suc»
695 3465 726 3491 ct
753 3461 885 3491 nomine
912 3461 1059 3491 Romane
1085 3458 1115 3491 3.
1210 3458 1234 3495 1)
1261 3466 1293 3491 et
1319 3478 1362 3483 —-
1387 3460 1562 3492 Societatis¹
1588 3458 1655 3489 des.
1675 3458 1706 3489 2.
1814 3455 1857 3497 ῃι)
1883 3456 2067 3487 committat
2092 3454 2123 3488 2.
2217 3455 2250 3493 ¹¹)
2275 3455 2365 3487 deest
2388 3453 2420 3487 2.

244 3521 275 3545 Οι
302 3524 332 3547 et
359 3517 397 3546 dc
423 3516 452 3547 2.
572 3522 602 3555 1')
629 3517 776 3547 eiusdem
803 3516 834 3548 2.
953 3523 986 3556 ¹1)
1013 3517 1150 3548 eandem
1176 3518 1208 3549 2.
1326 3523 1353 3557 1ἰ)
1383 3517 1501 3549 viderit
1531 3515 1558 3548 1.
1676 3515 1701 3554 ⁸)
1727 3514 1816 3545 deest
1839 3512 1870 3545 3.

383 3594 414 3633 1)
444 3592 482 3625 In
510 3593 654 3625 nominc·
682 3593 825 3626 Domini
853 3604 969 3627 amen.
1011 3594 1117 3626 Anno
1136 3593 1296 3627 eius-dem
1315 3593 1559 3634 MCCXXXII,
1586 3592 1693 3625 indic.
1722 3591 1761 3626 V.
1783 3591 1841 3624 die
1860 3590 1966 3629 Iovis,
1994 3589 2090 3623 XIII.
2109 3589 2272 3622 intrante
2289 3588 2423 3628 Madio‚

246 3650 281 3683 in
309 3649 459 3683 civitate
488 3650 619 3683 Padue.
648 3650 683 3682 in
711 3651 785 3683 sala
812 3650 939 3683 domus
966 3650 1104 3683 domini
1132 3650 1246 3684 Laudi
1275 3650 1441 3685 canonici
1468 3649 1645 3691 Paduam,
1671 3647 1900 3692 presentibus
1927 3645 2082 3680 testibus
2108 3645 2258 3689 rogatis,
2284 3644 2424 3679 scilicet

2438 989 2472 1014 10

2445 1329 2476 1354 15

2447 1669 2480 1694 20

2449 2014 2480 2040 25

2454 2355 2487 2381 30

2454 2702 2485 2728 35

2455 3122 2488 3147 40

2456 3461 2487 3486 45
