2558 3970
55 911 87 935 10

54 1256 84 1281 15

49 1951 80 1977 25

51 2301 84 2328 ³0

51 2645 83 2672 35

658 157 900 193 FRIDERJCI
929 159 972 193 11.
999 159 1432 195 CONS'I'I'l‘UTloNEs.
1486 163 1582 196 122s.
1634 162 1694 196 Nr.
1720 164 1792 196 lla.
2249 169 2323 206 155!

125 271 393 312 traheremus
427 273 612 313 affectui.
646 287 729 328 quo
765 275 899 328 magis
933 281 1177 316 cremiorum
1213 277 1469 331 sperabatur
1502 280 1681 319 etl'ectns
1717 279 1937 320 nohis-cnm
1970 280 2109 320 studio
2141 288 2180 320 et
2208 282 2317 321 ¹solli-

125 340 312 381 citudine
344 342 575 396 occupatis,
610 348 804 396 utquam
830 344 927 392 cito,
961 357 1087 397 quam
1118 358 1340 399 prospere.
1375 360 1501 400 quam
1526 347 1714 401 provide.
1749 363 1874 402 quam
1901 348 2135 403 prudenter
2158 350 2322 390 lirinum

123 422 486 464 prosequeremur
518 410 674 450 mentis
708 416 854 452 nostre
889 413 1154 466 propositum
1180 418 1222 453 et
1247 427 1334 454 rem
1361 420 1446 455 tam
1473 415 1647 469 dignam
1673 423 1790 457 tanto
1817 417 2034 458 molimine
2059 432 2322 471 gereremus.

125 478 237 534 quod
281 483 325 520 et
369 479 484 520 orbis
526 479 712 520 ambitus
753 481 983 521 miraretur
1027 488 1069 521 et
1102 481 1353 522 Altissinms
1387 491 1644 539 acceptaret.
1767 486 1828 538 (2)
1865 485 1918 526 Et
1951 500 2046 526 cum
2081 500 2210 541 super
2241 486 2323 527 hiis

124 553 272 589 nostra
312 547 530 589 laboraret
576 548 761 589 intencio
805 555 847 589 et
890 563 1164 604 speraremus
1204 551 1257 591 ab
1299 552 1483 592 eeclesia
1519 552 1713 593 Romana
1747 568 1871 594 omne
1906 554 2182 597 «eonsensum.
2225 569 2321 595 eum

123 631 249 673 quem
292 621 504 659 rectorem
547 622 589 658 ct
629 616 781 658 ducem
827 617 986 658 habere
1029 618 1335 662 credebamus.
1379 635 1430 660 cx
1474 621 1692 676 insperato
1726 623 1986 663 ‹fontini-ium
2022 623 2145 664 huius
2180 630 2320 664 nostre

123 686 422 742 disposicionis
465 686 729 741 accepimus,
773 686 881 727 adeo
914 687 1023 741 quod
1059 694 1206 728 contra
1240 703 1316 728 nos
1357 688 1596 743 procedens
1640 690 1795 731 iniuste
1831 692 1994 746 prolatu
2031 694 2319 733 excommuni-

122 756 303 798 cationis
344 755 562 796 sententie
603 760 804 810 patenter
844 756 962 796 nisus
1005 756 1059 796 sit
1092 756 1317 798 conatibus
1352 763 1395 798 et
1430 759 1536 798 votis
1571 759 1749 805 nostris,
1794 760 1946 814 quibus
1982 762 2216 802 insistimus
2251 777 2323 816 pro

124 825 307 867 servicio
340 823 474 865 Terre
508 823 680 867 Sancte,
715 838 796 864 non
822 824 911 864 zelo
944 824 1123 874 iusticie.
1158 824 1234 866 sed
1266 829 1383 866 motu
1408 826 1579 881 proprie
1607 827 1838 867 voluntatis
1864 828 2048 870 obstare.
2141 831 2204 883 (3)
2239 830 2322 869 sed

123 895 237 936 inter
268 894 348 935 hec
381 893 525 934 omnia
557 897 706 934 contra
739 907 815 933 nos
849 893 909 934 sic
944 893 1171 941 immerite,
1207 894 1266 934 sic
1302 894 1459 935 iniuste
1494 895 1663 949 prolata
1687 897 1901 950 patiencia
1927 904 1970 938 et
1994 898 2323 938 mansuetudine

121 964 189 1005 usi
221 977 368 1004 sumus
402 976 481 1004 nec
514 962 566 1004 ad
601 963 789 1018 iniquam
824 976 1030 1004 exercere
1064 963 1276 1004 voluimus
1310 963 1575 1005 iracundiam
1609 966 1739 1006 animi
1774 966 1906 1006 nostri
1940 972 2121 1008 motum.
2162 973 2207 1007 ut
2242 981 2322 1007 non

119 1032 458 1075 deterioraretur
491 1032 532 1072 in
566 1032 711 1087 aliquo
744 1046 875 1072 causa
907 1037 1065 1073 nostra.
1099 1046 1226 1086 quam
1260 1032 1432 1073 iusticia
1466 1034 1582 1074 fovet
1616 1039 1657 1074 et
1691 1035 1916 1088 paciencia
1947 1037 2081 1077 fulcit.
2117 1051 2193 1092 per
2216 1050 2321 1090 quas

120 1105 164 1144 et
195 1102 258 1142 ira
290 1101 546 1157 deprimitur
579 1107 622 1143 et
654 1101 865 1142 iactancia
898 1101 1188 1142 conculcatur.
1253 1102 1376 1148 Quod
1418 1117 1499 1143 non
1538 1103 1592 1144 ob
1625 1103 1742 1144 aliud
1783 1105 1962 1146 fecimus
1998 1107 2077 1146 nisi
2111 1106 2165 1146 ol)
2199 1120 2313 1146 reve-

121 1171 308 1213 renciam
331 1171 540 1212 Altissimi
565 1175 607 1212 et
631 1185 682 1212 ne
705 1170 985 1226 impediretur
1008 1171 1235 1212 servicium
1262 1176 1374 1212 terre
1399 1171 1493 1214 Dei.
1557 1172 1624 1213 Ad
1650 1173 1894 1214 evidentem
1921 1175 2096 1230 insuper
2121 1188 2321 1215 mansue-

121 1239 279 1282 tudinis
313 1244 458 1281 nostre
493 1239 795 1290 constantiam,
828 1240 930 1280 licet
963 1240 1116 1280 offensi
1150 1240 1300 1295 pocius
1334 1254 1461 1295 quam
1485 1241 1630 1297 aliqua
1654 1243 1779 1298 culpa
1810 1244 2031 1286 notabiles.
2066 1249 2162 1299 post
2185 1244 2323 1284 varias

119 1310 458 1367 supplicationes
492 1315 535 1351 et
574 1323 745 1365 preces,
786 1323 892 1364 quas
925 1308 977 1350 ad
1011 1310 1337 1351 excusationem
1383 1310 1635 1352 innocencie
1675 1316 1820 1353 nostre
1856 1319 1898 1353 et
1930 1312 1982 1354 dc
2025 1313 2140 1354 nullo
2174 1320 2293 1354 reatu
2309 1314 2323 1335 ''

118 1384 162 1422 et
193 1379 271 1421 ad⁰
310 1393 461 1435 pacem
504 1383 578 1420 aut
617 1378 806 1433 graciam
841 1377 1120 1419 obtinendam
1163 1393 1240 1434 per
1279 1379 1526 1435 solempnes
1568 1385 1611 1421 ct
1642 1380 1893 1436 frequentes
1928 1383 2103 1423 nuncios
2137 1388 2321 1424 nostros,

118 1450 247 1492 etiam
290 1449 405 1490 ultra
443 1464 570 1504 quam
611 1448 877 1505 imperialem
912 1447 1225 1490 excellenciam
1270 1452 1462 1490 nostram
1502 1449 1676 1500 deceat,
1719 1451 1831 1505 apud
1873 1452 2106 1493 antistitem
2141 1452 2321 1492 ecclesie

118 1519 313 1560 Romane
353 1519 636 1574 porreximus.
763 1517 828 1573 (4)
868 1516 1017 1571 Nuper
1058 1517 1186 1557 etiam
1234 1531 1310 1572 per
1349 1518 1645 1560 venerabilem
1690 1519 2137 1575 Magdcburgensemd
2182 1520 2320 1560 arehi-

121 1589 396 1645 episcopum,
444 1587 648 1629 dilectum
688 1586 926 1642 principem
974 1590 1189 1636 nostrum,
1234 1591 1277 1627 et
1309 1585 1414 1627 duos
1448 1586 1500 1628 de
1541 1586 1754 1629 iudicibus
1788 1590 1902 1630 curie
1936 1595 2100 1631 nostre.
2144 1590 2322 1630 nuncios

116 1662 286 1700 nostros
319 1657 372 1699 ad
403 1657 484 1699 hoc
516 1657 766 1713 specialiter
795 1655 1049 1706 destinatos,
1084 1655 1165 1710 ipsi
1189 1654 1386 1696 Romano
1419 1656 1601 1697 antistiti
1635 1657 1814 1698 formam
1839 1663 1984 1700 nostre
2009 1660 2323 1700 satisfaccionis

116 1727 371 1777 obtulimus,
404 1731 451 1768 ut
483 1726 608 1768 nobis
640 1726 725 1768 iam
760 1725 944 1767 transire
978 1725 1140 1780 paratis
1173 1737 1249 1780 pro
1273 1725 1457 1766 servicio
1481 1724 1613 1767 Ihesu
1638 1725 1799 1768 Christi
1822 1726 2144 1769 benediccionis
2169 1742 2323 1768 munus

117 1801 160 1839 et
199 1797 390 1852 graciam
429 1811 513 1838 non
546 1799 739 1851 negaret.
810 1793 932 1841 Quod
965 1793 1211 1835 nullatenus
1244 1794 1489 1849 acceptavit
1520 1799 1585 1846 et,
1619 1810 1713 1836 cuin
1755 1796 1937 1851 predicti
1970 1797 2322 1853 archiepiscopus

118 1870 161 1908 et
182 1866 325 1907 nuncii
348 1866 484 1907 nostri
507 1865 561 1907 ab
585 1880 635 1906 eo
659 1865 944 1920 requirerent,
978 1867 1025 1904 ut
1050 1862 1363 1904 satisfaccionis
1386 1864 1582 1915 formam,
1608 1878 1689 1920 que
1713 1865 1792 1906 sibi
1817 1866 2022 1921 placeret,
2048 1867 2324 1922 exprimeret.

117 1935 157 1978 id
200 1937 342 1978 facere
389 1935 617 1976 recusavit.
739 1934 800 1988 (5)
840 1933 992 1975 Preter
1033 1932 1111 1973 hoc
1153 1936 1322 1983 autem,
1366 1938 1412 1973 ut
1455 1934 1552 1988 plus
1594 1934 1706 1975 iusto
1739 1949 1892 1990 aspere
1924 1950 1999 1976 nos
2041 1940 2247 1977 tractaret
2282 1941 2324 1975 et

117 2005 495 2048 mansuetudinem
527 2008 718 2046 nostram
754 2008 943 2045 verteret
976 2002 1017 2043 in
1051 2002 1252 2052 furorem,
1287 2001 1483 2043 homines
1507 2003 1706 2053 ecclesie,
1741 2017 1846 2058 quos
1878 2004 1979 2045 licet
2011 2004 2320 2046 beneficiorum

117 2075 277 2117 oblitus
311 2089 367 2116 ex
400 2074 680 2116 concessione
714 2077 860 2114 nostra
891 2076 1025 2123 tenet,
1059 2071 1185 2112 iussit
1208 2085 1328 2112 arma
1353 2085 1524 2113 sumere
1549 2077 1592 2113 et
1615 2072 1841 2127 insurgere
1864 2074 2055 2128 graviter
2077 2073 2129 2114 ad
2154 2073 2320 2128 disper-

117 2143 304 2200 gendum
345 2157 527 2198 regnum
564 2147 779 2192 nostrum,
822 2155 897 2197 pro
930 2141 1111 2182 tuitione
1144 2144 1388 2181 nostrorum
1420 2139 1647 2182 rebellium
1678 2146 1720 2182 et
1755 2142 1925 2184 favore.
1967 2157 2050 2183 non
2081 2147 2318 2184 contentus.

117 2213 230 2270 quod
262 2213 460 2255 homines
493 2211 666 2253 Reatini
698 2211 834 2267 primo
869 2210 1110 2252 exercitum
1143 2214 1358 2261 nostrum,
1393 2223 1520 2264 quem
1552 2210 1594 2250 in
1626 2209 1893 2252 obsidionem
1926 2212 2154 2267 proditoris
2188 2213 2320 2253 nostri

118 2283 364 2333 direximus,
397 2282 601 2323 invadere
635 2286 735 2323 sunt
765 2280 926 2331 conati,
959 2294 1220 2335 quamquam
1253 2284 1296 2320 et
1328 2279 1467 2335 prima
1499 2284 1542 2320 et
1573 2279 1727 2321 ultima
1759 2280 1948 2335 ipsorum
1983 2281 2098 2322 acies
2131 2295 2232 2322 cesa
2267 2282 2322 2321 sit

116 2356 160 2394 et
189 2353 358 2407 fugata;
401 2366 581 2408 quorum
621 2351 833 2392 maiorum
871 2363 1029 2405 magna
1071 2363 1170 2404 pars
1203 2348 1259 2389 ibi
1305 2348 1449 2403 gladio
1481 2349 1619 2390 ultore
1653 2350 1901 2399 succubuit,
1945 2350 2017 2391 ubi
2057 2351 2224 2391 facinus
2257 2356 2322 2391 est

117 2435 339 2477 aggressa.
458 2420 524 2476 (6)
559 2421 713 2462 Preter
744 2420 825 2462 hec
860 2420 990 2461 etiam
1024 2418 1137 2459 idem
1171 2417 1394 2459 Romanus
1428 2418 1623 2473 pontifex
1656 2417 1709 2459 de
1742 2419 1929 2474 pecunia
1962 2420 2160 2469 ecclesie,
2195 2433 2318 2474 quam

117 2504 297 2546 erogare
330 2495 502 2532 tenetur
532 2491 576 2531 in
611 2489 767 2532 Christi
803 2489 1033 2531 servicium
1066 2487 1326 2538 transituris,
1361 2485 1619 2527 soldatarios
1642 2487 1801 2528 retinet
1833 2493 1983 2529 contra
2004 2502 2093 2531 nos.
2127 2493 2173 2529 ut
2194 2488 2319 2529 nobis

116 2560 252 2602 modis
297 2560 495 2602 omnibus
540 2559 694 2615 quibus
738 2560 884 2600 valeat
930 2557 1197 2599 adversetur.
1333 2555 1398 2611 (7)
1442 2554 1715 2611 Quamquam
1755 2561 1899 2598 autem
1945 2557 2057 2598 idem
2098 2557 2318 2598 Romanus

121 2630 303 2672 antistes
331 2644 409 2686 per
440 2629 521 2671 hec
555 2629 698 2670 omnia
728 2628 886 2670 nostris
919 2626 1152 2669 desideriis
1186 2639 1233 2667 se
1266 2628 1456 2681 opponat
1479 2630 1523 2666 et
1545 2624 1702 2667 iniuste
1727 2626 2104 2668 mansuetudinem
2129 2631 2316 2666 nostram

118 2712 381 2755 exasperare
415 2702 607 2750 conetur,
641 2699 888 2740 nullatenus
921 2700 1066 2738 tamen
1100 2710 1176 2737 nos
1209 2710 1234 2736 a
1266 2693 1426 2736 Christi
1459 2694 1643 2735 servicio
1677 2696 1910 2736 revocavit.
1964 2695 2073 2736 Nam
2100 2709 2174 2749 pro
2199 2699 2316 2735 certo

115 2768 336 2820 noveritis,
369 2782 447 2810 nos
481 2781 577 2809 cum
609 2768 746 2823 galeis
779 2772 822 2808 et
854 2766 1034 2822 navigiis
1067 2764 1223 2807 nostris
1257 2768 1301 2805 et
1333 2768 1511 2804 strenua
1545 2763 1730 2804 militum
1753 2764 1957 2805 comitiva
1980 2769 2022 2804 et
2045 2761 2316 2804 multitudine

115 2836 375 2879 bellatorum
408 2836 581 2879 Christo
614 2836 746 2889 duce,
789 2837 910 2878 cuius
943 2849 1012 2877 res
1045 2835 1208 2890 agitur,
1251 2832 1304 2874 de
1337 2831 1568 2873 Brundisio
1600 2832 1787 2874 feliciter
1826 2834 1911 2874 iam
1945 2833 2133 2874 movisse
2167 2845 2316 2872 versus

118 2904 285 2948 Suriam
321 2921 417 2948 cum
449 2906 672 2948 celeritate
697 2910 740 2947 et
763 2919 868 2948 aura
900 2918 1110 2961 prospera
1140 2903 1425 2959 profecturos.
1482 2900 1626 2949 Quare
1650 2902 1850 2943 fidelitati
1874 2907 2014 2944 vestre
2036 2899 2316 2957 precipiendo

51 2988 85 3015 ιο
119 2974 386 3027 mandamus,
419 2980 645 3017 monentes
678 2975 890 3016 attencius
923 2978 967 3016 et
998 2974 1236 3023 hortantes,
1270 2975 1485 3027 quatenus
1508 2970 1591 3011 ad⁰
1625 2985 1876 3012 succursum
1900 2976 2092 3012 nostrum
2117 2974 2159 3011 et
2182 2969 2315 3010 servi-

121 3043 232 3085 cium
269 3043 404 3086 Terre
437 3044 595 3086 Sancte
634 3044 869 3086 intendatis
912 3057 987 3099 pro
1030 3042 1192 3084 viribus
1234 3046 1281 3082 ut
1322 3040 1526 3096 potestis,
1575 3054 1706 3095 grave
1748 3041 1940 3082 ferentes
1973 3039 2083 3096 quod
2125 3053 2316 3081 summus

118 3114 314 3169 pontifex
344 3114 387 3154 in
419 3113 502 3154 hiis
534 3113 730 3155 omnibus
763 3127 841 3154 nos
874 3113 1032 3154 iniuste
1065 3115 1273 3167 provocat
1304 3115 1348 3151 et
1381 3109 1578 3164 indigne,
1613 3124 1708 3150 cum
1743 3109 1922 3151 deberet
1954 3109 2104 3164 pocius
2138 3113 2318 3163 paterna

119 3183 416 3238 compassione
447 3182 609 3224 nostris
640 3182 861 3224 laboribus
895 3180 1139 3237 providere.

259 3252 361 3294 Dat.
395 3255 478 3293 etc.

256 3364 341 3401 119.
371 3365 405 3409 b)
432 3367 559 3400 conscii
583 3367 694 3401 deesse
717 3368 849 3400 videtur
875 3379 901 3400 c.
1021 3371 1048 3404 ⁰)
1074 3365 1165 3398 deest
1189 3375 1215 3396 c.
1333 3360 1364 3402 d)
1390 3359 1607 3403 Cod‘burgefi
1632 3373 1658 3394 c.
1779 3362 1808 3403 θ)
1834 3372 1875 3394 ac
1901 3372 1927 3393 c.
