2558 3970
159 190 239 228 634
296 185 608 221 ROMANORL'M
629 184 774 217 EPIST.
794 182 857 216 Al)
878 181 1163 216 RiCHARDL'M
1190 180 1294 215 REG.
1313 179 1374 214 DE
1399 179 1558 214 ELECT.
1581 178 1871 214 SENATORIA.
1914 179 2013 214 1261.
2052 179 2115 213 Nr.
2130 179 2207 214 462.

161 316 324 343 rorum.
365 300 461 354 quid
504 313 632 352 super
671 298 750 338 hoc
796 298 898 337 iuris
932 301 1064 338 esset:
1107 300 1150 337 et
1189 296 1267 335 fuit
1305 295 1612 336 sententiatum
1647 299 1690 335 et
1721 293 2027 349 approbatum:
2061 293 2174 349 quod
2204 293 2344 345 feoda,

160 384 240 425 que
275 369 328 409 ab
362 382 412 408 eo
446 372 627 407 teneret.
656 366 709 407 de
743 366 833 406 iure
868 379 1020 405 vacare
1053 363 1275 404 deberent.
1395 362 1504 403 Item
1537 363 1753 417 quesitum
1784 362 1883 403 fuit:
1920 361 2034 417 quod
2066 362 2103 402 si
2124 362 2279 416 aliquis
2301 362 2344 402 in

161 438 288 478 fundo
323 436 500 477 alterius
534 435 814 475 munitionem
849 437 1116 474 construeret
1149 437 1191 472 et
1213 431 1434 472 dominum
1466 431 1585 471 fundi
1613 431 1822 486 spoliaret
1842 431 1885 471 in
1908 431 2060 484 ipsam,
2093 429 2195 484 quid
2217 444 2345 485 super

162 507 236 546 hoc
272 506 374 544 iuris
408 509 543 545 esset:
577 509 619 543 et
652 503 730 542 fuit
763 502 816 542 ab
852 502 1051 542 omnibus
1084 500 1396 556 approbatum:
1441 499 1551 554 quod
1584 503 1730 554 preter
1760 499 2098 540 destructionem
2130 498 2259 539 castri
2290 497 2344 539 ad

160 574 335 628 duplum
382 571 630 612 satisfacere
674 575 907 611 teneretur,
1028 568 1094 609 Ad
1135 569 1256 608 cuius
1298 568 1360 609 rei
1401 568 1651 608 memoriam
1690 581 1872 623 presens
1906 567 2113 622 seriptum
2144 565 2345 608 iussimus

161 642 291 696 sigilli
326 641 455 681 nostri
490 640 642 680 robore
675 638 942 679 communiri.

303 710 460 749 Actum
493 722 605 749 anno
637 708 813 749 Domini
846 704 1115 755 MCCLIIII,
1147 718 1295 745 mense
1327 703 1600 755 Novembris,
1631 703 1734 744 XII.
1767 703 2024 746 indictionis.

808 1123 938 1191 4652.
988 1117 1711 1190 ROMANORUM

304 1235 849 1308 EPISTOLA
903 1235 1052 1305 AD
1109 1232 1783 1304 RICHARDUM
1833 1231 2222 1303 REGEM

508 1350 649 1421 DE
700 1348 1327 1420 ELECTIONE
1379 1346 2007 1419 SENATORIA.

1088 1485 1260 1543 (1261.
1294 1485 1435 1544 Apr.)

306 1621 538 1675 Epistolam
575 1621 618 1660 in
645 1620 829 1673 formam
861 1619 1103 1660 cle'elaminis
1132 1618 1406 1667 (leem-talam,
1431 1631 1512 1669 per
1543 1629 1668 1668 quam
1695 1629 1800 1668 pars
1829 1616 2114 1657 Romanorum
2144 1615 2356 1657 Richardo

162 1693 248 1743 reffl'
278 1691 534 1743 sisyn-isicem,
572 1702 612 1729 se
649 1702 739 1729 enm
769 1688 980 1728 dominnm
1020 1687 1144 1730 Urbis
1178 1688 1203 1729 ἰ.
1226 1701 1257 1728 e.
1292 1689 1520 1727 senatorem
1551 1698 1728 1735 creasse,
1771 1684 1883 1725 <ledit
1912 1685 1978 1725 vir
2008 1686 2055 1726 el.
2077 1684 2356 1725 Liebermann

162 1761 310 1801 Neues
339 1758 508 1800 Archiv*
553 1757 693 1806 XIII,
714 1759 799 1797 221
838 1772 857 1797 e
898 1757 1028 1798 codice
1070 1755 1316 1805 Oxone'ensi,
1360 1755 1522 1808 Boclley
1551 1753 1679 1796 lVoocZ
1708 1755 1732 1793 5
1770 1766 1873 1795 saee.
1905 1753 2044 1795 XIII.
2075 1753 2175 1794 med.
2209 1751 2289 1808 fol.
2312 1755 2354 1795 2.

162 1829 226 1870 Dc
259 1843 300 1869 re
335 1829 424 1882 ipsa
457 1826 508 1881 cf.
541 1841 588 1867 ea
620 1840 726 1878 quae
756 1825 957 1867 adnotata
989 1828 1088 1865 sunt
1118 1826 1164 1865 in
1185 1824 1373 1877 Reyeslis
1393 1824 1560 1876 imperii
1589 1822 1633 1873 V,
1657 1822 1802 1864 5386b
1832 1823 2042 1863 et14169.
2075 1846 2127 1851 -
2161 1821 2353 1872 Bokmer,

164 1898 262 1950 Regi.
298 1898 393 1948 imp.
421 1896 466 1946 V,
490 1899 640 1936 14155.
1980 1890 2051 1944 (Ρ.
2073 1891 2214 1941 deest.)

306 2000 470 2040 Illustri
514 1999 602 2039 viro
647 2003 689 2040 et
732 1998 1100 2040 excellentissimo
1143 1997 1314 2038 domino
1355 1996 1407 2038 R.
1448 1995 1531 2037 Dei
1571 1995 1717 2050 gracia
1761 1995 1804 2035 in
1848 2008 1995 2049 regem
2037 1993 2358 2035 Romanorum⁸

166 2071 320 2111 electo.
354 2083 431 2110 suo
465 2082 542 2123 per
574 2068 715 2108 omnia
748 2067 918 2107 domino
953 2072 996 2107 et
1027 2066 1292 2108 benefactori
1324 2066 1545 2121 precipuo,
1580 2065 1630 2106 A.
1664 2064 1718 2106 de
1753 2064 1828 2104 tali
1859 2064 2036 2118 regione
2061 2068 2105 2105 et
2126 2063 2179 2106 B.
2201 2063 2256 2105 de
2278 2063 2356 2104 tali

167 2140 344 2194 regione
377 2143 420 2180 et
453 2137 500 2178 C.
533 2136 584 2177 de
618 2137 693 2177 tali
724 2137 900 2191 regione
934 2142 976 2177 et
1008 2136 1139 2176 ceteri
1177 2134 1410 2190 populares
1442 2134 1606 2175 Urbani
1638 2138 1681 2174 et
1713 2133 1830 2174 cives
1862 2132 2071 2181 Romani,
2105 2133 2171 2173 sui
2203 2131 2354 2174 fideles

167 2223 215 2249 ac
249 2207 404 2249 devoti.
438 2204 907 2246 recommendationem
941 2209 984 2245 et
1017 2204 1162 2245 debite
1195 2203 1416 2244 fidelitatis
1448 2216 1640 2258 pureque
1673 2201 1916 2243 devotionis
1948 2201 2218 2257 obsequium.

311 2274 417 2316 Cum
441 2275 733 2316 Romanorum
757 2273 942 2314 conditio
965 2273 1073 2314 felix
1105 2287 1180 2328 pre
1205 2272 1399 2313 cunctisb
1432 2271 1679 2312 nationibus
1710 2271 1985 2325 consequitur
2017 2267 2360 2326 [principatum]⁰

168 2360 216 2386 ac
251 2346 304 2386 ab
338 2346 433 2400 ipsa
464 2343 593 2384 Urbis
626 2342 879 2384 fundatione
914 2357 991 2397 per
1023 2342 1195 2383 celestis
1228 2341 1596 2396 dispensationem
1621 2340 1789 2381 consilii
1813 2343 1855 2380 et
1876 2338 2150 2394 providentie
2173 2338 2360 2379 humane

169 2414 423 2455 industriam
465 2412 740 2468 prerogativa
783 2412 912 2452 fuerit
951 2412 1178 2466 multiplici
1223 2410 1472 2466 predotata,
1515 2424 1598 2464 que
1639 2414 1845 2464 tanquam
1877 2408 2049 2449 celestis
2091 2407 2360 2448 thesauraria

170 2483 462 2539 apostolorum
495 2495 673 2536 corpora
706 2486 748 2522 et
785 2481 998 2535 gloriosos
1034 2481 1302 2521 confessores
1334 2480 1378 2519 in
1412 2492 1456 2520 se
1490 2479 1683 2520 continet
1716 2483 1758 2518 et
1789 2477 2025 2532 gubernat,
2065 2476 2109 2516 in
2141 2490 2193 2517 ea
2222 2475 2359 2517 eciam

170 2554 284 2607 viget
318 2551 443 2593 sedes
481 2551 648 2605 imperii
682 2555 724 2590 et
756 2549 917 2604 gaudet
955 2549 1136 2590 thronus
1169 2548 1408 2604 apostolice
1441 2547 1676 2602 dignitatis.
1739 2547 1877 2601 Igitur
1908 2545 1962 2587 ad
1995 2544 2246 2586 creatricem
2278 2544 2358 2584 im-

171 2622 294 2677 perii.
337 2625 516 2660 matrem
559 2633 809 2673 regnorum,
854 2617 993 2673 capud
1026 2618 1191 2668 mundi,
1236 2617 1438 2658 bonitatis
1471 2616 1740 2671 exemplum,
1781 2614 2003 2670 speculum
2036 2613 2224 2655 omnium
2256 2612 2359 2653 civi-

171 2700 319 2731 tatum.
356 2689 556 2730 videlicet
588 2687 801 2728 dominam
824 2687 1019 2727 Romam.
1055 2685 1236 2741 quilibet
1264 2684 1410 2725 mundi
1443 2684 1658 2739 principes
1691 2683 1854 2733 famosi,
1888 2682 2052 2724 nobiles
2075 2685 2120 2722 et
2146 2684 2360 2736 potentes,

171 2772 405 2813 omnesque
447 2758 490 2798 in
539 2761 691 2811 gentes
734 2760 775 2797 et
822 2756 1025 2810 precipue
1073 2755 1115 2795 in
1153 2754 1347 2795 Romano
1392 2753 1574 2808 imperio
1615 2753 1902 2807 principatum
1946 2750 2158 2792 habentes
2202 2749 2362 2790 debent

172 2832 419 2869 reverenter
451 2831 493 2867 ct
524 2826 680 2866 mentis
713 2824 906 2866 sincered
938 2824 1096 2865 affectu
1128 2823 1398 2878 quamtocius
1429 2822 1636 2877 aspirare,
1670 2835 1746 2876 per
1778 2834 1906 2876 quam
1938 2819 2187 2860 muniuntur
2208 2832 2362 2873 regna,

173 2896 437 2951 gubernatur
477 2894 702 2948 imperium
746 2898 788 2934 et
827 2893 1055 2934 cuiuslibet
1095 2892 1299 2947 principis
1342 2891 1497 2931 solium
1537 2890 1771 2937 exaltatum
1816 2889 1916 2944 quia
1956 2892 2096 2929 mater
2130 2887 2285 2928 nobilis
2316 2891 2361 2928 et

174 2964 346 3006 excelsa
379 2963 546 3004 domina
579 2963 798 3017 pacienter
834 2962 924 3017 pati
956 2976 1041 3003 non
1074 2965 1216 3016 potest
1247 2974 1325 3002 nec
1358 2961 1476 3001 valet
1506 2972 1615 3014 equo
1648 2959 1788 2999 animo
1820 2957 2040 3008 tollerare,
2084 2961 2132 2997 ut
2162 2956 2236 3011 qui
2267 2969 2363 2996 eam

175 3034 237 3073 sui
272 3033 444 3073 honoris
487 3033 738 3086 genitricem
772 3036 1037 3085 cognoscunt
1070 3030 1124 3071 ab
1158 3044 1210 3071 ea
1243 3028 1442 3070 sincerod
1473 3042 1556 3069 non
1589 3027 1823 3082 diligantur
1855 3027 2033 3078 affeetu,
2076 3038 2236 3080 eosque
2267 3028 2362 3065 tan-

175 3115 300 3155 quam
344 3101 453 3141 filios
496 3100 574 3141 sub
617 3101 696 3140 alis
733 3114 808 3140 sue
853 3100 1055 3154 potencie
1099 3099 1245 3139 foveat
1278 3103 1321 3139 et
1353 3097 1406 3138 ad
1439 3097 1629 3138 favorem
1663 3096 1796 3137 votivi
1829 3095 2024 3150 suffragii
2056 3099 2099 3136 et
2131 3092 2365 3135 desiderati

176 3171 326 3212 auxilii
358 3169 483 3211 velud
517 3174 638 3210 natos
671 3169 865 3224 proprios
899 3183 984 3209 non
1016 3167 1227 3217 admittat,
1262 3172 1305 3208 et
1337 3180 1444 3221 quos
1477 3165 1662 3221 concipit
1694 3165 1737 3205 in
1768 3164 1948 3215 affeetu,
1980 3163 2092 3219 parit
2121 3177 2201 3218 per
2231 3161 2364 3203 effec-

177 3248 282 3279 tum.
328 3240 444 3279 fovet
482 3253 558 3294 per
597 3238 811 3292 exquisita
853 3237 1078 3291 suffragia,
1124 3236 1278 3286 nutrit,
1322 3238 1575 3289 augmentat
1614 3238 1656 3274 et
1687 3233 1849 3274 exaltat
1881 3236 1925 3274 et
1957 3232 2078 3282 facit,
2118 3234 2267 3286 utpote
2300 3230 2367 3271 sui

178 3308 337 3348 ventris
371 3308 567 3348 fructum.
599 3307 642 3347 in
676 3306 778 3347 sede
813 3306 877 3346 sui
909 3305 1078 3360 imperii
1111 3304 1341 3359 gloriosius
1371 3303 1576 3344 residere.
1628 3301 1740 3342 Nam
1764 3302 1799 3342 si
1822 3300 2180 3356 predecessorum
2201 3302 2365 3339 vestro—

181 3382 303 3415 rumc
336 3381 458 3429 gesta
491 3375 725 3416 attenditis.
760 3373 963 3415 videbitis
996 3388 1072 3428 per
1104 3373 1240 3414 aciem
1274 3372 1490 3428 propriam
1525 3375 1567 3412 et
1589 3371 1903 3426 experientiam
1934 3369 2219 3420 manifestam,
2252 3367 2366 3423 quod

183 3457 330 3483 omncs
365 3444 434 3497 qui
467 3458 559 3483 cam
593 3458 668 3498 pro
700 3449 837 3484 matre
870 3442 1116 3493 habuerint,
1149 3456 1224 3496 pro
1255 3441 1465 3495 genitrice
1498 3439 1814 3489 honoraverint,
1847 3436 2093 3478 Romanosr
2123 3450 2221 3478 suos
2254 3436 2365 3477 filios

180 3525 234 3551 ex
273 3512 428 3552 affectu
469 3512 616 3552 intimo
651 3519 693 3552 et
731 3516 852 3565 grata
893 3510 1193 3552 benivolencia
1230 3509 1494 3559 dilexerunt,
1538 3507 1764 3563 prostratis
1802 3505 2062 3558 rebellibus,
2101 3504 2365 3546 conculcatis

315 3622 401 3657 462.
433 3630 463 3651 ³1
491 3626 643 3657 Romanu
669 3637 695 3657 c.
824 3623 855 3664 b)
882 3625 993 3657 cuntis
1018 3638 1045 3656 c.
1176 3623 1207 3665 ⁰)
1238 3623 1456 3666 privilegium
1481 3621 1634 3663 suppleri
1663 3620 1732 3653 vult
1758 3619 1997 3652 Liebermann.
2115 3617 2148 3662 d)
2173 3619 2314 3652 scincet.
2338 3629 2365 3651 c.

179 3687 206 3722 θ)
233 3691 423 3714 nostrorum
449 3693 474 3713 c.
593 3681 623 3721 f)
651 3683 819 3714 Romonos
845 3693 871 3712 c.

2390 1375 2423 1400 10

2392 1837 2424 1862 15

2395 2554 2428 2580 25

2402 3623 2436 3648 40
