2558 3970
48 919 80 943 ¹0

49 1263 79 1287 15

48 1949 80 1976 25

49 2302 82 2328 30

51 2644 84 2671 35

55 3384 87 3410 4⁵

662 163 905 198 FRIDERICI
933 164 976 197 11.
1005 162 1437 198 CONsTrrUTIONEs.
1491 164 1587 197 121⁶.
1639 163 1700 197 Nr.
1719 163 1772 196 57.
2265 166 2308 203 71

114 295 289 338 precum
333 280 479 321 dilecti
519 280 723 336 principis
767 279 901 319 nostri
942 277 1182 319 Chonradi⁰
1227 279 1560 333 Ratisponensis
1607 278 1798 333 episcopi
1845 291 1938 317 eum
1984 278 2073 330 ipso
2113 276 2314 329 episcopo

114 351 286 392 nomine
320 350 503 390 ecclesie
537 363 612 389 sue
645 347 860 404 quoddam
894 347 1177 387 concanbium
1212 348 1466 387 fecissemus
1501 346 1552 387 dc
1585 346 1754 386 duobus
1790 345 2116 401 principatibus,
2150 344 2314 384 scilicet

114 419 168 460 de
200 418 400 460 Inferiori
434 422 477 459 et
500 417 721 472 Superiori
745 416 1021 457 Monasteriis
1056 416 1095 456 in
1129 416 1303 456 civitate
1330 416 1636 470 Ratisponensi
1662 415 1919 457 constitutis,
1954 428 2030 468 pro
2054 412 2309 468 quibusdam

117 487 211 528 aliis
243 486 401 542 prediis
435 490 478 527 et
509 483 857 540 possessionibus
891 483 942 524 ad
984 484 1328 538 prenominatum
1365 484 1614 538 episcopum
1650 491 1692 523 et
1726 484 2023 538 episcopatum
2058 496 2180 522 suum
2216 495 2311 535 per-

116 555 366 605 tinentibus,
398 554 612 595 accedens
646 553 699 594 ad
732 553 1002 608 presenciam
1029 552 1145 607 regie
1170 553 1440 593 excellencie
1468 559 1612 592 nostre
1644 553 1681 592 in
1709 554 1823 592 curia
1856 553 2064 606 solempni
2090 550 2319 606 1¹21·l›yp‹›li‘

113 624 288 666 domina
331 622 469 664 'ratas
507 622 730 663 Inferioris
770 621 1019 662 Monasterii
1062 621 1285 662 abbatissa
1327 621 1614 676 personaliter
1649 635 1723 660 nec
1759 635 1841 661 non
1876 620 2046 661 domina
2080 619 2316 660 Ger-‹lrudis

115 692 360 748 Superioris
392 691 644 732 Monasterii
678 690 901 732 abbatissa
941 705 1018 746 per
1050 705 1174 731 suum
1216 695 1540 745 procuratorem
1575 704 1669 729 eum
1703 690 1846 744 aliqua
1881 690 2059 730 hom-sta
2095 690 2316 742 utriusque

114 761 292 817 capituli
325 765 448 816 parte
483 774 626 802 coram
660 759 923 815 principibus
956 765 1000 800 et
1033 759 1267 800 baronibus
1301 765 1430 813 atquc
1464 764 1555 799 tota
1587 759 1704 798 curia
1738 765 1885 798 nostra
1907 759 2026 812 gravi
2052 758 2317 812 ‹pwrimonia

114 831 350 887 proposuit,
384 843 430 871 se
464 829 533 870 eth
565 829 769 870 ecclesias
803 822 904 869 su'as
939 828 1130 870 indebite
1154 843 1177 869 a
1201 828 1325 868 nobis
1350 829 1440 868 fore
1462 832 1676 881 gravatas,
1712 827 1774 867 et¹
1799 842 1928 882 super
1953 828 2032 867 hoe
2057 826 2315 866 adiutorium

117 904 161 942 et
193 900 461 941 sentenciam
494 897 762 954 principumk
794 898 1091 952 postularunt:
1127 903 1420 953 proponentes
1455 896 1645 937 firmiter.
1680 897 1840 936 nullum
1876 896 2159 950 principatum
2193 909 2317 949 posse

115 969 184 1011 vel
231 968 392 1010 debere
436 968 688 1009 commutari
731 966 819 1008 vel¹
860 967 1038 1007 alienari
1083 966 1137 1007 ab
1182 966 1361 1021 imperio
1406 965 1472 1006 vel
1511 964 1563 1005 ad
1604 965 1734 1006 alium
1780 965 2050 1019 principem¹¹¹
2091 964 2313 1003 transferri

115 1038 207 1079 sine
241 1037 462 1078 voluntate
508 1036 768 1092 presidentis
812 1036 1015 1090 principis
1059 1035 1174 1076 illius
1218 1035 1484 1090 principatus
1519 1038 1561 1075 ct
1593 1033 1645 1074 de
1689 1034 1841 1088 plano¹¹
1876 1046 2089 1073 consensu
2123 1030 2314 1071 eiusdem

113 1106 478 1148 ministerialium.
542 1105 683 1161 Super
723 1118 805 1160 quo
847 1105 963 1146 facta
1007 1119 1030 1145 a
1072 1104 1195 1145 nobis
1239 1104 1531 1159 inquisitione,
1576 1117 1651 1158 per
1694 1103 1962 1143 sentenciam
2006 1101 2242 1156 principum
2279 1105 2320 1139 et

115 1176 473 1218 subsecucionem
522 1178 610 1216 tam
658 1174 866 1215 nobilium
915 1187 1041 1228 quam
1094 1173 1305 1214 baronum
1353 1178 1482 1228 atque
1532 1171 1877 1212 ministerialium
1923 1176 1965 1211 et
2014 1168 2318 1223 omnium‘qui

116 1245 296 1286 aderant
342 1244 579 1285 iudicatum
623 1249 705 1284 est:
756 1243 921 1284 nullum
963 1243 1252 1298 principatum
1296 1255 1426 1297 posse
1463 1240 1528 1282 vel
1567 1241 1726 1281 debere
1772 1240 1941 1280 nomine
1987 1238 2212 1278 concambii
2254 1237 2318 1277 vel

116 1314 411 1368 cuiuscunque
445 1313 724 1354 alienacionis
759 1312 811 1353 ad
845 1312 972 1353 aliam
1006 1325 1237 1367 personam
1270 1310 1493 1352 transferri
1523 1309 1575 1350 ab
1607 1309 1814 1365 inperio0,
1848 1309 1929 1349 nisi
1954 1307 2005 1348 de
2030 1321 2146 1347 mera
2172 1306 2317 1345 volun-

114 1387 204 1425 tate
237 1387 280 1424 et
311 1396 494 1424 assensu
526 1381 732 1438 principis
765 1380 1028 1437 presidentis
1064 1385 1107 1422 et
1141 1380 1488 1421 ministerialium
1513 1378 1710 1420 eiusdem
1742 1378 2021 1433 principatus.
2079 1375 2167 1416 Nos
2192 1375 2321 1428 igitur

115 1451 284 1493 iusticie
327 1456 591 1507 protectores
639 1451 755 1492 nullo
799 1450 1026 1492 conamine
1067 1449 1146 1490 iuri
1191 1449 1317 1490 reniti
1361 1449 1581 1497 volentes,
1631 1448 1898 1489 sentenciam
1941 1446 2077 1502 ipsam
2119 1444 2319 1484 (luximus

115 1520 453 1576 approbandam,
489 1524 532 1562 et
563 1519 676 1575 quod
709 1523 860 1561 eontra
891 1524 1154 1561 memoratas
1188 1518 1399 1559 ecclesias
1433 1523 1476 1558 et
1508 1531 1657 1558 earum
1691 1517 1907 1571 principes
1942 1530 2016 1570 pro
2041 1515 2245 1569 episeopo
2278 1519 2319 1552 et

117 1590 304 1632 ecclesia
336 1589 646 1645 Ratisponensi
676 1589 816 1630 minus
850 1588 996 1630 debite
1029 1588 1287 1637 feceramus,
1321 1587 1493 1628 omnino
1529 1585 1855 1627 retractavimus
1890 1582 2189 1624 incontinenti
2224 1595 2316 1636 prc-

116 1664 238 1701 sente
281 1659 484 1714 episcopo
523 1658 706 1714 prefato.
777 1657 833 1698 Et
865 1671 917 1698 ne
949 1657 1001 1698 de
1045 1662 1190 1698 cetero
1225 1655 1383 1697 similia
1416 1655 1680 1709 contingant,
1728 1653 1999 1695 decernimus
2033 1657 2075 1693 et
2108 1656 2319 1706 perpetua

114 1727 378 1770 firmitudine
414 1727 732 1770 observandum
758 1726 1014 1776 iudicamus,
1048 1725 1162 1781 quod
1186 1739 1271 1767 non
1294 1725 1423 1767 liceat
1446 1725 1522 1765 ulli
1547 1737 1847 1765 successorum
1873 1726 2128 1763 nostrorum,
2162 1719 2318 1760 Roma-

114 1810 266 1838 norum
301 1797 393 1852 regi
426 1811 503 1839 seu
535 1796 786 1852 inperatori,
825 1796 1114 1852 principatum
1147 1795 1348 1849 aliquem,
1392 1798 1440 1834 ut
1473 1793 1671 1849 superius
1706 1792 2022 1833 sentenciatum
2056 1794 2134 1832 est.
2170 1789 2222 1828 ab
2258 1788 2317 1828 in-

115 1866 235 1923 perio
279 1867 422 1922 aliquo
468 1865 594 1908 modo
637 1866 850 1917 alienare,
900 1864 975 1906 sed
1019 1878 1169 1906 omnes
1210 1864 1393 1919 inperii¹¹
1430 1863 1694 1918 principatus
1736 1863 1778 1902 in
1819 1875 1894 1902 suo
1944 1860 2035 1900 iure
2078 1863 2119 1899 et
2160 1858 2320 1898 honore

116 1935 266 1977 illesos
312 1936 583 1977 observarep.
658 1935 717 1976 Ut
764 1935 910 1990 itaque
954 1934 1113 1975 dilecta
1154 1933 1292 1974 fidelis
1333 1938 1479 1973 nostra
1521 1931 1787 1973 Grerdrudisq
1831 1935 1874 1971 et
1913 1941 2188 1970 successores
2230 1926 2321 1966 eius

117 2004 338 2046 abbatisse
382 2019 464 2047 nec
507 2019 592 2046 non
634 2005 795 2060 regalis
841 2003 1028 2045 ecclesia
1061 2002 1331 2058 Superiorisr
1364 2001 1618 2042 Monasterii
1659 2000 1739 2041 hac
1773 1998 1999 2040 sentencia
2031 1995 2248 2051 gaudeant
2282 1994 2320 2034 in

116 2078 245 2122 antea
277 2078 321 2116 et
351 2075 592 2130 glorientur
622 2075 664 2115 in
697 2077 970 2130 perpetuum,
1004 2073 1084 2114 hoc
1119 2072 1326 2127 scriptum
1360 2072 1422 2112 eis
1457 2070 1712 2111 indulsimus
1738 2069 1882 2123 sigillo
1915 2066 2152 2107 maiestatis
2176 2068 2321 2105 nostre

117 2143 376 2186 roboratum.

261 2212 404 2254 Huius
428 2213 489 2254 rei
515 2217 613 2254 sunt
631 2217 787 2254 testes:
811 2212 1020 2254 Albertus
1042 2209 1435 2286 lIagdeburgensis
1456 2208 1826 2263 archiepiscopus,
1848 2205 2137 2260 Engelbertus
2158 2203 2321 2243 electus

120 2281 394 2324 Coloniensis
426 2282 796 2338 archiepiscopus,
830 2281 933 2323 Otto
956 2279 1316 2334 Wirzbmgensis
1351 2278 1596 2334 episcopus
1630 2276 1733 2318 Otto
1758 2275 2048 2329 Frisingensis
2074 2273 2319 2328 episeopus

119 2350 302 2393 Sifridus
336 2351 631 2407 Augustensis
666 2352 906 2407 episcopus,
935 2349 1155 2391 Vltricus³
1187 2347 1481 2389 Pattauiensis
1515 2347 1697 2390 electus
1731 2345 1852 2386 Cuno
1876 2342 2130 2384 Eluacensis
2154 2340 2321 2381 abbas

117 2420 389 2476 Lodoyicusu
435 2421 525 2462 dux
567 2419 767 2462 Bawarie
815 2433 960 2462 comes
1011 2418 1229 2474 palatinus
1284 2417 1410 2469 Reni,
1458 2416 1736 2457 Hermannus
1784 2419 1827 2454 et
1873 2412 2117 2453 Fridericus
2167 2410 2320 2449 fraties

118 2489 389 2532 marchiones
428 2490 482 2532 de
520 2489 686 2543 Baden,
731 2489 952 2531 Gerardus
986 2501 1132 2529 comes
1165 2486 1218 2528 de
1252 2486 1390 2537 DietS,
1435 2484 1537 2526 Otto
1579 2484 1668 2525 dux
1700 2483 1906 2524 Meranie.
1941 2481 2246 2522 Hermannusv
2280 2482 2321 2517 et

118 2558 388 2601 LodwicusW
419 2559 598 2601 comites
631 2559 714 2600 dex
737 2557 1061 2608 Wirtenberch,
1102 2570 1245 2597 comes
1278 2555 1490 2596 Ernestoy
1532 2553 1584 2595 de
1617 2552 1857 2597 Villeseke,
1899 2548 2132 2591 Bertoldus
2166 2545 2321 2587 nobilis

122 2627 174 2670 de
207 2627 355 2670 Niffen
396 2632 440 2671 et
475 2628 551 2669 filii
592 2629 657 2669 sui
698 2627 936 2669 Henricusz
970 2631 1013 2668 et
1044 2625 1265 2676 Albertus,
1309 2622 1529 2665 Gerardus
1567 2635 1709 2663 comes
1749 2620 1799 2661 de
1833 2619 2019 2661 Rineck.
2062 2616 2320 2657 Anselmusa

120 2697 174 2739 de
217 2697 442 2753 Iustingen
486 2698 780 2739 marescalcus
827 2696 998 2752 inperii,
1036 2693 1289 2735 Walterusb
1338 2692 1544 2749 pincerna
1583 2690 1752 2746 inperii,
1785 2688 2025 2730 WVernerus
2064 2684 2228 2740 dapifer
2268 2683 2319 2723 de

117 2765 369 2819 Bolandia0‚
401 2766 531 2809 Dieto
563 2767 616 2808 de
649 2765 964 2822 Rauenspurch
1003 2764 1264 2806 camerarius
1297 2762 1464 2817 inperii,
1498 2765 1540 2802 et
1573 2760 1647 2801 alii
1680 2772 1805 2814 quam
1838 2758 1995 2813 plures.

260 2835 280 2889 }{
311 2835 521 2891 Signumd
552 2836 713 2878 domini
744 2834 954 2876 Friderici
987 2832 1161 2875 secundi
1188 2831 1485 2873 Romanorum
1518 2829 1633 2884 regis
1668 2833 1710 2870 et
1742 2839 1913 2882 semper
1945 2824 2039 2878 (M.)
2073 2822 2243 2877 augusti
2278 2824 2320 2861 et

120 2905 234 2960 regis
266 2904 454 2947 Siciliee.
484 2907 503 2960 ξ

265 2973 360 3029 Ego
394 2971 652 3015 Chunradus
685 2973 893 3015 Metensis
927 2976 970 3013 et
1002 2971 1219 3027 Spirensis
1252 2970 1481 3025 episcopus
1514 2967 1733 3022 inperialis
1767 2965 1862 3006 aule
1896 2961 2193 3004 cancellarius
2228 2959 2320 2999 vice

123 3042 284 3084 domini
317 3043 463 3084 Sifridi
495 3041 765 3098 Maguntinif
794 3040 1109 3096 archiepiscopi
1142 3044 1186 3081 et
1223 3038 1363 3080 tocius
1397 3036 1628 3078 Germanic
1669 3031 2035 3075 archicancellarii
2077 3027 2319 3082 recognovi.

266 3112 380 3153 Acta
412 3116 511 3153 sunt
543 3112 624 3153 hec
655 3111 931 3166 Erbipolimg
962 3123 1074 3151 anno
1114 3108 1168 3150 ab
1210 3106 1514 3148 incarnacione
1547 3104 1720 3146 Domini
1762 3101 1988 3142 millesimo
2023 3096 2320 3140 ducentesimo

125 3180 463 3233 sextodecim0h‚
497 3185 707 3236 regnante
739 3179 1052 3236 gloriosissimo
1085 3177 1255 3219 domino
1286 3175 1506 3217 Friderico
1534 3174 1617 3216 Dei
1650 3172 1788 3228 gratia
1821 3169 2008 3211 secundo
2032 3168 2319 3209 Romanorum

262 3317 323 3353 57.
356 3319 386 3361 θ)
417 3313 590 3353 Chfinradi
622 3318 653 3351 2.
795 3316 827 3361 f)
857 3317 1036 3360 Herbipoli
1066 3315 1096 3349 2.
1247 3314 1281 3357 8)
1312 3311 1402 3346 Terta
1432 3312 1464 3346 2.
1604 3310 1637 3351 h)
1672 3310 1821 3352 sequitur
1857 3319 1938 3341 suas
1973 3307 2083 3339 statim
2120 3306 2264 3338 deletum
2290 3302 2318 3335 2.

122 3375 148 3419 i)
173 3382 275 3420 atque
299 3376 331 3410 2.
471 3375 506 3419 k)
532 3377 724 3421 principum
756 3382 790 3409 et
825 3376 1027 3408 sententiam
1052 3372 1085 3406 2.
1224 3371 1250 3413 ¹)
1276 3371 1492 3413 aliquomodo
1526 3369 1608 3402 add.
1633 3367 1663 3400 2.
1806 3368 1847 3405 ¹1¹)
1879 3366 1926 3397 ad
1951 3365 2074 3397 aliam
2101 3373 2321 3407 personam

124 3436 425 3478 quoquomodo
449 3434 482 3468 2.
597 3433 632 3476 11)
658 3434 750 3466 deest
772 3433 803 3466 2.
934 3430 966 3474 0)
993 3433 1035 3464 ab
1060 3431 1200 3474 imperio
1225 3429 1399 3462 transferri
1424 3426 1455 3459 2.
1573 3426 1606 3468 P)
1634 3426 1795 3457 honore
1820 3423 1977 3455 debere
2002 3431 2264 3454 conservare
2290 3418 2320 3451 2.

125 3492 159 3535 ⁴1)
184 3495 223 3526 T.
251 3492 281 3526 2.
406 3492 434 3534 r)
460 3498 499 3525 et
523 3492 707 3525 ecclesia
737 3491 895 3534 regalis
928 3489 1148 3522 inferioris
1174 3486 1204 3520 2.
1345 3485 1373 3528 s)
1398 3485 1534 3517 Vlricus
1558 3481 1589 3516 2.
1731 3481 1757 3522 t)
1783 3474 1902 3513 Chfino
1928 3480 2033 3513 abbas
2059 3477 2264 3511 Elwacensis
2289 3475 2320 3507 2.

125 3548 161 3593 ¹²)
186 3551 367 3584 Lodwicus
390 3549 421 3582 2.
516 3549 548 3590 v)
575 3550 880 3581 Hartmannus
905 3547 1027 3580 rectius
1051 3545 1083 3579 2.
1177 3544 1218 3588 W)
1244 3544 1428 3577 Ludwicus
1453 3540 1484 3574 2.
1578 3547 1612 3581 Χ)
1638 3539 1729 3572 deest
1753 3538 1783 3571 1.
1876 3539 1907 3578 y)
1935 3537 1981 3569 sic
2001 3536 2029 3568 1.
2048 3534 2078 3568 2.
2159 3534 2188 3575 Ζ’)
2215 3534 2320 3566 Hain-

125 3608 217 3641 ricus
241 3606 272 3640 2.
391 3606 422 3648 θ’)
447 3607 654 3640 Anshelmus
677 3605 708 3639 2.
824 3604 857 3646 b)
884 3605 1082 3637 Waltherus
1107 3601 1139 3635 2.
1270 3603 1301 3642 ⁰)
1326 3600 1537 3633 wernherus
1562 3598 1602 3630 de
1627 3596 1819 3629 Bonlaudia
1844 3595 1973 3637 dapifer
1998 3592 2028 3625 2.
2146 3589 2179 3632 d)
2206 3590 2322 3622 literae

62 3670 96 3695 50
131 3665 307 3710 elonqatae
331 3664 368 3697 in
394 3663 424 3700 1·
451 3662 481 3700 2·
600 3661 630 3706 0)
657 3664 794 3706 SyciliQ,
821 3663 970 3710 sequitur
996 3660 1074 3702 (M.)
1099 3660 1135 3692 in
1160 3658 1192 3692 2.
1319 3657 1353 3700 f)
1379 3656 1573 3700 Moguntini
1599 3654 1631 3688 2.
1728 3652 1761 3691 Β)
1787 3652 1963 3696 Herbipoli
1987 3649 2018 3682 2.
2114 3648 2145 3689 h)
2172 3648 2262 3680 XVI.
2289 3645 2319 3679 2.
