2558 3970
85 889 116 915 10

78 1683 110 1710 1⁵

76 2503 109 2530 25

77 3192 109 3218 35

630 141 837 176 PHILIPPI
866 142 1004 176 REGIS
1031 142 1463 179 CONSTITUTIONES.
1517 146 1614 179 1207.
1667 146 1727 180 Nr.
1752 148 1801 180 ll.
1834 149 1883 180 12.
2310 155 2354 190 15

297 259 336 299 8.
381 258 488 298 Item
537 258 652 298 cives
695 257 978 298 colonienses
1027 258 1222 299 inducias
1266 260 1425 300 liabent
1468 260 1520 300 ile
1567 260 1775 302 fidelitate
1819 262 2013 303 facienda
2057 264 2227 304 domino
2267 266 2355 318 regi

154 341 290 383 usque
323 326 375 368 ad
409 326 666 368 dominicam
698 326 922 368 Invocavit
954 341 1042 371 me.
1076 334 1119 368 et
1152 329 1295 369 statim
1332 329 1403 370 illo
1438 330 1622 370 termino
1657 331 1806 384 elapso
1841 331 2000 371 facient
2034 332 2071 371 ci
2107 332 2354 372 fidelitatem
2379 350 2459 375 mn.
2481 355 2517 376 ιι.

154 401 372 450 tamquam
410 394 582 435 domino
622 399 665 435 et
707 396 797 449 regi
832 410 928 437 suo:
971 402 1014 437 et
1046 396 1159 451 quod
1194 397 1305 438 istud
1341 402 1440 438 tunc
1475 399 1561 440 fiat.
1606 399 1787 439 iuratum
1823 407 1886 439 est
1921 400 2099 440 (¹olonie
2133 416 2156 441 a
2190 400 2355 441 dnobus·

154 463 329 506 milibus
369 463 587 504 hominum
629 468 672 504 et
710 464 912 518 amplius:
955 470 999 505 et
1040 479 1092 505 ne
1127 466 1310 506 violetur
1351 466 1426 506 lice
1462 467 1740 521 composicio,
1785 466 1884 507 (lata
1926 467 2008 507 tide
2045 470 2236 523 promisit
2269 469 2353 509 ‹lux

153 531 433 587 Lotharingie
466 536 509 573 et
541 533 766 587 prescripti
799 534 993 574 comites.

295 603 332 642 9.
374 600 482 642 Item
527 601 562 641 si
602 602 829 642 occasione
871 602 997 643 huius
1042 603 1374 657 composicionis
1419 604 1645 658 quisquam
1691 606 1806 645 cives
1847 606 2130 646 vuloini-uses
2174 621 2353 657 gravari·

151 674 440 727 presumeret,
483 669 682 711 dominus
726 685 802 711 rex
848 672 1144 727 principaliter
1184 672 1300 726 ipsos
1345 673 1665 717 manutenebit,
1713 679 1755 713 ct
1799 682 2022 724 magnates
2065 676 2194 715 ctiam
2240 682 2352 716 terre

151 740 270 795 ipsos
302 738 500 780 omnibus
543 739 680 780 modis
722 740 944 781 iuvabunt.
1008 740 1097 796 Ipsi
1131 741 1261 782 etiam
1297 741 1539 795 burgenses
1575 742 1626 782 ad
1664 742 1741 783 be(-
1777 743 2044 783 observanda
2081 745 2353 797 magnatibus

151 811 268 850 terre
300 807 522 850 assistent.

302 877 362 916 10.
395 876 506 917 Item
531 878 785 918 exactiones
809 876 1041 920 indebitas.
1072 892 1179 932 quas
1203 879 1344 918 facere
1369 883 1690 919 consueverunt
1713 884 1904 934 tempore
1928 893 2108 933 gwerre.
2134 880 2184 919 ‹lc
2209 887 2352 920 cetero

150 958 235 986 non
268 944 497 1000 recipient:
542 950 585 986 et
616 960 694 1001 per
727 946 837 987 hanc
877 948 1057 987 formam
1091 947 1423 1002 composicionis
1458 948 1497 988 in
1531 948 1767 988 continenti
1802 949 1841 988 in
1875 949 2012 1002 gratia
2047 948 2205 989 domini
2241 951 2353 1003 rogis

150 1019 275 1056 erunt
308 1019 350 1055 et
384 1015 516 1055 salvis
551 1015 680 1056 rebus
713 1022 756 1056 et
790 1017 986 1071 personis
1021 1031 1094 1071 per
1128 1022 1264 1057 totuin
1299 1017 1525 1072 imperium
1561 1031 1834 1071 quorumqua-
1871 1017 2080 1057 volui-rint
2118 1018 2251 1060 ibunt.

659 1439 738 1507 12.
796 1435 1239 1507 PAGTUM
1292 1435 1844 1508 NUPTIALE

545 1539 786 1611 CUM
841 1538 1144 1611 DUCE
1200 1539 1952 1610 BRABANTlAE.

1065 1665 1209 1713 1207.
1248 1664 1365 1712 Feb.
1395 1666 1440 1712 9.

287 1808 415 1850 Dedit
446 1807 590 1850 Arndt
626 1822 646 1848 c
683 1807 942 1850 chartulario
983 1808 1189 1851 tabularii
1227 1808 1527 1850 Bruaecllcnse's
1575 1807 1780 1849 Cleccmbrc
1817 1809 1886 1849 dos
1929 1811 2102 1861 comples
2145 1809 2220 1849 Nr.
2253 1812 2282 1850 1.
2312 1809 2349 1849 Ιί

143 1891 244 1921 saec.
268 1878 345 1920 XI
353 1877 425 1921 V1.
458 1904 512 1908 -
545 1877 738 1928 Bo'hmer,
771 1877 872 1931 Κεφ.
904 1878 1004 1931 imp.
1032 1878 1076 1928 V,
1097 1880 1190 1919 141.
1973 1878 2043 1930 (Ι).
2066 1878 2205 1927 clm-t.)

288 2004 414 2047 Anno
443 2004 654 2046 dominice
684 2005 992 2047 incarnationis
1011 2003 1236 2056 MCCVII,
1261 2004 1316 2045 V.
1338 2003 1443 2045 Idus
1466 2004 1706 2054 Februarii.
1731 2005 1961 2046 indictione
1985 2005 2038 2046 X.
2058 2011 2152 2046 acta
2175 2007 2348 2045 fuerunt

147 2074 228 2117 hec
260 2074 373 2130 apud
409 2073 709 2116 Geilenhusen
742 2088 824 2130 que
858 2074 1039 2116 inferius
1073 2078 1173 2115 sunt
1205 2077 1428 2115 annotata.

294 2147 326 2185 1.
362 2143 574 2185 Dominus
607 2143 835 2200 Philippus
867 2144 1207 2199 gloriosissimus
1238 2143 1532 2184 Romanorum
1577 2157 1653 2184 rex
1687 2157 1859 2198 semper
1891 2148 2100 2198 augustus
2133 2158 2259 2185 unam
2293 2144 2345 2185 de

141 2213 311 2255 filiabus
352 2213 440 2254 suis
478 2212 599 2254 dedit
635 2213 679 2254 in
712 2213 986 2259 matrimonio
1018 2213 1105 2254 filio
1139 2212 1259 2253 ducis
1291 2211 1550 2262 Brabancie,
1594 2217 1637 2253 et
1678 2212 1751 2253 illa
1793 2212 1878 2252 filia
1911 2212 2115 2253 succedet
2149 2214 2188 2253 in
2223 2213 2344 2253 here-

142 2282 319 2324 ditatem
352 2286 579 2338 paternam
612 2297 706 2323 cum
739 2282 834 2323 aliis
868 2282 1034 2324 filiabus
1066 2281 1225 2323 domini
1257 2282 1374 2336 regis
1403 2281 1639 2323 secundum
1663 2282 1728 2322 ius
1753 2286 1795 2323 et
1819 2281 2175 2323 consuetudinem
2200 2281 2343 2322 Theu-

141 2351 275 2403 tunie,
314 2356 357 2393 et
389 2352 481 2407 ipse
515 2350 713 2392 dominus
745 2365 822 2392 rex
861 2351 979 2393 illam
1011 2351 1145 2392 filiam
1177 2350 1422 2405 assignabit
1454 2349 1534 2405 ipsi
1567 2350 1664 2391 duci
1698 2349 1939 2391 Brabancic
1974 2349 2086 2405 apud
2117 2351 2348 2391 Sinniclie‘·

143 2420 464 2476 quartodecimo
496 2420 564 2461 die
595 2425 695 2476 post
726 2424 1004 2476 pentecostes
1028 2420 1098 2461 vel
1132 2420 1221 2461 suis
1244 2419 1425 2469 nunciis,
1460 2419 1660 2460 videlicet
1684 2419 1827 2459 comiti
1852 2418 2012 2468 Gelrie.
2047 2420 2188 2460 comiti
2213 2419 2341 2459 lulia-
2365 2432 2482 2459 innan.

145 2489 277 2541 censi,
315 2489 457 2530 comiti
500 2488 868 2533 Hohenstadensi.
937 2489 994 2531 Et
1036 2493 1083 2530 ut
1125 2490 1218 2545 ipse
1251 2488 1449 2530 dominus
1481 2502 1560 2529 rex
1598 2488 1677 2529 hee
1711 2488 1853 2528 omnia
1885 2488 2029 2542 operis
2063 2488 2343 2528 exsecutione

141 2557 392 2614 adimpleat,
425 2558 528 2600 data
558 2557 643 2600 fide
677 2558 886 2614 promisit.
947 2558 1061 2600 Illud
1095 2559 1225 2600 etiam
1261 2557 1361 2599 data
1392 2557 1476 2599 fide
1509 2557 1706 2613 promisit
1731 2556 1978 2598 Conrardus
2004 2556 2219 2611 Spirensis
2254 2557 2343 2611 cpi-

142 2641 311 2684 scopus.
385 2627 647 2670 Iuraverunt
681 2641 849 2683 quoque
882 2627 925 2668 in
958 2627 1145 2669 animam
1179 2626 1342 2668 domini
1381 2627 1496 2682 regis
1530 2625 1650 2667 Cuno
1684 2625 1735 2667 de
1770 2625 2095 2673 Minzimberch.
2130 2625 2342 2666 Henricus

142 2697 433 2739 marescalcus
465 2696 519 2738 de
542 2695 787 2744 Kallindin;
821 2701 865 2738 et
896 2695 1037 2737 adhuc
1069 2696 1140 2737 alii
1173 2695 1481 2736 ministeriales
1505 2695 1666 2735 domini
1689 2694 1802 2747 regis
1825 2695 1954 2734 simili
1979 2694 2104 2735 modo
2130 2693 2343 2736 iurabunt.

287 2767 326 2806 2.
370 2764 576 2807 Ceterum
615 2764 703 2806 dux
741 2764 988 2807 Brabancie
1032 2764 1154 2806 dabit
1191 2765 1234 2805 in
1271 2763 1417 2805 dotem
1458 2763 1545 2804 filie
1584 2762 1746 2804 domini
1790 2763 1905 2817 regis
1948 2762 2108 2803 reditus
2150 2763 2342 2804 valentes

145 2835 368 2876 annuatim
400 2835 518 2876 mille
551 2848 731 2876 marcas.

287 2905 324 2945 3.
357 2903 415 2945 Et
448 2904 484 2945 si
508 2903 733 2959 contingat
764 2903 896 2944 filiam
920 2902 1082 2944 domini
1106 2903 1220 2958 regis
1244 2902 1365 2953 mori,
1398 2906 1631 2956 antequam
1657 2901 1731 2941 fiat
1754 2900 1938 2941 carnalis
1964 2901 2209 2941 commixtio
2234 2901 2343 2941 inter

143 2987 238 3015 earn
271 2977 316 3015 et
346 2973 487 3029 ipsum
518 2973 652 3015 filium
686 2972 807 3014 ducis
839 2972 1097 3023 Brabancie,
1141 2971 1339 3013 dominus
1372 2985 1450 3012 rex
1489 2971 1583 3011 loco
1624 2970 1738 3010 illius
1772 2969 1891 3010 dabit
1929 2970 2054 3010 aliam
2089 2969 2140 3010 de
2174 2970 2342 3010 filiabus

143 3043 232 3084 suis
271 3042 467 3098 predicto
505 3042 594 3083 filio
635 3041 756 3083 ducis
788 3041 832 3082 in
864 3041 1152 3093 matrimonio,
1191 3041 1225 3082 si
1267 3054 1395 3095 quam
1434 3045 1536 3081 tunc
1567 3038 1770 3080 habuerit
1800 3038 1977 3079 liberam
2013 3044 2055 3079 et
2087 3038 2339 3079 absolutam.

145 3110 192 3153 Si
222 3115 368 3154 autem
400 3111 630 3166 contigerit
663 3111 770 3152 mori
803 3111 937 3152 filium
970 3110 1090 3152 ducis
1112 3110 1360 3151 Brabancie
1394 3109 1594 3150 similiter
1617 3113 1716 3149 ante
1742 3107 1959 3148 carnalem
1985 3107 2340 3157 coniunctionem,

146 3180 181 3221 si
211 3180 306 3236 ipse
338 3180 428 3222 dux
449 3180 691 3222 Brabancie
725 3184 827 3221 tunc
852 3179 982 3220 alium
1014 3179 1149 3220 filium
1173 3178 1387 3229 habuerit,
1419 3177 1614 3234 predicta
1636 3177 1723 3217 filia
1745 3175 1905 3216 domini
1930 3176 2043 3230 regis
2068 3176 2135 3216 vel
2158 3177 2339 3231 aliquab,

143 3248 177 3289 si
208 3261 334 3304 quam
365 3248 578 3300 habuerit,
609 3248 674 3289 illi
703 3247 790 3288 filio
825 3246 946 3288 ducis
978 3246 1226 3288 Brabancie
1259 3246 1640 3288 matrimonialiter
1672 3243 1957 3299 copulabitur.

286 3320 325 3359 4.
362 3317 474 3358 Item
515 3317 551 3358 si
591 3316 863 3371 contingerit,
908 3315 1023 3371 quod
1064 3316 1176 3357 inter
1215 3316 1300 3357 iam
1339 3315 1476 3356 dietas
1510 3328 1734 3370 personas,
1777 3312 1978 3354 videlicet
2015 3313 2145 3353 filiam
2184 3312 2339 3354 domini

141 3386 257 3441 regis
290 3390 333 3428 et
363 3386 499 3427 filium
531 3386 652 3427 ducis
684 3385 928 3426 Brabancie
970 3385 1143 3426 carnale
1177 3385 1479 3426 commercium
1522 3382 1817 3430 intervenerit.
1860 3381 1894 3421 si
1928 3386 2028 3421 tunc
2060 3381 2190 3422 filium
2224 3380 2340 3421 ducis

142 3454 251 3495 mori
283 3455 513 3510 contigerit
543 3455 636 3496 sine
668 3455 804 3511 prole,
837 3455 932 3511 ipsa
963 3455 1050 3496 filia
1083 3454 1245 3495 domini
1277 3455 1393 3510 regis
1428 3453 1628 3495 omnibus
1662 3451 1812 3492 diebus
1837 3451 1924 3492 suis
1953 3451 2117 3492 tenebit
2140 3450 2192 3491 ad
2215 3464 2338 3491 usum

282 3568 341 3604 12.
373 3569 406 3612 ³)
432 3582 455 3602 a
479 3582 568 3604 corr.
592 3571 629 3603 in
654 3571 782 3603 lacuna
805 3581 915 3603 vacua
940 3571 1058 3603 relicta
1083 3571 1166 3603 add.
1192 3570 1264 3603 cod.
1382 3567 1414 3609 b)
1441 3568 1619 3612 leyenclum
1643 3567 1773 3600 videtur
1798 3566 1872 3598 alia.

282 3659 317 3705 1)
345 3660 400 3703 cf.
429 3660 582 3701 ‘Archiv’
608 3660 682 3705 IX,
703 3666 782 3698 608.
