2558 3970
179 206 258 242 564
570 198 819 232 MANFREDI
846 197 984 231 nanis
1013 196 1245 231 EPISTOLA
1272 196 1335 229 AD
1360 196 1606 231 ROMANOS.
1656 198 1754 232 1265.
1802 197 1865 231 ΝΥ.
1883 198 1961 232 424.

179 323 221 356 ct
266 314 497 355 eommunis
550 313 718 367 imperii
765 313 857 352 iura
904 315 1131 366 resurgant
1183 316 1225 353 et
1272 315 1489 365 magestas
1536 315 1682 352 nostra
1730 312 1895 367 imperii
1939 312 2046 352 solio
2088 316 2363 367 preponatur,

180 397 321 437 quam,
363 381 569 435 imperiali
616 386 763 421 nostra
803 381 1003 435 potencia
1040 379 1276 435 privilegiis
1308 381 1546 429 renovatis,
1590 380 1887 434 antiquissime
1918 383 1990 420 tue
2024 380 2138 422 sedis
2171 381 2362 422 domina-

184 451 308 490 bilem
342 450 521 502 gloriam
554 456 840 493 reassumas‘l,
881 449 922 488 in
956 462 1038 503 qua
1070 449 1171 488 olim
1212 449 1394 503 singulis
1427 447 1687 488 dominando
1719 452 1888 489 tuorum
1928 449 2233 503 imperatorum
2265 464 2362 504 pre-

181 518 288 557 sidio
323 517 500 557 duorum
534 517 695 557 milium
727 530 933 557 annorum
963 516 1183 557 curriculis
1213 521 1256 558 et
1285 517 1398 557 ultra
1431 517 1466 557 si
1497 516 1607 557 bene
1629 517 1786 557 recolis
1817 516 2060 571 presedisti.
2149 515 2241 572 (19)
2274 517 2364 559 Nec

179 587 291 626 enim
332 585 496 640 prefata
540 591 637 625 sunt
679 586 756 625 iuri
798 585 1029 628 contraria,
1072 589 1159 625 set¹
1199 598 1386 626 consona
1426 584 1606 635 racioni,
1646 598 1740 624 cum
1783 584 1927 639 legum
1963 585 2253 627 voluminibus
2285 600 2361 627 ex-

177 654 342 708 quisitis
383 653 493 693 intra
530 667 746 694 sacrorum
780 667 997 693 murorum
1038 657 1230 693 tuorumS
1261 653 1431 694 felicem
1464 652 1692 693 circuitum
1724 652 1840 693 illam
1873 653 2068 694 eamdem
2100 653 2229 696 hodie
2262 668 2364 695 con-

179 722 314 762 tineas
347 725 624 775 potestatem.
658 735 783 776 quam
816 721 1002 762 habuisti
1035 721 1242 762 hactenus
1267 735 1291 761 a
1313 722 1505 776 primevo
1529 720 1583 761 ad
1606 719 1925 761 similitudinem
1947 721 2050 762 iuris
2074 723 2197 774 cessi,
2227 723 2368 764 cuiust

178 790 307 831 accio.
341 789 532 830 cedentis
569 790 737 830 ossibus
770 789 971 833 radicata,
1006 791 1158 830 transit
1189 790 1320 835 utilis,
1353 804 1435 830 non
1470 789 1653 842 directa,
1687 793 1730 829 et
1761 788 1869 830 ideo
1890 789 1934 830 in
1967 790 2136 831 casibus
2170 795 2366 846 quatuor,

180 860 212 898 si
247 857 404 899 cedens
437 859 478 899 in
512 858 680 912 agendo
705 858 997 900 cedatai·ium¹¹
1030 858 1271 905 antecedat,
1304 858 1579 913 apertissime
1604 857 1713 898 iuriv
1746 856 1945 898 Codicis¹
1979 857 2221 901 subiacetw.
2272 859 2365 900 Nec

180 933 277 966 tue-¹
309 931 451 980 potest
494 927 787 968 contradicere
819 928 1005 967 maxime
1038 928 1238 983 potestati
1271 926 1364 968 Lex
1398 926 1579 981 Regia2,
1619 940 1702 981 qua
1743 930 1932 978 cavetur,
1972 941 2098 969 omne
2140 928 2364 983 imperium

179 1008 434 1049 omnemque
478 1000 738 1050 potestatem
771 995 1013 1036 Romanum
1054 996 1260 1051 populum
1305 996 1346 1036 in
1387 1009 1579 1037 cesarem
1622 995 1919 1046 transtulisse,
1963 1009 2058 1036 cum
2097 997 2173 1037 illa
2203 997 2246 1037 in
2276 996 2366 1038 iure

180 1062 418 1104 condendo.
453 1071 565 1104 non·v
598 1065 710 1105 enim
743 1064 858 1105 circa
892 1064 1151 1105 eleccionem
1184 1069 1226 1104 et
1257 1064 1438 1105 formam
1469 1064 1635 1118 imperii
1666 1064 1945 1119 alloquatu1·2.
1995 1064 2052 1105 Et
2079 1065 2140 1106 sic
2163 1065 2367 1121 predictis

182 1131 424 1172 rau-ionibus
449 1137 491 1173 et
513 1133 608 1173 aliis
631 1133 823 1187 plurimis
845 1132 1069 1173 brevitatis
1094 1133 1299 1173 reclusis²¹
1333 1132 1512 1173 silencio
1537 1132 1717 1173 donacio
1741 1132 1813 1173 illa
1835 1132 2058 1188 inprovida
2082 1132 2366 1186 Constantini,

181 1200 214 1239 si
258 1200 399 1254 aliqua
432 1200 513 1240 diei
557 1201 715 1255 potuit,
758 1215 840 1241 non
883 1201 1022 1242 tenuit
1054 1201 1096 1241 in
1128 1200 1412 1256 preiudicium
1443 1201 1651 1252 alienum,
1698 1203 1846 1256 utpote
1878 1201 2186 1256 imperatorum
2218 1202 2364 1243 subse-

180 1270 407 1322 qucncium
440 1294 492 1297 —
525 1274 571 1310 ut
613 1270 654 1309 in
688 1283 864 1325 corpore
897 1270 1257 1311 Autenticorum³
1290 1269 1517 1324 ‘quomodo
1549 1272 1745 1325 oporteat
1787 1268 2027 1325 episcopos⁷
2061 1271 2174 1312 circa
2204 1271 2364 1326 princi·

181 1337 293 1390 pium
329 1344 394 1378 est
426 1343 619 1378 notatum
652 1363 704 1367 ψ
738 1344 781 1379 et
822 1338 958 1379 eciam
991 1338 1102 1380 alme
1135 1338 1287 1390 Urbis,
1331 1352 1356 1379 a
1395 1338 1515 1380 cuius
1555 1338 1797 1394 primordiis
1830 1339 1997 1393 imperii
2029 1338 2215 1394 dignitas
2247 1354 2364 1381 ema-

180 1406 307 1446 navit.
427 1406 518 1460 (20)
557 1406 766 1448 Preterea
810 1420 894 1447 non
936 1411 1002 1448 est
1044 1421 1220 1459 novum,
1268 1407 1304 1448 si
1345 1407 1548 1462 potencia
1585 1410 1732 1448 nostre
1770 1407 2037 1448 maiestatisb
2070 1408 2161 1449 vult
2194 1412 2238 1449 et
2268 1422 2366 1450 esse

179 1473 309 1514 debet
341 1474 634 1529 predictorum
678 1475 865 1516 omnium
898 1476 1140 1530 operatrix,
1183 1489 1278 1516 cum
1318 1476 1540 1530 legamusc
1570 1475 1727 1516 Iulium
1761 1475 1990 1527 Cesarem,
2034 1489 2109 1516 suo
2151 1479 2270 1516 motu
2300 1476 2365 1516 in-

180 1543 424 1583 venientem
447 1543 708 1598 primordiad
742 1544 978 1599 imperialis
1002 1544 1175 1598 fastigii,
1209 1544 1367 1585 nullius
1390 1544 1661 1585 auctoritatis
1685 1543 1891 1598 suffragio
1914 1543 2115 1598 primitus
2138 1550 2366 1585 coroname

178 1610 445 1665 possedisses
475 1612 679 1667 imperiig,
725 1613 862 1653 eciam
895 1616 1037 1653 vestro
1070 1612 1205 1653 invito
1240 1616 1414 1664 senatu,
1447 1612 1560 1667 quod
1591 1616 1734 1667 potest
1765 1611 1925 1653 sorcius
1958 1613 2171 1667 reputari,
2212 1616 2254 1654 et
2284 1612 2366 1654 hoc

179 1679 282 1720 illud
321 1685 446 1734 poete
488 1684 669 1722 testatur
700 1680 914 1721 Lucani4:
959 1681 1182 1721 ‘traximus
1224 1680 1452 1735 imperium
1493 1680 1687 1735 quamvis
1728 1680 1903 1722 nolente
1942 1679 2126 1722 senatu’.
2189 1680 2235 1722 Si
2266 1695 2364 1736 pre-

179 1748 317 1788 dictus
362 1749 505 1803 igitur.
550 1763 634 1789 non
676 1752 794 1790 tante
836 1748 1095 1801 nativitatis,
1139 1748 1360 1804 dignitatis
1404 1754 1533 1804 atque
1568 1750 1767 1804 potencie
1802 1750 1910 1790 sicut
1941 1753 2086 1790 nostra
2117 1749 2366 1805 prefulgens

179 1817 405 1868 maiestas,
448 1831 473 1858 a
505 1832 551 1858 se
593 1818 686 1872 ipso
720 1818 924 1858 novitatis
958 1818 1137 1858 formam
1171 1817 1341 1870 eduxit,
1385 1818 1519 1859 multo
1551 1818 1858 1859 racionabilius
1890 1831 1990 1870 neS,
2035 1817 2138 1859 editi
2170 1818 2222 1860 de
2255 1819 2367 1860 anti—

179 1886 383 1938 quissimo
418 1886 629 1940 sanguine
662 1887 823 1928 cesaris
856 1886 1121 1938 christianih,
1155 1886 1290 1928 forme
1314 1886 1497 1928 reddere
1530 1900 1759 1942 possumus
1787 1887 2012 1942 imperium
2035 1887 2366 1940 reformandum,

179 1960 266 1993 tum
314 1955 412 2009 quia
461 1955 736 2010 prerogativa
782 1959 925 1997 nostre
973 1955 1210 1996 nativitatis
1259 1968 1439 1997 cesarea
1485 1969 1534 1996 ac
1582 1955 1750 2010 imperii
1797 1955 2070 2011 possessione
2117 1956 2368 2011 amplixima

180 2021 457 2063 christianum
492 2023 729 2078 quemlibet
762 2037 1037 2078 superamus,
1082 2028 1172 2064 tum
1205 2024 1304 2078 quia
1335 2024 1412 2065 tibi
1444 2023 1602 2065 Romei
1632 2024 1820 2065 maxime
1852 2027 1997 2065 nostre
2029 2025 2231 2079 potencie
2264 2038 2366 2066 con-

179 2090 332 2131 finibus
366 2091 668 2143 eonfinamusk,
703 2096 793 2133 tum
826 2092 925 2147 quia
955 2096 1101 2134 nostre
1134 2093 1335 2148 prosapie
1370 2106 1451 2133 non
1485 2096 1552 2134 est
1583 2107 1753 2145 novum,
1788 2092 1900 2134 circa
1931 2092 2097 2147 imperii
2118 2092 2365 2134 libertatem

181 2173 225 2198 se
260 2160 435 2201 viriliter
473 2174 602 2214 agere
645 2174 694 2201 ac
739 2161 901 2201 cunctis
941 2161 1049 2201 votis
1092 2160 1330 2202 intendere.
1450 2159 1544 2216 (21)
1588 2161 1633 2202 Si
1665 2160 2007 2202 victoriosissimi
2045 2160 2190 2216 proavi
2232 2161 2369 2202 nostri

182 2231 277 2267 acta
310 2227 623 2282 triumphorum
665 2228 855 2270 felicium
886 2228 1178 2270 Romanorum
1220 2229 1431 2270 industria
1461 2232 1769 2284 perscrutetur,
1810 2229 2061 2270 illuminetis
2094 2242 2299 2284 namque,
2332 2228 2368 2270 si

182 2294 392 2336 curiosius
426 2295 656 2351 indagatis,
689 2297 871 2352 qualiter
902 2296 1025 2338 divus
1058 2301 1268 2352 augustus
1299 2297 1459 2352 primus
1491 2297 1689 2339 dominus
1719 2296 1966 2338 Fridericus
1996 2310 2182 2352 proavus
2205 2301 2367 2350 noster,

181 2362 330 2404 eodem
365 2364 497 2406 livore
530 2364 687 2406 invidie
720 2379 744 2406 a
775 2365 971 2407 Romane
1005 2366 1181 2421 prelatis
1216 2366 1402 2407 ecclesie
1434 2366 1654 2421 fatigatus,
1688 2379 1770 2420 quo
1804 2368 1848 2407 et
1881 2365 2152 2406 maiestatem
2176 2369 2367 2406 nostram

181 2433 312 2472 torvis
345 2434 478 2474 oculis
512 2448 624 2474 nunc
657 2434 809 2489 aspicit
841 2433 952 2475 dira¹
984 2439 1134 2487 mater,
1168 2435 1460 2476 Mediolanum
1492 2435 1641 2476 nolens
1672 2435 1814 2490 ipsum
1846 2434 1889 2475 in
1919 2434 2224 2489 imperatorem
2255 2434 2365 2475 reci-

180 2513 305 2554 pere.
353 2502 554 2556 potencia
601 2516 675 2543 sua
717 2517 874 2557 magna
915 2502 1085 2545 obsedit
1124 2504 1349 2558 ipsumque
1391 2504 1536 2545 taliter
1569 2503 1778 2555 edomuit,
1822 2502 1933 2558 quod
1965 2503 2102 2558 ipsam
2135 2502 2366 2555 civitatem,

183 2568 390 2610 nitentem
424 2571 674 2611 calcaneum
714 2571 880 2625 erigere
914 2576 1063 2613 contra
1095 2586 1310 2625 cesarem,
1353 2572 1538 2614 finaliter
1569 2572 1800 2628 tripertivit
1830 2572 1873 2612 in
1904 2571 2075 2626 burgos.
2136 2571 2198 2614 Te
2230 2572 2367 2627 ipsam

202 2638 385 2689 jtomam,
434 2639 761 2680 seduccionibus
803 2639 996 2681 Romane
1041 2641 1303 2695 prelatorum
1351 2641 1533 2683 ecclesie
1579 2641 1793 2697 prefatum
1837 2654 2043 2696 proavum
2094 2643 2286 2681 nostrum
2326 2640 2368 2681 in

184 2719 375 2748 cesarem
412 2708 602 2763 recipere
637 2713 930 2760 recusantem,
973 2708 1211 2750 durissimis
1245 2709 1477 2764 exagitatis
1510 2710 1655 2766 preliis
1689 2709 1923 2764 exquisivit
1954 2709 2008 2750 ad
2039 2709 2211 2760 ianuas,
2252 2713 2295 2750 et
2325 2712 2368 2750 te

186 2775 320 2829 ipsam
344 2775 541 2827 Romam,
575 2776 768 2819 Romane
803 2778 982 2832 prelatis
1007 2779 1190 2820 ecclesie
1219 2779 1569 2834 impugnantibus
1592 2783 1682 2820 toto
1707 2793 1834 2834 posse
1858 2793 2033 2820 cesaree
2058 2791 2134 2819 sue
2153 2777 2367 2832 potencie,

186 2843 407 2885 victorioso
441 2859 488 2886 ac
523 2845 706 2886 violento
740 2846 937 2900 ingressu
973 2846 1218 2903 [intrando],
1251 2848 1400 2889 intram
1434 2849 1570 2890 eciam
1604 2862 1745 2889 muros
1777 2852 1871 2889 tuos
1897 2848 2013 2889 varia
2037 2861 2198 2902 genera
2229 2847 2366 2887 homi-

184 2925 281 2952 num
314 2913 679 2969 triumphabiliter
701 2914 972 2968 debellando,
1006 2916 1048 2956 in
1072 2917 1285 2958 ecclesien
1308 2918 1443 2958 sancti
1466 2917 1584 2958 Petri
1607 2918 1730 2958 altari
1752 2917 1957 2958 divinitus
1981 2915 2177 2958 dedicato
2200 2914 2381 2971 imperii,

184 2994 382 3022 coronam
415 2996 490 3036 per
522 2996 566 3023 se
600 2983 739 3037 ipsum
773 2988 816 3025 et
846 2984 1064 3040 principes
1098 2998 1210 3036 suos,
1244 2985 1384 3026 edicto
1418 2986 1638 3041 proposito
1671 2985 1785 3040 quod
1817 2985 1960 3026 nullus
1992 2984 2211 3025 assisteret
2242 2983 2365 3025 cleri-

185 3063 341 3101 corum,
376 3051 626 3105 principum,
663 3052 880 3104 comitum,
912 3053 1122 3094 baronum
1155 3058 1198 3094 et
1230 3053 1450 3105 nobilium,
1481 3053 1782 3108 proceribusn·
1804 3053 2147 3094 ministrantibus
2172 3051 2365 3102 feliciter,

184 3126 227 3156 ut
262 3120 425 3172 negocii
458 3125 610 3162 natura
642 3121 867 3176 poscebat,
902 3134 978 3162 suo
1012 3120 1216 3176 imposuit
1247 3121 1473 3175 magnifico
1508 3121 1649 3176 capiti,
1684 3121 1771 3161 suis
1805 3135 1854 3162 ac
1887 3125 2001 3162 terre
2026 3120 2366 3175 quibuscumque

188 3186 429 3228 volentibus
473 3189 657 3230 feliciter
702 3189 941 3244 imperavit.
1061 3188 1154 3243 (22)
1197 3188 1254 3229 Et
1294 3188 1390 3230 ideo
1432 3193 1577 3230 nostre
1619 3189 1817 3244 potencie
1849 3188 2118 3238 monarchia,
2161 3187 2213 3229 de
2245 3191 2365 3229 tanto

322 3299 406 3333 4¹24.
434 3309 465 3333 sl»
492 3314 718 3335 rcassummas
744 3303 783 3336 P.
855 3305 882 3343 r)
909 3304 935 3336 si
957 3304 991 3335 C.
1063 3306 1090 3344 ξι)
1116 3308 1212 3335 tuum
1232 3303 1270 3335 P.
1342 3303 1368 3345 t)
1395 3304 1478 3336 iuris
1502 3305 1662 3336 cessicius
1678 3304 1718 3336 P.
1789 3303 1824 3345 Π)
1849 3304 2052 3336 cedetarium
2081 3302 2116 3335 C.
2186 3301 2219 3345 v)
2245 3303 2317 3336 iure
2339 3313 2366 3336 c.

186 3361 224 3393 W)
252 3357 393 3389 sublicct
420 3358 465 3390 P:
490 3360 638 3401 subligat
668 3361 702 3392 C.
809 3366 843 3400 x)
869 3365 951 3392 tunc
980 3360 1012 3392 C.
1118 3364 1151 3401 Υ)
1178 3371 1239 3393 nce
1267 3362 1301 3393 (J.
1409 3360 1439 3402 Ζ)
1465 3361 1649 3403 alloquitur
1676 3362 1709 3392 (J.
1803 3360 1834 3402 a)
1866 3360 2003 3392 reclusit
2027 3370 2053 3392 c.
2156 3359 2186 3400 b)
2214 3360 2365 3402 potencie

187 3422 294 3445 nostre
322 3415 478 3446 maiestas
505 3415 542 3447 l'.
661 3421 689 3457 ε)
724 3417 867 3458 legimus
895 3417 930 3448 (J.
1047 3415 1080 3457 (¹)
1113 3418 1302 3459 primordiis
1328 3417 1366 3449 P.
1485 3418 1515 3458 e)
1542 3429 1667 3450 corona
1695 3417 1729 3450 (J.
1847 3414 1877 3457 s)
1902 3417 2086 3459 presedisse
2111 3428 2136 3447 c.
2250 3416 2282 3457 8)
2309 3417 2368 3448 im-

186 3471 275 3511 perio
304 3471 336 3501 (Γ.
455 3470 487 3513 ¹¹)
517 3473 641 3505 Christi
666 3484 691 3505 c.
823 3471 845 3512 1“)
880 3475 985 3505 Roma
1013 3473 1047 3505 C.
1175 3472 1209 3517 k)
1244 3475 1483 3507 confirmamus
1511 3474 1546 3506 (ι’.
1662 3472 1686 3515 1)
1721 3474 1857 3518 respicit
1881 3474 1959 3505 diva
1986 3472 2022 3505 Ο.
2139 3471 2180 3514 m)
2217 3473 2304 3506 inter
2331 3472 2366 3505 U.

186 3532 217 3561 n!
245 3527 386 3559 ecclesia
415 3528 450 3559 (s.
567 3531 621 3570 Π“)
648 3540 822 3571 procerum
849 3541 876 3561 c.

324 3629 357 3669 1)
383 3627 439 3660 Dc
467 3628 616 3661 cess-ione
641 3629 760 3671 (ιῃῐεῑιν
786 3629 823 3661 in
851 3629 932 3664 (lod.
951 3630 980 3663 Ι.
998 3636 1030 3673 4,
1046 3634 1101 3665 39.
1153 3631 1418 3666 (lontrorersiae
1441 3631 1580 3665 cuidam
1609 3631 1843 3674 Messalarum
1867 3629 1981 3663 alludi
2004 3628 2152 3664 videtur.
2246 3628 2282 3670 2)
2309 3627 2364 3670 Cf.

185 3694 211 3716 c.
234 3689 248 3716 1
273 3683 319 3717 Ι).
339 3690 365 3724 1,
379 3690 409 3717 4.
525 3686 559 3726 3.»
586 3685 622 3718 V.
651 3686 735 3719 Nor.
764 3685 852 3719 lust.
871 3692 898 3719 6.
1016 3688 1052 3730 4)
1082 3687 1247 3722 Pharsaz.
1268 3688 1299 3731 I,
1315 3693 1379 3723 274
1390 3699 1437 3731 sq.

2416 601 2431 624 5

2403 940 2435 965 10

2405 1281 2435 1305 15

2403 1627 2438 1652 20

2403 1972 2436 1999 25

2405 2312 2439 2338 30

2405 2654 2437 2680 35

2401 2995 2436 3021 40
2491 2979 2505 3030 ξ.)

2401 3366 2433 3390 45

2399 3692 2478 3722 50,

2480 3290 2521 3390 ξ.

2478 3396 2514 3495 ⁷522,

2476 3474 2505 3696 ἓ
