2558 3970
217 182 297 220 445
562 176 1315 212 CQNRADI1V.t.·ONST1'rUT10NES.
1369 179 1464 213 1242.
1506 179 1602 212 1243.
1642 176 1737 212 1245.
1786 177 2055 213 N1·.339—341.

359 291 580 332 Conradus
614 292 696 332 divi
730 292 899 346 august-i
934 292 1205 346 imperatoris
1239 293 1442 334 Erideriei
1476 293 1552 334 11³¹
1585 293 1712 343 filius,
1745 293 1827 333 Dei
1859 293 1999 347 gratia
2030 293 2323 336 Romanorum
2357 295 2397 336 in

222 375 363 414 regem
399 361 562 401 electus
597 375 765 415 semper
797 364 1004 415 augustus
1029 365 1070 402 et
1094 361 1218 402 heres
1244 362 1363 416 regui
1388 361 1657 403 Ierusalemb
1690 361 1905 402 universis
1927 362 2129 417 paginam
2152 367 2395 418 presentem

217 429 471 483 inspecturis
520 428 687 469 dilectis
736 428 932 469 fidelibus
979 429 1067 469 suis
1114 430 1294 484 gratiam
1335 444 1455 471 suam
1500 434 1541 470 et
1582 444 1707 471 omne
1754 430 1925 471 bonum.
2046 430 2314 473 Constitutus
2355 433 2397 472 in

218 499 432 552 presentia
465 504 608 538 nostre
643 498 908 539 celsitudinis
941 498 1126 540 Ioannes
1160 499 1418 540 venerabilis
1452 499 1690 540 Mindensis
1724 500 1951 554 episcopus
1982 499 2163 541 dilectus
2196 501 2396 556 princeps

217 572 364 607 noster
396 581 472 621 per
506 567 765 607 sententiam
800 567 1047 621 inquisitam
1082 566 1265 607 obtinuit
1298 582 1438 608 eoram
1473 568 1618 608 nobis:
1655 567 1767 622 quod
1799 569 1940 608 omnia
1973 568 2055 609 sibi
2078 568 2168 609 iure
2191 573 2398 610 vacarent

217 636 354 675 officia
389 635 440 675 ad
481 635 771 690 episcopatum
814 635 1074 690 pertinentia
1106 640 1250 690 preter
1280 636 1353 676 illa
1386 640 1569 690 quatuor
1602 636 1879 691 principalia,
1912 649 1993 691 que
2027 636 2263 678 seeundum
2296 651 2394 678 con-

216 704 480 745 stitutionem
520 704 793 759 generalem¹
835 709 877 744 et
922 718 1189 745 communem
1235 704 1440 744 iustitiam
1485 709 1583 745 sunt
1624 709 1820 760 excepta.
1884 703 2090 746 Preterea
2122 704 2262 746 eidem
2294 719 2396 747 con-

215 774 420 814 cessimus
454 778 711 828 potestatem
747 772 1035 814 constituendi
1069 773 1152 813 duo
1193 773 1368 828 oppida.
1408 773 1519 828 quod
1553 774 1679 828 vulgo
1713 773 1978 814 wichbelede
2011 773 2267 829 appellatur,
2300 773 2396 815 ubi-

215 855 382 895 cunque
421 841 572 883 eaden]
614 843 654 883 in
697 856 769 883 sua
812 842 1001 883 diocesi⁰
1042 841 1215 883 duxerit
1257 842 1558 884 construenda.
1629 842 1915 883 Nihilominus
1960 843 2088 884 etiam
2121 842 2396 884 concedimus

215 920 256 951 et
289 910 497 951 donamus
539 911 678 952 eidem
721 911 964 952 libertatem
1004 911 1044 951 in
1084 911 1218 951 altero
1262 911 1430 951 illorum
1466 911 1716 966 oppidorum
1758 925 1934 966 gravem
1968 915 2181 952 monetam
2215 911 2397 953 cudendi

215 980 306 1020 sine
329 980 447 1033 gravi
474 979 708 1033 preiudicio
732 980 834 1020 iuris
862 980 1004 1021 alieni.
1057 979 1125 1020 Ad
1149 993 1328 1033 quarum
1352 979 1627 1020 donationum
1652 980 1840 1021 omnium
1865 979 2124 1020 evidentiam
2148 985 2397 1035 presentem

215 1048 397 1088 litteram
432 1049 512 1088 sibi
546 1048 635 1088 dari
669 1049 848 1089 fecimus
883 1048 1010 1102 sigilli
1046 1048 1178 1089 nostri
1212 1048 1445 1089 munimine
1480 1049 1735 1090 roboratam.

358 1116 513 1157 Datum
548 1117 659 1171 apud
692 1116 985 1171 Hagenowod.
1020 1117 1144 1157 tertio
1178 1116 1287 1160 lulii.
1321 1117 1471 1171 quinta
1503 1117 1670 1159 decima
1702 1118 1978 1159 indicti0n00.

240 1479 371 1546 340.
428 1475 1055 1547 SENTENTIA
1111 1478 1254 1547 DE
1307 1478 1843 1550 PROOESSU
1887 1478 2378 1550 FEUDALI.

1098 1603 1239 1650 1243.
1279 1603 1421 1650 Febr.
1456 1604 1529 1650 11.

355 1744 482 1785 Dedit
516 1745 578 1785 υῖν
609 1745 646 1785 (Ζ.
671 1745 787 1786 Kelzr
827 1758 877 1785 ea)
915 1746 1168 1798 ‹autom-aplao
1207 1746 1410 1788 tabularii
1440 1745 1784 1796 Vimlobommis,
1828 1747 1894 1786 cui
1929 1746 2132 1800 appendet
2161 1747 2251 1788 lora
2281 1760 2401 1788 mem-

212 1813 416 1854 brunnam
461 1814 644 1865 siglillmn
690 1814 956 1866 aliquantium
1003 1815 1170 1855 laesam.
1224 1841 1273 1845 ——
1319 1814 1782 1856 Hztillarcl-Bre'lzollcs
1824 1815 1890 1865 VI,
1911 1818 2006 1856 843.
2073 1815 2268 1865 Bb'lzmer,
2300 1815 2399 1869 Ray.

217 1882 309 1933 imp.
347 1883 385 1932 V,
409 1885 533 1925 4471.
2025 1883 2094 1936 (P.
2116 1883 2258 1935 deest.)

357 1996 579 2039 Conradus
627 1998 713 2039 divi
763 1999 933 2053 augusti
976 1999 1244 2054 imperatoris
1289 1999 1492 2040 Friderici
1538 1999 1672 2051 filius,
1720 1999 1803 2040 Dei
1846 1999 1986 2053 gratia
2030 1998 2317 2040 Romanorum
2357 1999 2400 2040 in

216 2080 359 2120 regem
402 2067 563 2108 electus
607 2082 777 2123 semper
817 2072 1026 2122 augustus
1071 2071 1113 2108 et
1155 2068 1281 2109 heres
1321 2069 1443 2123 regni
1476 2068 1713 2109 Ierusalem
1756 2068 1965 2109 universis
1997 2068 2165 2123 imperii
2197 2067 2398 2110 fidelibus

214 2140 437 2189 presentes
483 2136 628 2177 literas
674 2137 931 2192 inspecturis
978 2137 1163 2190 gratiam
1210 2151 1330 2178 suam
1370 2142 1412 2178 et
1460 2150 1583 2178 omne
1626 2137 1796 2179 bonum.
1926 2137 2095 2178 Tenore
2136 2137 2403 2192 presentium

214 2208 360 2244 notum
395 2218 488 2245 esse
522 2206 720 2246 volumus
754 2210 796 2247 et
829 2209 1131 2261 protestamur,
1175 2206 1288 2260 quod
1322 2207 1543 2247 constituti
1577 2221 1718 2248 coram
1757 2206 1882 2247 nobis
1916 2206 2059 2247 nuncii
2092 2206 2403 2262 archiepiscopi

215 2272 544 2328 Salzburgensis
587 2274 732 2315 dilecti
771 2275 974 2329 principis
1013 2276 1146 2316 nostri
1191 2276 1470 2331 optinuerunt
1514 2290 1592 2331 per
1625 2276 1886 2317 sententiam
1919 2275 2076 2316 exinde
2108 2276 2237 2316 latam
2273 2280 2315 2316 et
2347 2275 2400 2317 ab

215 2341 409 2382 omnibus
458 2343 756 2398 approbatam:
814 2343 926 2399 quod
974 2344 1154 2398 quilibet
1202 2345 1448 2386 infeodatus
1497 2345 1679 2386 ecclesie
1728 2345 2056 2399 Salzburgensis
2104 2345 2173 2386 vel
2221 2345 2399 2386 alterius

216 2410 389 2451 feodum
423 2425 564 2452 suum.
606 2413 639 2453 si
674 2426 853 2454 neeesse
885 2413 1033 2463 fuerit,
1067 2427 1161 2454 cum
1194 2414 1423 2455 infeodatis
1457 2414 1649 2456 eiusdem
1684 2415 1891 2463 ecclesie,
1925 2414 1996 2468 qui
2030 2428 2106 2455 sue
2140 2413 2397 2455 conditionis

215 2480 394 2531 fuerint.
437 2487 478 2521 et
520 2494 604 2522 non
646 2482 740 2523 aliis
781 2483 981 2524 evincere
1014 2483 1158 2525 valeat
1199 2488 1242 2524 et
1282 2483 1440 2526 debeat
1479 2485 1687 2540 optinere.
1749 2483 1819 2525 Ad
1851 2484 1977 2524 huius
2011 2483 2156 2538 itaque
2189 2482 2400 2524 sententie

215 2548 344 2589 robur
376 2555 600 2604 presentes
632 2551 781 2592 literas
813 2551 904 2592 fieri
944 2556 986 2592 et
1018 2552 1158 2606 sigillo
1191 2557 1338 2593 nostro
1370 2554 1570 2594 iussimus
1604 2553 1867 2594 communiri.

354 2617 451 2658 Dat.
487 2618 767 2673 Haginowea.
801 2619 878 2660 XI.
912 2619 1052 2671 Febr..
1087 2621 1221 2675 prime
1257 2622 1512 2662 indictionis.

906 2971 1033 3038 341.
1090 2967 1709 3039 SENTENTIA

518 3069 657 3140 DE
709 3070 979 3141 IURE
1033 3071 1613 3142 CAPELLAE
1665 3070 2097 3143 REGIAE.

1120 3197 1261 3244 1245.
1300 3197 1410 3245 Mai.
1447 3197 1521 3244 16.

357 3326 484 3367 Dedit
514 3327 772 3369 Huillardus
804 3342 823 3369 e
854 3328 985 3370 codice
1017 3329 1218 3371 Parisino
1249 3330 1478 3371 continente
1509 3329 1783 3371 collectionem
1813 3328 1928 3370 Droz
1960 3329 2111 3370 ‘Titres
2139 3328 2188 3370 de
2209 3327 2396 3370 Z’archev.

213 3395 261 3435 (Ze
284 3395 515 3448 Besanqon’
540 3399 629 3437 tom.
652 3397 715 3448 II,
741 3397 817 3451 fol.
835 3399 930 3441 445.
956 3425 1008 3429 —
1030 3399 1482 3442 Huillard-Brfiholles
1509 3399 1580 3449 VI,
1597 3400 1715 3458 86οἍ
1745 3397 1940 3447 Bfflmzcr,
1964 3396 2062 3451 Regu.
2086 3397 2181 3448 imp.
2208 3397 2253 3447 V,
2269 3397 2394 3439 4498.

2021 3465 2091 3518 (P.
2115 3465 2255 3518 deest.)

2451 579 2465 603 5

2435 920 2467 945 10

2437 1626 2467 1650 15

2435 2081 2469 2106 20

2436 2428 2468 2454 25

2433 3099 2466 3125 ³⁰

349 3542 434 3577 339.
467 3549 497 3585 a)
522 3545 612 3577 deese
636 3558 662 3578 c.
772 3545 804 3589 b)
832 3548 1046 3580 Hierusalem
1072 3548 1147 3581 edd.
1259 3552 1287 3589 c)
1313 3549 1456 3581 dioecesi
1482 3548 1557 3581 edd.
1675 3545 1706 3588 d)
1734 3548 1856 3590 Hagen
1883 3558 1910 3578 c.
1937 3547 2013 3580 edd.
2123 3544 2153 3588 θ)
2181 3546 2247 3578 ind.
2271 3544 2354 3579 l5ta
2369 3557 2395 3579 c.
2430 3554 2461 3580 35

350 3604 436 3639 340.
471 3613 501 3643 ἰι)
529 3600 643 3650 Hagifi
670 3621 718 3640 ον.

352 3685 385 3726 1)
414 3683 513 3727 Quae
540 3685 583 3718 sit
606 3686 732 3720 nescio.
