2558 3970
94 918 127 942 10

97 1265 126 1290 15

96 1607 130 1633 20

91 1957 123 1982 25

93 2349 128 2376 30

2 2615 128 2663 ‘2³⁵

699 164 943 201 FRIDERICI
972 165 1016 201 11.
1041 165 1472 201 CONS'I'ITU'I'IONES.
1525 166 1624 200 1240.
1675 165 1736 199 Nr.
1754 166 1833 200 233.
2284 168 2365 205 319

165 283 418 326 concilium¹¹
460 284 738 339 petissemus,
779 282 1087 323 discrecionem
1132 287 1276 322 ῒιιιιιηυ
1310 282 1525 322 eredimus
1572 295 1653 321 non
1699 281 1845 321 latere.
1912 279 2127 320 I)emum¹’
2161 280 2363 320 noticiam

164 356 314 394 tuamq
345 365 428 393 non
462 352 600 402 latuit,
633 352 819 406 qualiter
850 351 902 392 ad
937 350 1203 406 quorundam
1237 352 1417 391 fratrum
1451 357 1650 391 suorumr
1683 350 1951 395 instanciam,
1985 350 2056 404 qui
2091 364 2167 404 pro
2191 363 2363 404 repara-

164 421 287 462 cione
329 420 436 461 tanti
467 420 725 462 discriminis
770 421 887 476 pacis
921 421 1128 461 consilia⁸
1161 419 1431 473 cogitabant,
1474 424 1618 474 preter
1650 419 1859 460 omnium¹
1894 419 2209 473 requirencium
2244 432 2364 474 spem

163 493 311 532 nostra
331 490 662 544 magnificencia
685 489 1009 539 condescendit,
1033 493 1080 529 ut
1098 488 1352 529 Lombardis
1376 502 1553 543 prorsus
1578 487 1781 529 exclusis.
1806 488 2157 542 permitteremus
2181 486 2363 528 eundem

162 558 216 600 ab
260 559 441 600 insuetis
486 559 824 600 vexacionibusu
868 558 1139 600 sacerdotum
1184 571 1262 612 per
1305 557 1574 612 temporalev
1619 562 1805 610 treugew
1854 555 2092 596 subsidium
2137 557 2364 611 respirare.

162 631 313 683 utpote
346 628 418 682 qui
450 626 678 678 libenter¹‚
711 641 788 683 pro
822 627 1052 669 sedacione
1085 624 1276 667 scandali
1310 625 1525 679 generalis
1559 629 1601 665 et
1633 624 1768 665 Terre
1792 626 1954 665 Sancte
1988 624 2178 665 subsidio
2211 639 2361 680 procu-

161 696 310 748 rando,
335 696 511 751 reperiri
535 696 685 737 modos
708 700 752 737 et
776 697 866 737 vias
890 696 1171 752 paciebamur
1193 695 1246 736 ad
1271 709 1438 751 pacem.
1529 694 1595 748 (3)
1629 693 1714 734 Sed
1740 694 1862 749 ipsey
1885 693 2150 734 Lonibardos
2175 694 2365 738 eosdem.

165 765 320 821 quibus
353 764 658 806 confederatus
693 766 855 816 fuerat,
893 773 945 806 a*
976 770 1225 819 treugarum
1260 768 1527 805 nostrarum*
1562 762 1706 803 federe
1748 776 1829 802 non
1865 768 1929 802 est
1962 765 2141 817 passusb
2176 762 2365 809 excludi,

162 834 302 876 tocius
345 834 488 876 orbis⁰
527 834 705 876 dissidio
744 834 1132 876 Mediolanensium
1173 833 1242 875 etd
1284 834 1472 888 ipsorum
1513 832 1786 887 sequacium⁰
1830 832 2034 885 suffragia
2074 832 2364 886 preferendos.

164 902 244 944 Cui
285 910 410 944 cum¹3
447 904 658 944 assentire
701 904 939 949 nollemus,
983 909 1030 944 ut
1067 903 1156 944 lese
1199 902 1439 943 maiestatis
1484 906 1628 941 nostre
1670 914 1768 941 reos
1803 900 1882 941 sub
1926 900 2214 955 predictarum
2250 905 2363 940 treu-

162 971 342 1029 garum1¹
383 973 603 1014 involucro
647 976 897 1028 pateremur
936 972 1095 1013 involvi
1139 972 1206 1013 vel
1248 972 1363 1027 ipsos
1395 969 1500 1011 ulloi
1533 969 1659 1010 modo
1704 983 1814 1024 pape
1848 968 2064 1024 presidiok
2097 969 2363 1013 communiri,

163 1041 335 1084 tandem
368 1046 597 1097 postquam
631 1041 738 1082 vidit
770 1040 962 1083 eosdem¹
994 1041 1167 1097 propria
1190 1041 1349 1081 virtute
1382 1039 1570 1080 deficere
1602 1052 1681 1079 nec
1705 1038 1802 1078 eis¹¹¹
1835 1052 1962 1094 posse
1987 1038 2178 1079 remedia
2202 1043 2364 1093 tempo-

163 1110 295 1152 ralisn
335 1110 491 1152 saltem
532 1110 716 1165 quietis⁰
748 1111 948 1158 afferrel‘,
990 1110 1043 1151 ad
1079 1114 1193 1151 artes
1227 1110 1335 1151 alias
1379 1107 1651 1164 postmodum
1686 1121 1732 1148 se
1767 1107 1999 1152 convertit,
2046 1112 2249 1162 satagens
2290 1121 2367 1148 nos

163 1187 272 1236 per‘1
309 1179 602 1221 venerabilem
644 1179 976 1222 Brixinensemr
1007 1179 1288 1236 cpiscopum¹
1332 1178 1386 1219 ad
1419 1181 1638 1218 nostram³
1680 1177 1953 1232 presenciam
1988 1176 2268 1217 accedentem
2303 1177 2366 1216 in-

164 1249 343 1299 ducere,
388 1253 436 1290 ut
478 1264 575 1291 cum
618 1263 694 1305 pro
741 1250 1045 1304 reparacione2
1077 1248 1197 1304 pacis
1240 1248 1354 1289 inter
1393 1260 1470 1287 nos
1504 1251 1545 1287 ct
1579 1246 1832 1296 ecclesiam,
1878 1251 1953 1286 ut¹¹
1987 1245 2180 1297 dicebat,
2220 1250 2287 1285 tcv
2319 1260 2367 1286 ac·

162 1319 392 1360 nonnullos
425 1319 567 1374 aliosw
598 1318 650 1359 de
681 1318 1025 1360 occidentalibus
1058 1317 1251 1373 partibus
1286 1316 1501 1372 principes
1535 1320 1578 1357 et
1611 1315 1800 1371 prelatos
1825 1314 1878 1355 ad
1903 1314 2100 1356 sinodum
2125 1313 2369 1354 intenderet

164 1395 388 1439 evocare²‚
437 1387 708 1430 Lombardos
752 1388 979 1429 bannitosy
1021 1387 1286 1429 excellencie
1337 1390 1510 1426 nostrez
1551 1385 1591 1425 in
1635 1385 1797 1439 treugis
1838 1398 1934 1424 eum
1976 1385 2068 1439 ipso
2109 1397 2243 1438 usque
2286 1382 2365 1423 ad¹¹

161 1457 406 1512 proximum
428 1457 586 1499 festum
610 1458 940 1500 resurrectionis
964 1457 1177 1498 dominice
1201 1454 1508 1497 contrahendis
1530 1453 1897 1509 comprehendere
1921 1452 2195 1501 deberemus,
2220 1458 2364 1494 tamen

161 1525 232 1567 idb
264 1526 446 1582 fingens,
480 1533 552 1569 utc
584 1542 639 1570 ex
670 1526 1082 1570 universalioribusd
1116 1527 1279 1581 treugis
1303 1525 1490 1566 vocatis⁰
1522 1524 1574 1565 ad
1600 1524 1811 1579 synodum
1836 1523 2041 1564 securitas
2066 1523 2246 1577 largiors
2269 1537 2365 1578 pre-

166 1596 352 1638 beretur.
444 1595 509 1653 (4)
542 1596 683 1638 Audig
707 1597 946 1639 mirabilem
972 1593 1386 1637 circumvencionish
1407 1593 1593 1636 modum.
1626 1591 1775 1648 quemi
1796 1592 1849 1633 ad
1873 1592 2197 1647 depressionem
2222 1597 2367 1632 nostre

163 1665 333 1707 iusticie
367 1666 572 1721 cogitatk,
605 1666 706 1708 dum
738 1665 857 1708 ideo¹
888 1680 1039 1722 pacem
1074 1665 1273 1706 haberem
1306 1664 1531 1705 nobiscum
1555 1662 1667 1704 velle
1703 1676 1748 1703 se
1781 1661 1996 1711 simulat¹¹‚
2029 1666 2075 1702 ut
2098 1661 2368 1702 Lombardos

163 1733 217 1775 ad
249 1738 421 1790 tempus
454 1739 704 1791 treugarum
728 1735 962 1791 suffragio⁰
984 1735 1254 1791 respirantes
1287 1737 1436 1775 contra
1458 1747 1534 1774 nos
1557 1731 1830 1787 postmodum
1854 1732 2044 1772 sorciusp
2067 1731 2109 1771 in
2132 1730 2368 1772 rebellione

163 1803 403 1851 confirmet;
438 1809 572 1860 utque
606 1810 756 1847 contra
787 1819 864 1846 nos
896 1805 949 1846 ad
974 1804 1234 1846 discordiam
1267 1818 1313 1845 se
1343 1802 1484 1844 medio
1515 1805 1709 1857 tempore
1742 1814 1820 1856 per
1842 1800 2136 1842 venientiumq
2160 1799 2212 1840 ad
2241 1814 2368 1840 veca-

164 1873 330 1914 cionem
363 1881 509 1915 suam¹
541 1874 735 1916 subsidia
765 1875 1029 1930 prelatorum
1069 1874 1274 1915 licencius
1314 1876 1535 1928 preparet,
1580 1870 1792 1926 speciem⁸
1826 1869 1948 1910 nobis
1982 1868 2210 1911 concordie
2244 1869 2369 1924 polli-

163 1946 297 1984 cetur.
357 1941 414 1984 Et
445 1944 513 1984 utt
545 1943 768 1986 evidenter
800 1944 854 1986 ad
887 1944 1060 1986 oculum
1092 1943 1285 1994 videas1¹‚
1318 1941 1431 1998 quod
1464 1955 1540 1997 pro
1574 1939 1790 1981 discordia
1822 1940 2001 1995 pociusv
2035 1939 2261 1980 concilium
2295 1938 2369 1978 ad-

162 2015 290 2052 vocet
325 2025 451 2067 quam
485 2027 561 2068 pro
595 2027 717 2069 pace,
750 2014 931 2054 formam
964 2013 1130 2054 huiusW
1164 2011 1526 2053 convocacionisX
1558 2008 1776 2059 attende&⁷
1809 2009 1853 2049 in
1884 2022 1968 2063 qua
2000 2008 2084 2049 nilz
2116 2008 2287 2048 omnino
2318 2006 2370 2047 de

163 2080 306 2122 future
339 2082 457 2137 pacis
501 2086 689 2124 tractatu
721 2082 995 2131 describitur,
1039 2082 1152 2123 nisia
1183 2081 1321 2137 quodb
1354 2086 1457 2136 proc
1489 2079 1660 2134 magnis
1694 2082 1737 2119 et
1779 2077 1924 2119 arduis
1957 2077 2141 2119 ecclesie
2175 2076 2368 2117 Romane

163 2151 356 2205 negociis
395 2152 690 2207 prelatorumd
722 2153 994 2208 presenciam
1029 2155 1197 2192 asserat
1229 2154 1498 2205 oportunam.
1562 2147 1752 2203 Tempus
1786 2147 1990 2201 inspice⁰‚
2033 2145 2131 2186 dum
2168 2151 2371 2201 negatum

301 2277 388 2313 233.
419 2283 454 2320 ¹²)
484 2285 525 2314 et
550 2279 740 2324 (presertim
765 2286 799 2314 et
823 2280 906 2314 add.
926 2278 1007 2321 Β2)
1034 2280 1293 2323 specialiter
1325 2279 1580 2312 nunciorum
1607 2283 1850 2311 vestrorum
1877 2276 2148 2319 presenciam
2175 2274 2256 2308 add.
2275 2275 2317 2307 Β.
2339 2276 2371 2307 C.

163 2336 196 2379 ⁰)
221 2339 499 2372 serenitatem
530 2340 686 2383 regiam
711 2339 744 2372 Β
762 2338 792 2372 1.
821 2338 863 2376 C:
899 2349 962 2372 ser.
995 2342 1144 2371 vestram
1170 2336 1250 2370 Β2.
1361 2336 1394 2378 Ρ)
1428 2337 1529 2370 etiam
1557 2336 1639 2369 add.
1659 2335 1690 2368 A
1709 2335 1740 2369 3.
1853 2335 1885 2376 q)
1912 2339 2060 2367 vestram
2086 2333 2127 2365 B.
2148 2332 2184 2364 Γ.
2279 2338 2305 2372 ¹)
2332 2343 2373 2365 ex

162 2396 327 2430 fratribus
351 2397 425 2430 eius
451 2396 493 2430 B.
514 2396 549 2430 Ο.
667 2397 695 2440 ⁸)
721 2398 794 2430 loco
819 2398 913 2441 pacis
938 2397 1084 2429 consilia
1109 2395 1142 2427 Β
1152 2409 1161 2428 .·
1185 2395 1345 2428 remedia.
1441 2395 1468 2435 t)
1494 2405 1628 2427 omnem
1655 2394 1686 2425 A
1705 2392 1735 2425 3.
1766 2394 1799 2425 C.
1897 2392 1931 2433 u)
1960 2391 2240 2424 infestacionibus
2266 2390 2308 2423 Β.
2336 2390 2370 2422 C.

162 2451 194 2495 v)
229 2455 424 2498 temporalis
452 2455 487 2488 0.
606 2454 646 2497 W)
683 2460 881 2498 treugarum
905 2454 949 2487 Β.
1067 2452 1101 2495 x)
1139 2453 1228 2486 deest
1255 2452 1290 2485 G.
1406 2454 1438 2493 y)
1475 2453 1663 2485 Romane
1696 2451 1814 2483 sedis
1838 2450 2042 2489 antistes,
2081 2454 2229 2490 utpote
2256 2448 2375 2491 pacis

163 2503 330 2545 emulus
354 2517 394 2545 et
418 2524 501 2546 non
526 2515 663 2557 magis
687 2515 730 2546 in
756 2514 946 2557 perfidia
971 2513 1098 2545 fidem
1116 2522 1238 2553 quam
1263 2510 1490 2554 perfidiam
1516 2510 1556 2541 in
1583 2509 1670 2541 fide
1687 2518 1962 2547 conservauS,
1988 2506 2242 2538 Lombardos
2260 2511 2317 2538 etc.
2340 2505 2374 2537 C.

163 2567 194 2612 z)
220 2570 422 2603 a—federe
447 2570 516 2604 des.
533 2569 566 2603 A
584 2569 616 2604 3.
757 2571 788 2613 a)
812 2572 963 2614 ipsarum
993 2570 1026 2604 Ο.
1168 2567 1201 2610 b)
1227 2579 1350 2612 passus
1374 2573 1425 2601 est
1451 2566 1486 2599 C.
1629 2565 1658 2609 e)
1684 2571 1772 2598 terre
1797 2565 1878 2598 add.
1902 2565 1930 2597 C
1946 2563 1974 2597 1.
2106 2561 2140 2604 (1)
2166 2574 2206 2595 ac
2231 2562 2273 2594 B.
2293 2562 2321 2594 G
2336 2560 2372 2601 2;

164 2627 391 2660 hereticorum
415 2639 457 2661 ac
483 2627 557 2661 01.
699 2627 730 2672 ⁰)
757 2629 829 2662 loco
854 2629 944 2661 Med.
972 2646 1014 2651 —-
1040 2627 1239 2670 sequacium
1266 2625 1298 2658 A
1317 2624 1355 2658 3:
1395 2625 1588 2658 eorumdem
1614 2624 1895 2657 Lombardorum.
2037 2619 2067 2661 f)
2094 2621 2310 2664 preponendo
2339 2620 2374 2652 C.

164 2683 199 2724 8)
225 2685 442 2728 aliquatenus
467 2686 550 2720 add.
568 2686 620 2726 B;
645 2687 679 2719 in
706 2687 965 2730 participatione
990 2686 1077 2719 tanti
1102 2685 1262 2718 facinoris
1290 2683 1440 2726 (sceleris
1466 2681 1503 2726 2)
1529 2682 1610 2715 add.
1631 2681 1667 2714 C.
1786 2679 1819 2723 ¹¹)
1845 2686 1885 2713 tr.
1912 2680 2003 2724 pred.
2031 2679 2061 2710 A
2083 2678 2111 2711 l.
2230 2676 2254 2718 i)
2280 2678 2374 2710 nullo

165 2741 197 2773 A
216 2741 247 2775 1.
272 2741 304 2776 2.
398 2740 432 2784 k)
459 2744 693 2778 subveniendo
718 2744 752 2777 Β
766 2744 799 2778 2.
919 2742 943 2786 1)
970 2756 991 2777 a
1016 2743 1097 2776 adcl.
1117 2743 1150 2775 A
1168 2742 1206 2782 3;
1233 2742 1378 2775 rebelles
1403 2746 1534 2774 nostros
1561 2739 1644 2772 add.
1664 2738 1704 2771 Β.
1726 2740 1760 2772 0.
1878 2739 1921 2779 m)
1948 2738 2029 2780 ipsis
2056 2736 2098 2768 B.
2119 2737 2153 2769 C.
2264 2735 2297 2770 υ)
2324 2746 2373 2767 re-

165 2800 276 2833 media
298 2801 499 2844 temporalia
524 2800 556 2833 A
577 2801 611 2841 l;
643 2803 829 2836 remedium
853 2802 1046 2846 temporalis
1073 2800 1154 2842 02;
1179 2800 1380 2844 temporalia
1405 2798 1551 2831 remedia
1576 2797 1618 2831 B.
1721 2798 1753 2839 0)
1780 2797 1893 2839 quiete
1918 2795 1951 2827 Β
1968 2794 1999 2828 2.
2096 2793 2127 2836 1³)
2153 2795 2270 2826 offerre
2300 2791 2372 2825 02.

166 2857 200 2896 q)
225 2859 379 2891 Walem
405 2859 487 2893 add.
508 2858 589 2899 013
616 2860 767 2893 Walam
791 2861 874 2893 add.
895 2859 968 2894 02.
1086 2859 1115 2901 ι’)
1141 2859 1353 2892 Brixiensem
1377 2856 1420 2889 B.
1442 2856 1475 2889 Ο.
1594 2853 1622 2898 ⁸)
1649 2866 1750 2897 super
1775 2865 1813 2887 eo
1840 2853 1922 2886 add.
1942 2853 1973 2885 A
1991 2852 2022 2885 3.
2144 2851 2170 2894 ¹)
2197 2861 2373 2894 recupera-

166 2916 263 2949 cione
291 2917 324 2948 A
348 2914 381 2949 2.
405 2915 443 2957 3;
477 2918 723 2951 reformacione
747 2917 791 2951 Β.
819 2918 852 2951 0.
1018 2916 1054 2959 11)
1088 2922 1127 2950 ut
1155 2917 1289 2949 dicebat
1312 2920 1345 2949 te
1370 2914 1439 2947 des.
1467 2913 1495 2946 Ο
1515 2912 1545 2945 1.
1709 2911 1742 2953 v)
1776 2917 1945 2945 vestros
1982 2915 2024 2943 et
2056 2909 2373 2952 quamplurium

165 2985 309 3017 regum
333 2976 518 3008 nuncios
543 2975 626 3008 add.
647 2975 688 3014 0;
713 2987 770 3018 qu.
796 2987 865 3019 reg.
893 2976 1036 3009 nuncios
1061 2975 1143 3008 add.
1161 2974 1194 3006 Β
1214 2973 1249 3012 1;
1283 2985 1339 3016 qu.
1367 2972 1510 3005 nuncios
1536 2970 1618 3003 add.
1637 2970 1670 3002 B
1686 2968 1719 3003 2.
1837 2968 1878 3009 w)
1904 2968 1994 3001 deest
2020 2967 2061 2999 Β.
2082 2967 2117 2999 Ο.
2234 2967 2268 3007 x)
2294 2977 2372 2998 con-

165 3043 287 3065 vocare
310 3031 353 3065 B.
469 3033 502 3075 5)
527 3034 696 3077 predictos
721 3033 764 3067 Β.
793 3034 828 3067 0.
946 3033 975 3075 z)
1007 3034 1164 3066 inimicos
1189 3032 1270 3064 add.
1290 3031 1322 3063 B
1328 3043 1339 3070 ;
1375 3030 1535 3063 bannitos
1561 3028 1643 3061 add.
1665 3028 1700 3060 C.
1819 3025 1850 3069 a)
1875 3027 1912 3058 in
1938 3025 1979 3057 B.
2100 3024 2134 3065 b)
2160 3025 2232 3057 loco
2259 3030 2372 3057 tamen

165 3091 200 3123 id
224 3089 256 3122 A
274 3088 307 3123 3.
332 3090 376 3124 Β.
403 3091 446 3124 0:
470 3102 622 3125 causam.
740 3090 771 3133 0)
797 3097 966 3134 quatenus
991 3091 1122 3124 scilicet
1147 3090 1178 3122 A
1197 3088 1229 3123 3.
1349 3086 1381 3129 d)
1405 3087 1662 3120 universalibus
1687 3085 1721 3118 Β
1739 3083 1775 3126 1;
1801 3084 2066 3128 particularibus
2095 3082 2124 3115 C
2136 3081 2166 3114 2.
2263 3080 2292 3122 Θ)
2317 3094 2373 3115 vo-

165 3149 250 3182 catis
275 3167 318 3172 —
343 3149 509 3182 securitas
541 3149 610 3183 des.
639 3149 668 3182 Ο
687 3147 719 3182 2.
862 3147 892 3190 f)
931 3149 1064 3182 occasio
1096 3148 1138 3181 ad
1168 3146 1380 3180 universales
1406 3145 1487 3178 add.
1509 3145 1542 3177 Ο.
1685 3144 1718 3183 8)
1760 3142 1885 3175 Audite
1910 3141 1952 3174 B.
1980 3140 2022 3179 Ο,-
2059 3141 2164 3183 igitur
2189 3139 2271 3172 add.
2292 3139 2323 3170 A
2341 3137 2372 3171 3.

167 3205 203 3250 11)
241 3207 313 3240 loco
338 3207 643 3240 circumvencionis
674 3225 720 3230 —-
750 3208 879 3251 cogitat
906 3207 948 3240 0:
987 3205 1248 3239 calliditatis
1284 3203 1511 3244 astutiam,
1550 3201 1828 3234 considerate
1864 3200 1987 3246 signa
2023 3209 2198 3241 prorsus
2230 3208 2248 3229 a
2279 3208 2373 3239 qua-

166 3265 273 3299 libet
296 3265 482 3298 veritate
506 3270 683 3298 remota.
777 3262 802 3306 i)
826 3264 917 3297 deest
933 3263 975 3296 B.
1070 3261 1105 3304 k)
1131 3262 1363 3304 excogitatum
1381 3260 1422 3292 Β.
1520 3257 1544 3300 1)
1568 3259 1612 3291 ad
1630 3257 1662 3289 A
1681 3256 1717 3297 2;
1745 3257 1833 3290 deest
1851 3257 1884 3288 A
1904 3256 1933 3288 1.
1961 3255 2004 3289 B.
2024 3256 2052 3287 U
2070 3255 2097 3288 1.
2192 3255 2235 3296 ¹¹¹)
2261 3255 2374 3287 nobis-

165 3333 244 3355 cum
269 3333 305 3355 se
329 3322 418 3355 velle
441 3322 569 3355 habere
586 3322 619 3354 A
636 3320 673 3362 33
699 3322 778 3355 nob.
804 3323 884 3355 hab.
910 3321 999 3354 velle
1025 3319 1130 3361 (deest
1148 3319 1177 3352 C
1191 3318 1226 3362 1)
1252 3330 1287 3352 se
1312 3316 1387 3350 Β1.
1407 3316 1450 3355 0;
1475 3317 1554 3349 nob.
1580 3315 1667 3348 velle
1693 3315 1769 3346 hab.
1796 3325 1832 3347 se
1850 3312 1927 3346 Β2.
2037 3312 2072 3353 ¹¹)
2097 3312 2273 3345 simularet
2291 3311 2323 3343 B
2340 3310 2372 3343 2.

165 3378 197 3421 ⁰)
222 3390 282 3423 per
305 3383 507 3422 treugarum
531 3380 697 3423 suffragia
721 3379 762 3412 B.
793 3379 874 3419 01;
900 3390 960 3422 pre
984 3384 1026 3412 tr.
1051 3378 1214 3421 suffragio
1242 3375 1314 3410 02.
1432 3376 1464 3413 Ρ)
1490 3374 1616 3406 sorcius
1643 3377 1763 3416 postm.
1789 3371 1831 3404 Β.
1860 3371 1944 3411 c'1;
1970 3371 2123 3404 securius
2148 3374 2269 3412 postm.
2297 3369 2326 3401 O
2339 3367 2371 3402 2.

166 3435 200 3481 q)
223 3442 374 3480 tempore
399 3437 674 3480 provenientium
699 3437 743 3470 A.
885 3435 912 3479 r)
937 3447 1001 3469 sua
1026 3436 1059 3468 A
1079 3435 1109 3468 1.
1251 3435 1278 3474 ε5)
1305 3444 1399 3476 spem
1425 3431 1458 3463 A
1473 3431 1503 3464 1.
1522 3429 1552 3463 2.
1579 3430 1612 3462 Β
1628 3429 1659 3462 2.
1688 3429 1722 3462 C.
1847 3428 1873 3470 t)
1898 3429 1944 3461 Ut
1968 3433 2002 3461 et
2026 3427 2058 3459 A
2078 3426 2116 3467 13
2154 3428 2197 3460 Et
2220 3438 2263 3459 ne
2289 3426 2321 3458 A
2340 3425 2371 3458 2.

165 3493 202 3537 ¹¹)
226 3495 369 3528 videatis
395 3493 438 3527 Β.
466 3493 502 3528 Ο.
619 3492 652 3538 v)
677 3494 769 3528 deest
791 3494 824 3526 Β
840 3492 873 3527 2.
1014 3492 1056 3536 w)
1082 3493 1279 3527 huiusmodi
1301 3491 1346 3524 Β.
1374 3490 1411 3524 C.
1527 3490 1563 3531 x)
1578 3487 1830 3522 -advocacionis
1855 3486 1898 3519 B.
2016 3486 2049 3528 ἵ)
2075 3486 2239 3519 attendite
2266 3485 2308 3517 B.
2337 3485 2371 3517 C.

166 3549 197 3594 z)
222 3552 330 3585 nichil
354 3551 397 3584 B.
423 3551 460 3586 Ο.
578 3551 610 3594 ³)
635 3553 703 3585 nisi
729 3570 772 3575 —-
797 3557 1002 3595 oportunam
1027 3551 1096 3585 des.
1117 3551 1146 3584 C
1159 3549 1189 3584 1.
1287 3548 1318 3591 b)
1343 3549 1434 3581 deest
1455 3547 1489 3579 Β
1512 3546 1543 3579 1.
1638 3544 1669 3587 c)
1695 3545 1786 3578 deest
1808 3544 1841 3577 B
1858 3542 1890 3577 2.
1985 3541 2019 3586 d)
2044 3548 2242 3576 vocatorum
2266 3542 2308 3575 B.
2337 3542 2370 3574 C.

168 3606 198 3650 e)
221 3609 379 3652 inspicite
403 3608 446 3640 Β.
473 3608 509 3641 0.

306 3698 341 3741 1)
378 3696 546 3734 Gualam.

2431 1450 2505 1473 llll,

2395 1481 2476 1508 Mart.
2496 1484 2535 1507 ΖΗ.
