2558 3970
86 879 116 904 10

83 1220 114 1245 ἱδ

79 1919 111 1946 25

80 2610 112 2637 ³5

85 3277 117 3304 45

690 128 930 164 mnnnmcl
960 128 1459 164 11.CON.5T1'1‘[7'1'10NES.
1511 130 1609 164 1227.
1660 130 1816 164 xnus.
2279 135 2345 171 151

154 243 311 284 nuntiis
345 244 618 299 frequenterv
652 249 694 284 et
728 244 894 284 litteras
931 244 1084 284 litteris
1118 244 1265 299 sepius
1299 246 1622 285 inculcavimus.
1658 252 1860 299 rogantes
1895 250 1936 285 et
1970 252 2193 286 monentes
2219 252 2351 286 totum

155 312 392 354 exercitum
427 312 720 362 christianum,
754 319 801 353 ut
834 313 1030 353 navalem
1065 313 1249 353 classem
1282 318 1470 354 nostram
1497 320 1538 354 ct
1563 315 1831 354 exsui-tiumw
1857 320 2155 368 expectantes.
2192 328 2351 368 nequa-

154 395 282 436 quam
307 381 399 422 sine
423 381 559 436 ipsis¹
589 396 613 422 a
637 381 840 422 Damiata
865 386 1097 426 moverent,
1133 382 1237 422 certi
1264 387 1480 422 nostram-v
1515 383 1777 437 presentiam
1802 399 1847 423 se
1873 383 2093 423 eominus*
2119 383 2352 423 habituros.

154 450 218 505 (7)
251 450 328 492 Set
359 451 514 492 nostris
558 450 757 506 precibus
790 457 832 491 ct
875 450 1047 491 monitis
1086 450 1396 505 pretermissis.
1440 450 1603 505 absque
1638 451 1817 491 consilio
1852 451 2037 491 virorum
2073 450 2276 491 nobilium
2312 456 2353 491 et

152 519 433 575 prudentum,
484 533 566 560 non
610 524 840 574 expectato
889 517 1146 558 laudabilis‘*
1192 517 1343 558 classis
1390 519 1561 558 nostre'’
1610 519 1823 562 subsidio,
1872 520 2041 559 incaute
2091 518 2244 559 duetus
2289 526 2354 560 est

151 589 337 644 populus
377 593 420 629 et
458 588 606 629 incidit
638 589 678 628 in
712 588 892 635 lat-univ,
935 587 1062 627 immo
1096 586 1324 641 laqucun1⁴¹
1361 587 1653 641 improvisum.
1716 588 1849 628 Unius
1884 588 2091 642 inopinati
2126 602 2254 628 casus
2289 589 2346 628 in-

152 658 257 700 certi
305 657 558 698 Anselmum
602 656 654 697 de
699 657 920 711 lustingen
967 661 1066 696 tunc
1109 656 1316 710 temporis
1362 657 1669 696 marescalcum
1715 671 1809 696 eum
1852 656 2044 696 subsidio
2089 658 2270 697 militum
2312 664 2352 697 et

151 726 399 767 victualium
433 725 720 766 subventione
754 725 1089 771 transmisimus,
1125 740 1146 765 e
1182 724 1389 778 vestigio⁰
1423 725 1620 765 comitem
1656 725 1918 765 ilenricnm¹
1955 725 2126 765 fidelem
2162 736 2351 766 nostrum

151 809 246 836 eum
279 794 383 836 XLs
411 795 548 849 galcis
587 808 662 850 pro
704 794 838 849 ipsius
878 799 991 834 terrc-
1033 807 1240 833 succursu
1282 793 1558 833 laudabiliter
1590 799 1632 834 et
1665 794 1919 846 magnifice*
1954 794 2205 847 dirigentes.
2271 796 2350 841 Qui

151 863 382 906 salubriter
413 864 634 919 applicans
670 862 915 903 Damiatam
951 866 993 902 et
1024 862 1220 903 exercitu
1256 876 1337 902 non
1372 862 1566 906 invento.
1611 863 1711 916 quia
1752 870 1977 917 receperat
2012 863 2051 902 in
2087 862 2296 903 mandatis
2329 879 2350 902 a

153 932 287 985 nobis,
319 938 366 973 ut
397 932 569 987 legatoh
603 931 717 972 sedis
751 931 1006 986 apostolice,
1039 930 1110 985 qui
1145 930 1356 971 exercitui
1389 930 1595 985 preerat&
1630 945 1764 985 usque
1798 931 1850 971 ad
1885 931 2086 972 felicemk
2119 931 2353 972 adventum

151 1007 343 1044 nostrum
368 1001 614 1043 intenderet
637 1007 680 1042 ct
703 1005 889 1056 pareret,
922 999 1122 1041 deorsum
1147 1014 1224 1054 per
1245 999 1403 1040 flumen
1428 1013 1523 1040 cum
1548 999 1706 1054 galeis¹
1738 999 1789 1040 ad
1816 1001 2053 1041 exercitum
2080 1000 2353 1055 properabat.

152 1071 226 1113 ubi
261 1071 565 1112 occurentibus
599 1071 638 1112 ei
672 1070 832 1111 nuntiis
867 1069 1020 1124 legati.
1064 1069 1282 1123 magistris
1317 1068 1516 1110 videlicet
1549 1068 1701 1110 domus
1737 1069 1894 1110 milicie
1928 1069 2095 1124 Templi
2129 1075 2171 1110 et
2204 1069 2354 1109 (lomus

153 1145 301 1182 sancte
334 1140 470 1182 Marie
495 1139 826 1181 Tcotonicorum
861 1143 938 1179 et¹¹¹
971 1138 1157 1179 comiten
1190 1137 1270 1178 de⁰
1300 1137 1488 1185 Pizzi1‘·2,
1523 1142 1643 1179 etex
1677 1143 1798 1192 parte
1832 1138 1964 1192 legati
2000 1137 2352 1192 precipientibus.

151 1214 197 1250 ut
229 1209 408 1258 rediret,
453 1208 581 1250 rediit
619 1222 714 1249 cum
749 1207 928 1249 eisdem.
991 1207 1073 1254 Qui
1107 1206 1159 1247 ad
1201 1206 1281 1247 hoe
1317 1210 1541 1250 venerant.
1587 1212 1632 1247 ut
1674 1221 1748 1261 pro
1789 1207 2046 1248 liberatione
2081 1207 2349 1261 captivorum

152 1278 342 1320 Soldano
375 1277 604 1320 redderent
636 1278 868 1318 civitatem.
931 1275 1024 1322 Que
1058 1276 1099 1316 in
1143 1275 1254 1316 hunc
1297 1274 1471 1316 modum
1505 1276 1663 1316 amissa
1697 1276 1859 1321 extitit.
1904 1290 1988 1316 non
2022 1290 2074 1315 ox
2110 1275 2353 1317 interdicto.

149 1347 263 1404 quod
286 1347 609 1389 inventionibus
633 1346 754 1387 novis
779 1345 985 1386 astruitur
1008 1344 1089 1386 dc‘¹
1122 1344 1379 1386 inhibitione
1403 1345 1643 1385 concambii
1667 1344 1869 1385 Damiatc
1895 1359 1971 1400 per
1994 1346 2160 1385 litteras
2186 1350 2353 1384 nostras

147 1418 280 1460 fuisse
322 1418 642 1463 transmissun1;
685 1416 785 1470 quia
825 1429 906 1456 non
948 1420 1012 1456 cst
1044 1414 1301 1465 verisimile,
1333 1420 1381 1454 ut
1413 1414 1508 1469 quis
1541 1413 1595 1454 ad
1634 1413 1901 1455 liberandam
1935 1413 2114 1454 Terram
2149 1414 2350 1454 Sanctam

149 1488 355 1543 expensis
396 1486 633 1528 innumeris
674 1491 716 1527 et
756 1485 966 1526 immensa
1008 1483 1295 1525 sollicitudine
1339 1484 1621 1531 lab01·an1us⁸.
1668 1483 1941 1525 interdictum
1976 1483 2234 1524 concambii.
2279 1498 2354 1538 per

149 1557 263 1612 quod
304 1560 476 1612 optatus
523 1556 618 1596 finis
665 1559 811 1595 nostre
859 1552 1158 1594 sollicitudini²
1204 1558 1247 1593 ct
1289 1553 1511 1594 laboribus
1557 1552 1847 1595 advenisset&
1897 1553 1987 1593 tieri
2035 1552 2352 1593 mandaremus.

149 1625 211 1681 (8)
243 1625 333 1666 Nos
365 1629 510 1666 autem
542 1624 732 1679 acceptis
763 1627 850 1664 tam
878 1622 1129 1664 infelicibus
1153 1621 1205 1663 de
1229 1622 1461 1662 amissione
1488 1621 1690 1663 Damiate
1717 1622 1972 1665 rumoribus.
2006 1627 2052 1662 ut
2076 1627 2161 1662 tam
2188 1622 2351 1661 enormi

147 1694 333 1750 dampno
373 1707 599 1750 possemus
641 1691 990 1748 competentibus
1035 1690 1268 1733 remediisv
1301 1691 1499 1741 obviare,
1545 1691 1767 1746 premissis
1800 1690 1855 1731 ad
1889 1689 2035 1731 sedem
2069 1690 2348 1745 apostolicam

147 1764 322 1812 nuntiis
355 1763 409 1805 ad
444 1763 738 1818 colloquiumw
770 1760 883 1817 apud
916 1760 1103 1802 Verulas
1138 1774 1235 1801 cum
1268 1760 1406 1800 felicis
1441 1759 1753 1801 recordationis
1788 1764 1907 1815 patre
1942 1758 2209 1800 reverend0¹
2244 1774 2353 1814 papa

149 1833 370 1875 Honorioy
410 1847 486 1888 pro
531 1831 799 1886 disponendo
843 1834 885 1871 et
925 1829 1224 1872 reformandoz
1264 1829 1466 1885 passagio
1502 1829 1813 1869 maturavimus
1848 1829 2118 1869 conve-nivea.
2187 1828 2268 1869 l'bi
2302 1828 2352 1868 de

149 1903 266 1944 curia
298 1901 569 1944 Veronensib
603 1900 849 1956 disposito⁰⁷
884 1914 965 1955 que
1000 1913 1101 1940 casu
1133 1898 1340 1940 fortuito‘'
1376 1898 1520 1940 extitit
1554 1897 1774 1953 impedita,
1809 1903 1905 1952 post
1928 1897 2123 1952 elapsum
2148 1899 2354 1952 temporis

148 1972 333 2028 spatium
373 1985 468 2012 eum
509 1970 663 2012 eodem
706 1969 944 2025 apostolico
983 1967 1097 2024 apud
1131 1968 1415 2009 Ferentinum
1457 1967 1632 2021 negotio
1666 1967 1872 2021 exigente
1905 1967 2186 2008 convenimus
2225 1971 2268 2006 et
2300 1966 2352 2006 ad

146 2040 495 2082 exhortationem
530 2044 573 2080 et
604 2038 847 2094 apostolica
878 2037 1040 2078 monita
1073 2051 1149 2092 pro
1183 2036 1277 2086 hiis,
1311 2050 1392 2091 que
1424 2049 1554 2077 cause
1587 2036 1812 2077 mei-nume
1847 2034 2127 2090 requirebats.
2164 2041 2351 2075 nestram

136 2110 452 2151 'inclinavimus
497 2109 770 2150 maiestatem
821 2112 891 2149 etg
935 2106 1301 2148 lherosolimitani
1347 2105 1496 2160 regni¹¹
1539 2104 1844 2146 hereditariam
1888 2104 2106 2145 dominam
2152 2103 2352 2144 duximus

146 2179 330 2221 feliciter
362 2179 405 2219 in
428 2192 622 2219 uxorem.
733 2175 799 2232 (9)
832 2176 897 2217 Ac
920 2180 1082 2217 statuto
1107 2174 1268 2217 ibidem
1292 2175 1474 2216 termino
1497 2172 1786 2224 transeundii,
1818 2173 1917 2214 dum
1950 2174 2019 2228 pie
2044 2172 2351 2214 recordationis

149 2247 217 2290 CR<
249 2247 502 2289 Portuensis
545 2247 773 2303 episcopus
815 2245 856 2286 in
890 2245 1133 2286 Theotonia
1167 2248 1210 2285 et
1252 2244 1323 2284 alii
1364 2243 1660 2299 predicatores
1703 2257 1777 2298 per
1810 2257 1943 2297 regua
1975 2242 2148 2282 diversa
2180 2242 2352 2282 monitis

147 2317 396 2372 apostolicis
431 2321 473 2358 et
505 2317 698 2366 statutis,
738 2314 929 2357 demum¹
963 2329 1040 2356 rex
1076 2313 1290 2355 [ohannes
1324 2318 1367 2353 et
1400 2313 1608 2368 magister
1640 2312 1793 2353 domus
1826 2311 2160 2353 'scotenicorum
2197 2311 2351 2351 nostris

147 2385 303 2428 oblatis
341 2385 698 2441 promissionibus
738 2385 806 2426 vel
845 2397 1007 2439 paucos
1043 2382 1109 2424 vcl
1150 2382 1371 2433 infi1nos¹¹¹‚
1419 2381 1546 2423 velud
1589 2395 1739 2423 omnes
1784 2381 1975 2422 recenti¹¹
2014 2395 2117 2421 casu
2149 2380 2350 2420 Damiate

146 2458 232 2497 tam
265 2455 500 2497 enormiter
523 2457 839 2503 consternatos,
871 2452 925 2494 ad
959 2452 1282 2508 susceptionem
1307 2451 1473 2492 crucis⁰
1504 2450 1710 2492 inducere
1735 2450 1993 2505 potuissent.
2028 2463 2080 2490 ne
2106 2463 2180 2503 pro
2205 2449 2349 2489 liuius-

147 2523 259 2565 modi
291 2523 466 2566 defectu
499 2524 769 2578 contingeret
800 2526 1069 2577 assumptum
1113 2520 1335 2575 negotium
1376 2519 1595 2575 impediri.
1639 2518 1769 2560 nichil
1801 2518 1854 2560 de
1889 2518 2242 2572 contingentibus
2275 2517 2349 2557 eb-

147 2594 384 2644 mittentes‚
419 2593 698 2634 convenimus
731 2591 844 2647 apud
869 2591 1078 2632 Sanctum
1102 2589 1369 2631 Germanum
1394 2603 1490 2630 cum
1516 2588 1840 2630 venerabilibus
1864 2588 1964 2628 viris
1988 2586 2091 2627 P.1‘·³
2114 2586 2349 2627 Albanensi

150 2662 352 2718 episcopo
385 2666 428 2703 et
459 2662 528 2717 pie
560 2661 767 2703 memorie
800 2660 875 2701 Gn*
909 2659 1050 2701 tituli‘l
1084 2658 1232 2700 Sancti
1265 2657 1440 2699 Martini
1474 2657 1715 2713 presbitero
1748 2657 1966 2698 cardinali.
2030 2655 2085 2696 Et
2118 2660 2163 2695 ut
2186 2655 2347 2695 anima-

149 2737 294 2773 rentur
335 2746 484 2772 omnes
523 2730 680 2772 nostris
722 2728 1023 2783 largitionibus
1057 2736 1100 2769 et
1142 2727 1386 2783 promissis,
1429 2727 1612 2768 termino
1653 2727 1842 2781 passagii
1877 2740 2010 2779 usqne
2045 2724 2096 2765 ad
2133 2724 2348 2764 biennium

285 2867 372 2904 116.
405 2868 436 2911 v)
462 2870 552 2902 deest
577 2867 607 2902 2.
635 2868 666 2903 3.
761 2870 802 2911 W)
828 2880 870 2902 ex
895 2869 1040 2901 fortuitu
1066 2878 1153 2899 corr.
1181 2866 1299 2899 eadem
1325 2876 1431 2897 manu
1455 2865 1491 2896 in
1516 2876 1625 2906 mar-ss.
1651 2864 1838 2897 exercitum
1864 2863 1891 2896 1.
1987 2870 2019 2903 x)
2048 2873 2123 2904 neq.
2149 2873 2183 2894 se
2211 2862 2300 2904 ipsos
2318 2860 2349 2893 5.

149 2925 181 2968 5)
207 2932 356 2960 nostram
381 2928 463 2960 certi
491 2926 527 2967 1;
553 2938 614 2970 pro
639 2932 731 2960 certo
755 2932 907 2960 nostram
933 2926 964 2959 ἵ).
1106 2923 1136 2966 z)
1163 2924 1342 2957 cominuos
1368 2921 1399 2954 2.
1524 2920 1555 2964 ³³)
1582 2922 1744 2954 laudabili
1772 2921 1804 2953 2.
1923 2919 1954 2961 b)
1982 2926 2092 2953 inistre
2119 2920 2235 2952 classis
2260 2918 2291 2951 2.
2318 2919 2349 2951 ι’).

150 2982 180 3026 t³)
204 2985 363 3027 laqueum
387 2983 420 3018 2.
446 2984 477 3018 3.
619 2982 652 3027 d)
677 2985 780 3017 immo
804 2985 870 3027 laq.
897 2983 965 3016 cles.
985 2982 1016 3015 3.
1161 2980 1190 3022 e)
1217 2993 1234 3014 e
1259 2985 1344 3013 vest.
1371 2980 1439 3013 des.
1457 2978 1487 3012 3.
1630 2978 1660 3019 f)
1689 2980 1746 3011 XC
1771 2978 1802 3011 3.
1944 2976 1976 3019 8)
2002 2990 2115 3021 magn.
2142 2982 2174 3010 et
2201 2977 2289 3009 laud.
2317 2976 2348 3008 2.

150 3040 183 3084 h)
208 3043 330 3086 legatis
353 3041 385 3076 3.
502 3040 527 3083 i)
554 3047 712 3085 preerant
735 3041 766 3075 3.
884 3039 918 3083 k)
945 3041 1035 3073 deest
1060 3039 1092 3072 3.
1232 3036 1258 3079 l)
1285 3049 1361 3071 cum
1387 3037 1452 3080 gal.
1480 3048 1539 3080 per
1565 3038 1691 3070 flumen
1717 3036 1748 3069 2.
1774 3036 1805 3068 3.
1926 3034 1968 3076 Π1)
1994 3035 2084 3067 deest
2112 3034 2140 3066 1.
2235 3034 2268 3073 Π)
2295 3047 2348 3066 ee-

150 3099 262 3132 mitem
290 3100 317 3132 1.
436 3099 468 3141 0)
494 3100 585 3132 deest
606 3099 639 3133 2.
734 3098 768 3142 Ρ)
794 3099 840 3131 sic
865 3098 906 3137 2;
933 3098 1003 3129 Pie.
1032 3096 1068 3136 13
1096 3096 1205 3128 Pizita
1229 3095 1269 3136 3;
1302 3095 1386 3136 l'izij
1414 3093 1453 3133 4;
1479 3094 1575 3138 l’iogi
1600 3094 1636 3133 5;
1663 3095 1771 3136 Pei-cy
1799 3092 1964 3125 Mat-tene.
2059 3092 2092 3131 ί1)
2118 3092 2207 3133 quod
2235 3093 2349 3124 inven-

150 3157 278 3190 toribus
303 3158 401 3190 nobis
426 3159 549 3190 astruit
573 3164 606 3190 et
630 3158 671 3190 de
696 3157 785 3188 male
809 3155 840 3189 3.
936 3155 964 3195 ¹')
990 3155 1071 3187 dum
1096 3152 1126 3185 3.
1225 3159 1252 3194 ⁸)
1279 3153 1508 3186 laboravimus
1535 3151 1566 3185 5.
1663 3150 1688 3192 t)
1715 3150 1953 3182 sollicitudinis
1978 3150 2009 3182 2.
2103 3149 2137 3190 u)
2162 3150 2191 3181 ei
2217 3149 2299 3180 add.
2318 3147 2349 3180 5.

150 3212 183 3255 V)
207 3226 288 3248 rem.
313 3226 423 3258 comp.
448 3213 480 3247 2.
608 3214 650 3256 w)
676 3213 938 3256 colloquendum
965 3211 997 3245 2.
1116 3210 1150 3253 x)
1177 3222 1246 3243 rev.
1274 3216 1366 3253 patre
1393 3209 1431 3250 23
1471 3214 1564 3252 patre
1589 3208 1679 3240 deest
1703 3206 1733 3240 3.
1761 3206 1792 3239 ἵ).
1910 3211 1943 3247 5)
1971 3207 2014 3238 11.
2044 3206 2073 3238 1.
2191 3206 2219 3245 z)
2245 3210 2349 3236 matu-

150 3272 254 3304 rando
278 3269 308 3304 3.
474 3271 504 3312 8·)
540 3272 664 3304 desinit
687 3271 718 3304 3.
844 3270 876 3311 b)
903 3271 1017 3303 Veron
1045 3268 1080 3302 1:
1123 3269 1256 3301 Verone
1280 3266 1312 3300 4.
1337 3267 1368 3299 5.
1537 3266 1567 3306 e)
1604 3265 1803 3307 dispositum
1830 3269 1879 3296 est
1904 3263 1935 3296 5.
2099 3261 2132 3304 d)
2159 3264 2292 3294 fortune
2321 3261 2349 3293 1.

152 3326 182 3372 0)
207 3330 352 3362 militum
379 3329 414 3371 l;
440 3330 598 3362 nuntium
623 3327 656 3361 4.
751 3327 782 3370 f)
808 3328 1027 3370 requirebant
1051 3324 1081 3358 2.
1178 3328 1211 3366 8)
1238 3331 1277 3357 ut
1301 3342 1344 3347 —-
1371 3324 1569 3357 duxerimus
1593 3322 1623 3355 5.
1719 3320 1751 3362 h)
1779 3321 2121 3364 Hierosolymitauam
2147 3320 2299 3361 reginam
2317 3317 2348 3350 2.

149 3383 174 3427 i)
198 3386 404 3420 inserviendi
428 3386 461 3419 2.
599 3385 635 3429 k)
661 3386 852 3420 Cardinalis
878 3385 908 3417 2.
1027 3382 1050 3422 1)
1078 3383 1198 3415 deinde
1223 3381 1254 3415 2.
1280 3380 1319 3421 4;
1353 3382 1501 3423 denique
1526 3380 1556 3413 5.
1676 3380 1719 3419 ¹¹¹)
1746 3379 1897 3411 infirmos
1924 3378 1952 3410 1.
2069 3378 2101 3417 Π)
2129 3376 2292 3410 recordati
2318 3374 2347 3406 2.

151 3442 183 3483 ⁰)
212 3443 253 3476 ad
277 3444 510 3487 suscipiendae
536 3445 645 3477 crucis
669 3445 807 3487 signum
832 3441 862 3475 2.
981 3440 1013 3483 1²)
1048 3441 1138 3473 deest
1161 3439 1193 3473 2.
1311 3438 1344 3480 q)
1379 3439 1451 3471 loco
1477 3440 1518 3471 G.
1545 3438 1634 3470 tituli
1660 3436 1697 3469 2:
1725 3437 1862 3469 Cardin.

291 3557 322 3601 1)
347 3555 546 3591 Henr‘icum
570 3556 611 3590 de
636 3557 756 3590 Malta
779 3554 912 3589 marini
935 3554 1028 3589 stolii
1054 3553 1291 3588 ammiratum.
1324 3551 1431 3587 HUI.
1548 3552 1582 3594 2)
1612 3550 1712 3594 Quis,
1741 3548 1924 3584 nescimus.
1959 3545 2001 3580 Η
2007 3546 2068 3581 UI.
2185 3547 2220 3588 3)
2249 3545 2348 3578 Pela-

87 3615 121 3643 5o
150 3611 239 3660 qius,
266 3613 356 3648 idem
379 3613 456 3663 ipse
481 3614 543 3657 qui
566 3614 776 3648 Damiatam
802 3613 978 3648 amiserat.
1004 3611 1112 3646 HUI.
1230 3611 1266 3653 4)
1295 3608 1421 3644 Gualo.
