2558 3970
164 174 216 212 94
706 164 948 200 FRlDERIOI
975 165 1017 198 ΙΙ.
1045 161 1471 199 CONSTITUTIONES.
1524 161 1622 195 1220.
1672 160 1736 196 ΝΡ.
1756 160 1811 196 76.

164 298 247 324 non
281 289 493 324 inclitorum
526 286 707 321 Prodorici
750 285 879 334 atque
912 278 1112 319 Hainrici
1151 277 1290 318 felicis
1329 275 1535 316 memorie
1576 274 1642 314 avi
1676 278 1804 328 atque
1847 274 1980 328 patris
2013 274 2143 314 nostri
2179 277 2221 314 et
2253 287 2354 314 con-

165 352 388 405 sanguinei
424 351 554 390 nostri
590 347 780 388 ottonis*
819 347 1013 387 (livorum
1045 352 1313 397 imperatorum
1343 350 1492 394 legitur,
1524 349 1621 383 iuste
1653 350 1691 383 et
1718 348 1890 392 legaliter
1911 348 2034 382 tenuit
2056 350 2094 382 et
2113 348 2256 391 habuit,
2290 360 2356 394 per

166 429 257 460 lianc
281 430 444 460 nostruin
469 424 630 467 regalem
654 422 829 467 paginam
859 422 1079 455 innovamus
1103 422 1140 454 et
1162 419 1430 460 confirmamus,
1463 417 1518 451 ita
1539 415 1699 460 quidem,
1722 417 1764 449 ut
1785 427 1871 460 pars
1893 415 1992 460 parti
2013 415 2129 450 nichil
2149 416 2355 461 malignum

166 497 227 527 aiut
261 493 449 534 iniustum,
483 492 544 525 scd
577 502 721 535 semper
762 490 861 533 quod
892 491 1034 523 rectum
1066 490 1132 530 est,
1164 487 1202 521 in
1235 486 1404 521 omnibus
1435 484 1644 520 actionibus
1677 486 1715 519 et
1735 483 1844 519 rebus
1865 484 1987 520 facere
2018 486 2224 529 presumat;
2254 486 2292 519 et
2313 485 2354 528 si,

163 562 260 605 quod
291 561 399 597 absit.
433 560 555 603 aliqua
589 558 737 593 malicia
765 558 822 592 vel
855 557 946 591 lesio
978 557 1076 590 inter
1107 558 1234 600 partes
1261 554 1456 589 commissa
1486 553 1609 595 suerit,
1641 563 1707 597 per
1727 552 1836 586 huius
1858 552 1993 587 federis
2014 552 2164 588 decreta
2189 554 2359 598 tergatur

164 642 205 663 ac
239 631 334 663 factu
375 627 635 662 satisfactione
669 638 687 660 a
722 625 850 660 rebelli
884 627 921 659 et
958 626 1232 668 transgressore
1272 624 1379 667 parte
1411 622 1457 655 ad
1495 623 1645 665 pactum
1678 620 1948 655 observandum
1980 621 2048 655 hec
2079 620 2191 655 series
2222 620 2358 656 federis

166 710 229 741 pei·
258 700 388 731 cuncta
415 695 682 729 inviolabiliter
713 706 895 728 annorum
929 692 1111 727 curricula
1143 702 1288 735 semper
1318 692 1479 730 maneat,
1512 691 1656 723 remota
1678 688 1972 724 contradictione
1995 689 2051 723 vel
2074 688 2358 734 impugnatione

167 772 241 799 tuin
276 768 398 799 nostra
432 775 544 808 quam
576 763 738 797 omnium
777 773 1029 796 successorum
1061 762 1283 794 nost-rorum.

306 833 397 875 Quia
437 832 615 866 iniustum
649 831 805 868 videtur.
844 834 880 864 ut
918 829 1053 873 aliquis
1086 829 1140 862 vel
1175 827 1250 861 suis
1283 827 1337 861 vel
1372 826 1476 870 equis
1514 825 1771 860 sanctionibus
1804 825 2020 870 obpugnare
2053 826 2206 868 nitatur,
2248 827 2287 860 et
2317 827 2359 860 ut

166 903 323 937 inaximo
356 904 533 936 notentur
564 900 776 945 specialiter
809 899 921 933 vicini
953 897 1083 943 populi
1114 899 1191 931 tam
1224 908 1268 931 ex
1300 889 1432 940 regnoi
1464 897 1592 930 nostro
1625 905 1737 939 qnam
1769 906 1813 928 ex
1841 894 2009 939 predicto
2031 895 2168 929 ducatu
2187 894 2356 937 Venetie,

165 985 183 1006 u
217 971 350 1016 quibus
383 970 593 1005 omnimodo
625 970 719 1003 lianc
752 968 937 1013 pactionis
969 966 1249 1001 institutionem
1281 964 1551 999 observandam
1584 974 1663 998 esse
1691 962 1941 1006 decernimus,
1973 963 2027 997 hii
2056 965 2143 998 sunt
2164 975 2208 998 ex
2231 964 2360 998 nostro

167 1040 305 1074 scilicet
339 1039 434 1073 iure:
467 1038 676 1082 Parmense&
711 1036 1018 1077 Mediolanenses,
1052 1034 1327 1075 Cremonenses,
1362 1034 1554 1075 Lucenses,
1578 1032 1713 1074 Pisani,
1736 1032 1948 1074 Ianucnses,
1970 1032 2189 1075 Placentini,
2212 1032 2360 1067 Floren-

167 1109 246 1144 tini.
297 1107 564 1142 Ferriirienses.
614 1106 886 1145 Rau-ennensos,
929 1104 1196 1145 Comaclcnses,
1246 1102 1508 1143 Ariminenses,
1552 1100 1815 1142 Pisani-iensos,
1862 1094 2125 1144 Cesenensesk,
2164 1101 2361 1144 Fanenses,

165 1177 457 1221 senogaliensos.
492 1175 729 1211 Anconitani.
772 1173 942 1216 Humani,
978 1173 1194 1214 Pii-menses,
1236 1170 1452 1216 Epineuses,
1488 1170 1728 1211 Vcronenses,
1763 1169 2072 1211 Montesilienses‚
2109 1168 2360 1212 Gavellenses,

170 1246 444 1281 vincenti—usos.
493 1244 669 1286 Paduaui,
719 1236 932 1285 'rm-visinik
979 1242 1214 1284 menatenses,
1259 1240 1543 1283 Foroiulienses,
1581 1239 1868 1284 Hystriensesm,
1912 1241 1950 1273 ct
1988 1238 2110 1273 cuncti
2150 1238 2194 1272 de
2232 1239 2360 1273 nostro

170 1315 314 1348 Ytalico
338 1326 462 1358 regno,
487 1314 563 1348 sivo
591 1313 654 1357 qui
679 1313 788 1347 inodo
811 1314 898 1346 sunt
921 1311 976 1346 vcl
1001 1311 1065 1356 qui
1088 1311 1126 1345 in
1148 1309 1369 1355 posterumn
1391 1308 1507 1343 futuri
1529 1309 1634 1350 sunt;
1664 1319 1709 1343 ex
1729 1306 1896 1352 predicto
1920 1317 2006 1341 vero
2024 1306 2184 1341 Venecie
2200 1305 2362 1341 duc-atu0

166 1387 249 1417 ¹<unt
294 1383 591 1423 Rivoaltensesv,
645 1382 982 1422 Mctamaucenses,
1023 1379 1293 1421 Torcellenses,
1342 1377 1574 1422 Clugienses,
1622 1376 1952 1417 Palestrinensesq,
1994 1374 2361 1420 Caputargelensesr‚

168 1452 496 1496 }’‚1·unduligenses.
545 1450 756 1492 Lauretani,
807 1449 1060 1483 Murianenses
1075 1449 1097 1490 Β,
1144 1447 1408 1488 AmianenseS,
1458 1445 1718 1488 Burianenses,
1760 1439 2010 1489 Equilenses‘,
2057 1443 2362 1489 Caprulanenses,

169 1520 493 1556 l'ivitatinensesu.
536 1520 721 1555 Finenscs.
763 1518 1008 1553 Grndenses¹'¹
1050 1519 1087 1551 et
1119 1518 1253 1551 cuncta
1292 1515 1519 1561 generalitas
1551 1514 1679 1560 populi
1713 1513 1893 1556 Venetici,
1933 1513 2010 1548 sive
2041 1514 2105 1557 qui
2136 1513 2245 1548 modo
2277 1514 2364 1547 sunt

172 1590 224 1622 vul
259 1589 321 1632 qui
357 1588 471 1622 futuri
504 1590 600 1622 sunt.

311 1650 375 1705 (xli)
409 1658 675 1691 ‹fonfirmamus
708 1656 835 1699 itaque
867 1655 1159 1689 VcneticorumV
1190 1655 1281 1688 fines
1313 1665 1334 1687 a
1356 1652 1503 1687 nemine
1532 1653 1744 1686 nostrorum
1772 1650 1985 1695 inquietari,
2019 1650 2145 1685 invadi
2167 1651 2226 1685 vel
2248 1650 2363 1685 mino-

168 1727 240 1761 rari
263 1727 406 1768 dehere,
441 1726 503 1761 sed
529 1725 644 1759 libere
668 1727 706 1759 et
728 1724 868 1768 absque
891 1724 966 1758 ullo
988 1724 1149 1768 impulsu
1172 1734 1243 1767 que
1266 1724 1365 1757 retro
1389 1721 1435 1756 ab
1457 1721 1565 1755 annis
1589 1720 1835 1765 possederunt
1855 1719 1993 1762 multis,
2022 1719 2196 1765 deinceps
2218 1713 2364 1768 quiete

168 1797 394 1840 luissideant.
457 1794 711 1839 proprietates
745 1805 830 1828 vcro
864 1796 902 1827 et
931 1793 1070 1837 predia,
1104 1804 1175 1836 que
1206 1791 1344 1825 habere
1366 1790 1540 1825 videntur
1571 1791 1649 1823 tam
1680 1788 1760 1833 ipse
1791 1788 1864 1822 dux
1896 1799 2006 1832 quam
2039 1800 2124 1823 suus
2152 1788 2367 1833 patriarcha

173 1877 237 1898 um·
268 1877 341 1899 non
375 1863 552 1908 episcopi,
585 1862 741 1896 abbates
775 1864 809 1896 ct
844 1862 997 1896 ecclesie
1030 1863 1157 1895 sancte
1190 1860 1259 1895 Dei
1291 1861 1328 1894 et·
1365 1859 1530 1903 reliquus
1562 1858 1721 1902 populus
1754 1857 1913 1892 Venecie
1946 1857 2016 1891 sibi
2048 1857 2236 1892 subiectus
2267 1857 2366 1892 infra

173 1937 396 1978 pots-statem
430 1932 577 1976 imperii
608 1931 736 1972 nostri,
770 1931 847 1965 sive
879 1930 918 1964 in
940 1930 1080 1975 campis
1102 1929 1179 1964 sive
1204 1929 1242 1963 in
1271 1927 1453 1969 domibus,
1485 1926 1614 1972 pratiS,
1647 1926 1761 1968 silvis,
1796 1925 1923 1968 vineis⁷
1946 1926 2154 1970 paludibus,
2177 1926 2364 1969 salictisw,

173 2002 389 2043 sationibus,
415 2000 685 2045 piscationibus
708 1999 915 2043 ceterisque
936 1998 1243 2044 possessionibus,
1272 1997 1398 2042 quiete
1423 1995 1639 2041 possideant
1661 1997 1699 2030 et
1721 1995 1859 2039 absque
1882 1994 2100 2039 cuiusquam
2120 1994 2365 2030 insultantisx

172 2071 447 2105 machinatione
487 2072 552 2103 aut
591 2068 731 2103 lesione
770 2068 846 2102 sive
885 2067 1037 2102 sinistra
1077 2066 1254 2111 quapiam
1291 2064 1614 2111 tergiversatione,
1655 2064 1710 2098 ita
1747 2065 1789 2098 ut
1828 2074 1936 2098 nemo
1975 2063 2282 2099 contrarietatem
2313 2063 2365 2099 eis

2396 900 2428 925 10

2399 1243 2429 1267 15

2399 1589 2434 1614 20

2401 1928 2433 1954 25

172 2141 292 2175 facere
324 2139 408 2173 inde
440 2140 641 2183 presumat.
701 2136 775 2171 Nec
807 2137 921 2171 etiam
954 2136 1172 2171 venationes
1204 2137 1270 2169 aut
1302 2133 1565 2179 pabulationes
1597 2133 1675 2167 sine
1707 2144 1835 2167 eorum
1867 2134 2039 2167 exerceat
2068 2132 2223 2167 licentia
2244 2143 2365 2177 neque
2403 2128 2406 2131 ⁴

171 2208 381 2243 molestiam
421 2207 474 2241 ibi
508 2205 757 2241 residentibus
794 2206 933 2240 inferat
973 2216 1093 2249 neque
1135 2204 1301 2248 aliquam
1340 2214 1474 2238 navem
1511 2202 1676 2247 ipsorum
1708 2201 1971 2236 Veneticorum
2007 2201 2046 2235 in
2083 2201 2210 2246 aliqua
2246 2201 2366 2236 nostri

172 2276 317 2321 imperii
359 2275 401 2310 et
444 2269 589 2323 regni-V
629 2276 735 2318 parte
775 2273 1053 2318 periclitantem
1098 2272 1247 2318 predari
1286 2283 1349 2307 seu
1389 2270 1602 2306 hominibus
1640 2270 1877 2315 naufragium
1924 2269 2155 2315 patientibus
2203 2269 2367 2314 aliquam

173 2344 463 2379 controversiam
503 2332 884 2387 inferre'presinnat;
929 2343 1028 2387 quod
1066 2342 1130 2386 qui
1173 2341 1314 2384 fecerit,
1356 2342 1556 2385 componat
1595 2341 1745 2374 centum
1785 2338 1898 2373 libras
1937 2338 2018 2373 auri
2053 2338 2242 2384 purissimi
2278 2338 2365 2382 illis,

173 2413 305 2457 quibus
338 2412 511 2447 iniuriam
542 2412 723 2454 intulerit,
763 2414 801 2446 ct
839 2423 895 2446 res
927 2411 1092 2446 dominio
1124 2409 1395 2455 possidentium
1426 2408 1688 2454 mancipentur
1719 2410 1757 2443 et
1788 2407 1914 2452 quiete
1945 2407 2058 2442 liceat
2090 2407 2365 2452 possessoribus

176 2484 258 2517 illas
291 2487 418 2518 tenere
450 2494 492 2516 ac
523 2481 605 2515 frui.

317 2545 382 2599 (2)
415 2550 552 2592 Quodsi
585 2561 758 2584 excursus
790 2549 888 2584 inter
919 2551 1045 2594 partes
1079 2550 1199 2584 factus
1231 2548 1354 2591 fuerit,
1387 2548 1470 2593 ipsa
1500 2557 1670 2592 persona,
1703 2557 1774 2590 que
1801 2545 1840 2579 in
1862 2544 1984 2590 capite
2007 2543 2120 2579 fuerit
2141 2544 2188 2578 ad
2210 2544 2366 2579 eandem

174 2621 354 2655 malitiam
388 2621 605 2662 faciendam,
638 2620 736 2654 infra
763 2620 821 2654 LX
854 2620 931 2655 dies
964 2620 1143 2662 tradatur,
1177 2622 1215 2655 et
1246 2619 1381 2661 omnia,
1414 2629 1485 2662 que
1516 2617 1657 2652 fuerint
1683 2614 1821 2656 ablata,
1853 2614 1892 2648 in
1923 2613 2075 2657 duplum
2098 2612 2361 2654 restituantur;

174 2690 305 2735 quodsi
342 2690 462 2734 ipsum
500 2689 675 2733 duplumZ
708 2688 955 2732 compositum
985 2700 1060 2723 non
1099 2688 1213 2724 fuerit
1243 2688 1302 2722 vel
1332 2698 1492 2732 persona
1523 2686 1606 2731 ipsa
1636 2684 1776 2719 tradita
1806 2694 1881 2719 non
1912 2682 2026 2717 fuerit
2055 2682 2153 2716 infra
2184 2681 2245 2715 LX
2276 2680 2365 2724 dies,

175 2764 213 2792 ut
246 2759 385 2792 dictum
418 2760 484 2799 est,
517 2759 605 2791 tunc
637 2768 702 2800 per
734 2768 1033 2801 unamquamque
1065 2768 1273 2801 personam,
1307 2767 1378 2799 que
1410 2755 1530 2799 ipsam
1561 2749 1744 2788 malitiam
1774 2750 2058 2796 perpetraverit,
2096 2751 2367 2795 componantur

175 2827 274 2861 aurei
307 2826 515 2871 quingenti.

317 2887 381 2942 (3)
415 2893 452 2928 Si
485 2894 623 2928 furtum
654 2893 752 2928 inter
783 2896 908 2938 partes
940 2892 1054 2927 fuerit
1085 2893 1236 2935 factum,
1268 2892 1308 2926 in
1339 2891 1588 2935 quadruplum
1619 2889 1851 2925 restituatur.

317 2955 381 3009 (4)
413 2962 450 2996 Si
490 2962 586 2997 servi
624 2965 689 2996 aut
727 2961 859 2996 ancille
898 2961 996 2996 inter
1032 2963 1158 3005 partes
1197 2960 1443 3005 confugerint,
1487 2971 1569 2993 cum
1609 2957 1779 2993 omnibus
1817 2956 1936 2998 rebus,
1977 2966 2068 3000 quas
2106 2966 2230 2990 secum
2260 2953 2362 2989 detu-

175 3031 297 3071 lerint,
331 3030 548 3071 reddantur;
582 3034 618 3065 et
650 3030 770 3072 iudex,
805 3030 868 3074 qui
900 3029 1000 3074 ipsos
1032 3029 1211 3074 fugitivos
1242 3028 1455 3071 reddiderit,
1489 3026 1650 3072 accipiat
1680 3037 1747 3070 pro
1778 3034 2002 3068 unoquoque
2035 3023 2200 3068 singulos
2227 3021 2366 3057 solidos

176 3099 272 3139 auri,
313 3099 364 3132 sic
395 3101 531 3141 tamen,
572 3101 630 3141 ut,
670 3099 699 3132 si
732 3098 890 3143 amplius
928 3098 1165 3142 requiritura,
1205 3109 1272 3142 per
1311 3098 1584 3132 sacramentum
1615 3093 1774 3129 dominis
1806 3092 1955 3127 illorum
1985 3091 2131 3135 ydonea
2160 3091 2226 3126 fiat
2257 3090 2362 3126 satis-

178 3167 300 3201 factio.
362 3167 398 3201 si
432 3179 516 3202 vcro
556 3167 664 3202 iudex
705 3170 769 3201 aut
809 3166 943 3211 aliquis
983 3167 1084 3211 ipsos
1120 3166 1299 3212 fugitivos
1333 3157 1561 3210 susceperitb
1594 3165 1631 3198 et
1670 3174 1731 3198 eos
1763 3160 1939 3197 redderec
1969 3159 2174 3205 negaverit,
2214 3161 2252 3195 et
2282 3153 2365 3208 ipsi

177 3234 308 3269 exinde
341 3235 514 3279 fugerint,
548 3238 635 3270 tunc
667 3247 733 3280 pro
765 3246 989 3279 unoquoque
1022 3234 1181 3279 fugitivo
1214 3235 1414 3279 componat
1442 3232 1522 3267 auri
1554 3231 1690 3267 solidos
1723 3230 1866 3264 LXXII.
1917 3227 2055 3270 Quodsi
2077 3227 2229 3263 dubium
2250 3227 2364 3262 fuerit

316 3363 374 3397 76.
409 3363 427 3405 i!
458 3377 521 3397 om.
548 3363 576 3396 52.
603 3364 633 3397 3.
751 3364 785 3408 k)
811 3367 1021 3399 Cesanenses
1050 3365 1077 3397 l.
1104 3363 1134 3397 2.
1252 3351 1278 3404 1)
1305 3364 1438 3396 Tarvisi
1463 3362 1493 3395 3.
1598 3361 1638 3401 m)
1663 3361 1700 3392 in
1724 3360 1796 3393 cod.
1826 3357 2005 3392 Trivisano
2029 3361 2167 3392 nomina
2194 3359 2363 3392 civitatum

173 3432 236 3462 per
268 3421 441 3453 columnas
478 3421 639 3463 disposita
675 3422 826 3454 ordinem
862 3427 1026 3453 mutatum
1052 3421 1244 3454 Huillardo
1269 3420 1506 3457 subdiderunt;
1542 3420 1604 3461 cfr.
1631 3428 1738 3459 supra
1756 3427 1794 3458 p.
1812 3418 1857 3449 39
1880 3422 1946 3448 not.
1967 3421 1994 3449 1.
2111 3417 2144 3457 ¹²)
2171 3421 2303 3459 postero
2330 3416 2361 3448 1.

177 3484 207 3517 0)
235 3479 309 3510 duc.
337 3479 475 3510 Venetie
500 3477 531 3510 3.
649 3484 680 3518 ¹5³
710 3478 922 3510 Rivoltenses
949 3478 980 3511 1.
1075 3479 1105 3518 (ι)
1131 3478 1395 3511 Pelestrinenses
1420 3476 1449 3510 3.
1544 3475 1572 3517 ι“)
1597 3473 1861 3516 ΟαῐῑηιςθΙθηεθε
1887 3472 1923 3512 1;
1949 3473 2246 3516 Campargeleuses
2271 3471 2301 3505 2.
2330 3471 2360 3505 3.

176 3540 203 3569 ⁵³)
230 3535 482 3567 Maurianenses
507 3533 536 3565 2.
563 3533 592 3565 3.
689 3535 714 3576 t)
742 3535 977 3576 Equilineuses
1006 3534 1035 3567 1.
1053 3534 1083 3567 2.
1178 3537 1211 3575 ¹¹)
1238 3536 1472 3568 Civitaticnscs
1500 3533 1530 3566 1.
1549 3531 1580 3565 2.
1673 3530 1706 3573 v)
1732 3531 1936 3563 Venetorum
1957 3528 1985 3563 1.
2057 3531 2096 3569 w)
2128 3530 2244 3562 saliuis
2265 3527 2361 3562 1-3.

176 3598 207 3620 ¹1
234 3592 406 3623 insultanti
436 3591 463 3622 1.
603 3595 635 3631 y)
661 3592 754 3633 regni
781 3592 884 3623 nostri
911 3597 943 3624 et
972 3592 1098 3633 imperii
1124 3590 1154 3624 3.
1297 3594 1325 3633 z)
1351 3603 1414 3624 om.
1439 3590 1470 3623 3.
1587 3592 1618 3630 ²)
1648 3588 1836 3630 acquiritur
1863 3585 1959 3619 1—3.
2099 3585 2130 3628 b)
2157 3587 2305 3629 suscepit
2332 3586 2360 3620 1.

178 3654 207 3678 c,
234 3659 316 3680 cura
341 3648 422 3679 add.
450 3648 521 3679 ΙἸΙ.
544 3648 607 3680 IV.

2403 2271 2436 2296 30

2400 2619 2432 2644 35

2399 2959 2433 2984 40

2399 3368 2431 3392 45

2398 3649 2431 3674 50
