2558 3970
680 135 925 171 FRIDERICI
952 137 996 171 Il.
1023 136 1453 173 CONSTlTU'rlsmlfis.
1505 140 1603 174 1240.
1655 140 1716 174 Nr.
1734 141 1928 175 227-‘2-29.
2324 147 2404 184 315

283 284 386 327 227.
429 284 740 328 EPISTOLA
771 284 1137 327 PRINCIPIUM
1163 287 1246 327 ΕΤ
1278 286 1575 328 GOMITVM
1607 288 2097 333 L(›TJL›1RINGJAIc.
2150 292 2255 343 Apr.
2278 294 2316 333 22.

346 365 412 420 Cf.
445 365 640 417 Bolanum,
671 364 772 419 Ray.
805 366 902 417 imp.
936 365 980 415 Γ,
1002 368 1127 409 1413.
1160 391 1214 396 —
1248 366 1701 410 ΙΙιιίΙΙανιΙ-ΒνύΙιοΙΙακΙ
1738 369 1778 419 1⁷,
1802 372 1898 411 987.
1953 371 2145 423 lmlmaer,
2176 372 2274 426 Πομ.
2310 374 2403 426 imp.

207 434 250 486 V,
274 435 428 478 11250.
2049 447 2067 493 (
2072 440 2117 481 1².
2143 443 2262 489 3:2¹5.)

341 549 391 590 In
425 549 609 592 eundem
644 549 814 590 modum
847 550 1114 605 seripserunt
1143 549 1403 604 Iltenricus)
1427 550 1677 597 Brabantic,
1714 552 1914 593 Matlwus
1954 554 2246 607 Lotlioringie.
2282 556 2401 596 Πρη-

144 637 158 660 5
196 619 311 660 ricus
344 618 397 660 de
430 619 621 674 Linpurc
654 618 808 667 duces,
845 618 949 659 Otto
983 617 1230 669 Gelrensis,
1265 619 1482 660 Henricus
1517 620 1758 664 Scinensis.
1794 621 2012 662 Arnoldus
2046 623 2098 663 (le
2134 623 2238 670 luis,
2278 624 2402 665 Will-

195 688 364 730 helmus
387 687 655 739 IuliaeensiS,
678 687 895 729 Henricus
920 687 973 728 de
993 687 1292 728 Luzelenborc
1317 689 1509 731 comites.
1534 694 1574 728 et
1595 688 1913 731 NValcrammus
1938 691 1990 732 ‹le
2015 690 2220 747 Linpurc:
2246 708 2402 748 usquc:

197 757 269 813 qui
301 756 481 798 aderant
513 769 661 798 verum
686 756 769 798 Dei
794 760 1046 808 amatorem,
1079 756 1256 798 fratrem
1283 756 1528 798 Conradum
1556 759 1850 799 venerabilem
1882 761 2133 813 magistrum
2161 761 2403 816 Hospitalis

197 831 346 868 sancte
391 825 528 868 Marie
573 826 726 868 domus
766 825 1123 875 Teutonicorum,
1173 831 1253 867 etc.
1300 840 1458 881 usque:
1510 827 1569 867 sic
1617 829 1776 868 crimus
1825 834 2128 883 exportantes.
2180 831 2312 871 donec
2352 832 2404 872 ‹10

196 908 408 952 responso
442 894 557 936 sedis
590 896 829 951 apostolice
863 900 905 937 et
937 895 1101 936 domini
1134 896 1268 936 nostri
1306 896 1578 951 imperatoris
1602 897 1655 937 ab
1680 897 1830 938 eodem
1856 899 1943 938 viro
1968 899 2204 939 venerabili
2231 901 2399 955 plenius

129 981 161 1006 ιο
198 965 474 1006 instruamur.

341 1034 440 1076 Dat.
476 1033 590 1090 apud
622 1032 848 1085 Leodium,
882 1033 939 1074 Il.
973 1034 1171 1074 intrantis
1204 1033 1381 1089 Aprilis.

338 1217 442 1260 228.
485 1217 790 1261 EPISTOLA
828 1216 1078 1260 SIFRIDI
1107 1216 1606 1260 AROHIEPJSGOPI
1630 1216 2009 1261 MOGUNTINI.
2065 1220 2172 1272 Apr.
2195 1227 2264 1262 21).

336 1298 792 1342 Huillard-Breho‘lles
833 1298 877 1349 V,
900 1300 997 1341 988.
1058 1297 1252 1349 ΒϋΙιηιεν,
1284 1296 1385 1351 Req.
1417 1298 1513 1349 imp.
1542 1297 1585 1349 V,
1609 1300 1761 1340 11:257.
2046 1301 2117 1354 (P.
2140 1304 2260 1352 335.)

339 1426 508 1468 Littere
543 1459 585 1468 ..
619 1425 937 1482 archiepiscopi
968 1425 1213 1481 Maguntini
1247 1424 1300 1466 ad
1334 1423 1553 1466 dominum
1586 1439 1744 1481 papam
1779 1440 1907 1481 super
1940 1427 2107 1469 codem.

126 1517 158 1542 15
341 1496 624 1538 sanctissimo
656 1496 698 1536 in
723 1494 895 1536 Christo
928 1495 1040 1551 patri
1071 1509 1121 1536 ac
1143 1494 1316 1536 domino
1352 1508 1429 1536 suo
1456 1493 1667 1550 Gregorio
1694 1501 1971 1538 sacrosancte
1994 1497 2191 1539 Romane
2216 1500 2400 1541 ecclesie

195 1579 361 1606 summo
402 1565 594 1621 pontifici
637 1563 680 1606 S.
714 1563 798 1607 Dei
836 1565 978 1619 gratia
1017 1564 1371 1620 archiepiscopus
1404 1562 1687 1619 Maguntinus
1727 1564 1918 1606 debitum
1961 1566 2085 1620 plene
2121 1567 2403 1609 subiectionis

197 1638 240 1676 et
273 1633 521 1676 obedientie
554 1634 826 1676 famulatum.

340 1703 581 1746 Occasione
620 1703 857 1754 discordie,
905 1707 1030 1759 pater
1069 1707 1240 1754 sancte,
1283 1703 1396 1743 inter
1436 1716 1509 1743 vos
1558 1706 1601 1744 et
1640 1701 1859 1744 dominum
1902 1704 2207 1760 imperatorem
2254 1711 2402 1748 exorte

194 1773 309 1815 mala
354 1787 607 1829 guerrarum
652 1788 731 1830 per
776 1773 1026 1815 universam
1072 1777 1233 1814 terram
1274 1776 1492 1827 exurgunt
1540 1776 1582 1813 et
1623 1771 1910 1828 disponuntur
1948 1774 1989 1814 in
2031 1774 2319 1816 dissensiones
2362 1782 2404 1817 et

124 1863 157 1890 20
194 1841 376 1884 discidia
414 1843 612 1885 nationes
651 1847 738 1884 tam
782 1843 825 1884 in
865 1842 1060 1898 partibus
1102 1841 1403 1882 transmarinis
1445 1855 1573 1896 quam
1615 1842 1746 1883 etiam
1787 1842 2051 1885 cismarinis:
2097 1850 2140 1885 et
2171 1850 2316 1899 preter
2350 1844 2403 1895 id,

157 1967 160 1972 Ι
194 1911 309 1968 quod
339 1913 576 1954 maximum
611 1913 851 1964 estimatur,
892 1911 1125 1968 impeditur
1157 1925 1212 1952 ex
1244 1924 1293 1952 eo
1328 1911 1549 1966 negotium
1583 1911 1717 1953 Terre
1751 1911 1933 1964 Sancte,
1977 1914 2010 1954 si
2044 1914 2401 1968 tranquillitatem

192 1986 237 2024 et
278 1996 432 2039 pacem
480 1982 777 2024 misericordia
817 1981 1056 2024 Salvatoris
1101 1995 1185 2022 non
1225 1981 1394 2022 miserit
1435 1981 1548 2022 inter
1591 1986 1752 2037 partes.
1815 1981 2036 2023 Verentur
2079 1982 2276 2024 omnibus
2321 1983 2403 2024 hiis

191 2051 357 2094 maiora
389 2055 431 2093 et
463 2052 675 2094 catholice
715 2049 816 2094 fidei
847 2052 1067 2107 graviora,
1109 2051 1191 2092 nisi
1223 2050 1439 2092 medelam
1472 2065 1601 2106 quam
1634 2052 1812 2106 potestis
1845 2051 2060 2093 discordie
2095 2052 2219 2093 huius
2255 2052 2400 2094 morbo

190 2135 269 2177 per
310 2121 570 2177 sapientiam
610 2121 798 2178 desuper
830 2122 953 2163 vobis
997 2120 1142 2162 datam
1182 2120 1436 2162 curaveritis
1479 2119 1700 2162 adhibere.
1769 2120 1962 2177 Ideoque
2003 2122 2222 2163 sanctitati
2259 2127 2400 2164 vestre

125 2210 157 2236 25
194 2189 415 2232 humiliter
447 2191 741 2247 supplicamus
776 2194 820 2232 et
851 2190 1134 2243 consulimus,
1176 2193 1383 2245 quantum
1422 2189 1543 2241 licet,
1585 2195 1632 2231 ut
1664 2194 1706 2232 et
1739 2204 1821 2246 que
1863 2192 2076 2246 premissa
2110 2196 2207 2232 sunt
2241 2197 2285 2233 et
2318 2206 2398 2247 que

191 2263 399 2315 poterunt
435 2261 666 2316 provenire
706 2260 1042 2301 misericorditer
1079 2260 1319 2312 intuentes,
1361 2259 1425 2301 eis
1466 2273 1549 2314 que
1583 2259 1813 2302 concordie
1846 2266 1945 2302 sunt
1977 2266 2019 2302 et
2052 2261 2171 2316 pacis
2213 2266 2400 2302 vestram

193 2329 469 2371 clementiam
509 2329 729 2372 acclinetis
768 2334 810 2370 et
853 2344 984 2386 super
1015 2330 1241 2385 premissis
1280 2326 1457 2370 fratrem
1491 2328 1738 2370 Conradum
1772 2330 2069 2372 venerabilem
2102 2329 2254 2371 domus
2288 2330 2400 2372 Teu-

193 2399 338 2441 tonice
385 2400 674 2441 transmarine
720 2399 998 2454 magistrum,
1046 2399 1185 2440 virum
1230 2398 1380 2454 utique
1423 2399 1673 2454 religiosum
1716 2412 1765 2440 ac
1807 2399 2031 2454 providum
2077 2405 2120 2441 et
2153 2399 2403 2451 discretum,

191 2468 530 2511 misericorditer
561 2469 762 2512 audiatis.
823 2468 881 2510 Et
913 2469 948 2509 si
981 2468 1035 2510 ad
1069 2467 1345 2510 concordiam
1378 2467 1701 2509 reformandam
1731 2469 1955 2523 presentia
1985 2472 2131 2509 nostra
2154 2469 2246 2509 visa
2268 2469 2401 2510 fuerit

124 2555 156 2581 30
192 2543 421 2594 oportuna,
466 2552 542 2594 pro
587 2539 832 2580 reverentia
873 2539 1022 2579 matris
1065 2542 1208 2579 nostre
1248 2537 1446 2579 Romane
1490 2538 1675 2579 ecclesie
1708 2552 1757 2578 ae
1798 2537 1943 2593 populi
1978 2538 2043 2578 sui
2085 2538 2226 2579 salute
2262 2538 2401 2592 parati

194 2607 353 2649 erimus
386 2621 464 2649 nos
497 2621 715 2663 exponere
747 2612 837 2648 tam
868 2607 1090 2649 laboribus
1124 2621 1251 2662 quam
1286 2607 1503 2662 expensis.

336 2677 436 2719 Dat.
472 2676 690 2729 Castelea,
723 2677 826 2718 XII.
859 2676 956 2719 Kal.
992 2676 1110 2729 Maii,
1144 2677 1422 2732 pontificatus
1457 2676 1594 2717 nostri
1630 2689 1742 2716 anno
1777 2675 1958 2716 decimo.

487 2871 591 2914 229.
630 2872 938 2916 EPISTOLA
982 2871 1315 2915 SIBOTONIS
1342 2869 1639 2914 EPISCOPI
1661 2868 2105 2913 AUGUSTENSIS.

336 2953 799 2997 Huillard-Bre‘holles
829 2953 883 3018 Υ,
907 2954 1002 2995 988.
1066 2953 1261 3004 ΒόΙιφησν,
1293 2952 1394 3007 Rey.
1426 2954 1525 3005 imp.
1557 2952 1601 3003 V,
1626 2953 1778 2993 11264.
2046 2949 2115 3003 (P.
2139 2952 2256 3000 336.)

125 3098 158 3125 ³5
334 3080 504 3122 Littere
539 3080 798 3137 S(ibotonis)
832 3082 1126 3136 Augustensis
1161 3081 1351 3137 episcopi
1384 3080 1437 3121 ad
1471 3079 1691 3121 dominum
1723 3091 1879 3133 papam
1914 3091 2044 3132 super
2076 3077 2243 3118 eodem.

338 3149 622 3191 Sanctissimo
664 3150 709 3191 in
750 3149 922 3191 Christo
963 3151 1075 3206 patri
1117 3155 1160 3191 et
1202 3150 1374 3191 domino
1409 3149 1462 3191 G.
1495 3148 1579 3190 Dei
1622 3147 1763 3202 gratia
1796 3150 1943 3187 sancte
1976 3145 2175 3188 Romane
2209 3146 2396 3187 ecclesie

193 3231 360 3260 summo
400 3219 595 3274 pontifici
637 3218 679 3261 S.
711 3207 1008 3275 Augustens'is
1042 3219 1274 3276 episcopus
1307 3233 1403 3260 cum
1437 3218 1707 3260 subiectione
1741 3215 1887 3256 debita
1920 3219 1962 3256 et
1993 3214 2205 3256 famulatu
2238 3215 2396 3271 pedum

194 3289 343 3329 oscula
376 3288 618 3330 beatorum.

335 3357 494 3399 Vestre
543 3372 640 3399 eum
681 3357 877 3413 pluribus
930 3357 1116 3398 scribere
1160 3371 1363 3413 presumo
1412 3356 1653 3407 sanctitati,
1701 3353 1813 3409 quod
1857 3353 1889 3393 si
1933 3351 2130 3394 turbines
2170 3352 2397 3403 bellorum,

125 3442 159 3468 40
193 3425 384 3468 lamenta
414 3441 668 3482 pauperum,
702 3440 985 3482 personarum
1019 3431 1061 3467 et
1094 3441 1238 3468 rerum
1273 3426 1669 3468 ecclesiasticarum
1693 3422 1929 3478 oppressiO,
1964 3435 2046 3475 que
2073 3422 2200 3462 variis
2225 3422 2265 3462 in
2290 3422 2395 3462 locis

194 3497 238 3536 et
276 3496 523 3551 specialiter
563 3497 607 3537 in
645 3496 905 3537 Alemannia
946 3485 1245 3547 succrescunt,
1293 3496 1465 3551 plenius
1502 3498 1644 3535 vestre
1684 3495 1885 3547 paterent
1928 3490 2267 3545 magnificentie,
2322 3504 2400 3546 per

193 3565 378 3620 amplius
411 3570 662 3606 consuetam
695 3568 838 3607 vestre
871 3565 1146 3621 paternitatis
1178 3565 1390 3621 pietatem
1422 3563 1475 3605 ad
1508 3563 1661 3604 horum
1694 3563 1918 3602 moverent
1950 3560 2230 3601 curationem.
2288 3557 2396 3599 Cum

681 3623 695 3637 .

331 3667 420 3703 228.
455 3669 485 3711 ³¹)
513 3671 650 3704 Gastele
675 3683 702 3704 c.
2104 3722 2121 3740 a

2049 3723 2094 3757 40
