2558 3970
664 156 879 192 HEINRICI
906 157 1048 192 REGIS
1074 157 1504 193 CONSTITUTIONES.
1556 160 1654 194 1234.
1705 161 1860 196 N1·.328.
2277 167 2355 205 437

160 271 416 312 comunibus
449 271 671 312 civitatum
703 271 867 323 Brisie,
899 272 1106 323 Novarie,
1141 273 1288 315 Laude
1323 281 1365 316 et
1397 275 1568 316 domino
1604 277 1848 318 marchione
1883 278 2171 319 Montisferati
2205 283 2248 320 et
2279 293 2355 334 pro

159 341 330 381 comuni
363 345 406 381 et
437 341 719 382 universitate
753 341 983 383 Societatis
1007 342 1281 386 Lombardie.
1317 345 1565 386 iuraverunt
1597 346 1650 386 ad
1685 353 1835 388 saneta
1861 347 1941 387 Dei
1979 347 2205 401 evangelia
2228 361 2357 403 super

158 423 304 450 eorum
339 410 481 450 anima
513 414 555 450 et
587 411 628 450 in
662 411 847 451 animam
889 411 1072 466 predicti
1107 411 1265 452 domini
1308 415 1439 467 regis.
1484 414 1596 469 quod
1633 416 1701 455 ille
1735 416 1930 456 (lominus
1974 432 2048 457 rex
2083 416 2279 457 attendet
2313 423 2355 457 et

158 479 404 520 observabit
436 483 479 519 et
511 479 675 520 attendi
709 480 840 520 faciet
873 480 1192 536 infrascriptam
1237 482 1509 523 concordiam
1545 484 1584 524 in
1619 485 1816 525 omnihus
1850 491 1893 524 et.
1926 499 2000 539 per
2034 487 2195 529 omnia.
2244 486 2355 526 sicut

103 561 117 583 -'›
157 547 315 603 scripta
347 552 434 599 est,
477 553 521 588 et
560 547 672 603 quod
705 548 865 590 facient
897 549 1037 590 iurare
1072 549 1311 604 predictum
1345 550 1565 592 dominum
1600 567 1744 607 regem
1780 560 1821 593 et
1857 555 2071 609 principes
2108 555 2351 602 Alamanic,

86 904 117 929 10

81 1256 113 1280 15

79 1600 112 1626 20

78 1949 109 1975 25

77 2296 109 2321 30

73 2647 104 2674 35

73 3339 104 3364 45

156 622 203 658 ut
234 617 277 658 in
312 617 542 659 concordia
574 618 847 673 infrascripta
881 619 1139 665 continetur,
1174 619 1294 659 cuius
1326 624 1449 660 tenor
1481 621 1579 661 talis
1614 627 1697 662 est:

298 686 347 728 In
380 688 554 729 nomine
586 686 772 729 Domini.
835 687 1045 729 Iurabunt
1078 687 1451 735 Mediolanenses,
1494 689 1650 736 Brisia,
1686 691 1899 735 Bononia.
1949 692 2135 732 marchio
2169 692 2350 733 Montis-

154 756 294 806 ferati,
327 756 532 808 Novaria,
564 756 714 798 Laude
753 762 796 798 et
826 757 910 797 alie
934 757 1128 798 civitates
1154 758 1324 812 aliaque
1350 758 1440 798 loca
1468 763 1509 798 et
1538 760 1842 801 universitates
1866 761 1918 801 de
1951 762 2159 802 societate
2187 762 2350 802 Medio-

154 825 260 877 lani,
303 826 373 881 qui
416 840 529 867 nunc
566 830 666 867 sunt
696 826 763 867 vel
802 826 842 866 in
882 830 1104 881 posterum
1138 831 1283 872 erunt,
1327 832 1370 867 et
1411 841 1493 881 que
1530 829 1671 868 volent
1706 833 1748 869 et
1781 830 1935 883 quibus
1969 832 2109 871 facer(-
2143 832 2350 886 placuerit

155 895 470 952 infrascriptam
518 895 770 937 fidelitatem
818 900 861 936 et
914 895 1106 951 recipere
1162 895 1480 951 infrascriptum
1544 897 1828 939 iuramentum
1881 899 2122 941 fidelitatis.
2180 900 2348 940 domino

152 963 345 1006 Hem-ico
380 965 653 1006 serenissimo
686 965 777 1020 regi
809 964 1100 1005 Romanorum
1136 965 1216 1006 hoc
1249 965 1386 1015 modo,
1421 965 1534 1020 quod
1570 981 1652 1007 non
1687 971 1813 1008 erunt
1847 969 1885 1008 in
1927 969 2104 1009 consilio
2137 970 2200 1009 vel
2232 970 2349 1010 adin-

151 1034 276 1085 torio,
309 1033 420 1089 quod
453 1033 607 1089 perdat
640 1034 769 1075 vitam
805 1034 871 1075 vel
906 1034 1145 1075 membrum
1180 1034 1247 1075 vel
1283 1039 1472 1076 mentem
1505 1041 1579 1076 aut
1612 1051 1736 1077 suum
1763 1037 1967 1078 honorem
1995 1039 2059 1078 vel
2084 1039 2252 1078 fortiam
2278 1045 2346 1078 ant

151 1116 350 1144 coronam
391 1104 532 1158 regni:
571 1103 644 1144 sed
685 1102 921 1145 secundum
965 1118 1087 1144 suum
1128 1117 1255 1159 posse
1296 1104 1608 1159 prohibebunt.
1654 1111 1696 1146 et
1731 1107 1938 1148 valebunt
1971 1108 2007 1148 ei
2044 1109 2152 1148 sicut
2186 1109 2271 1160 regi
2310 1114 2351 1147 ct,

151 1185 247 1213 eum
282 1171 538 1224 defendent,
581 1176 624 1214 et
656 1173 748 1213 eius
787 1172 994 1214 honorem
1028 1173 1393 1220 manutenebunt,
1437 1178 1479 1215 et
1512 1174 1589 1214 hoc
1623 1175 1662 1215 in
1698 1176 1909 1230 provintia
1946 1177 2224 1218 Lombardie.
2290 1176 2350 1217 Eo

151 1255 205 1282 ex
247 1241 514 1283 habundanti
556 1241 667 1283 dicto
707 1246 750 1283 et
789 1242 1028 1292 intellecto,
1075 1241 1186 1296 quod
1228 1246 1402 1297 propter
1448 1244 1586 1298 ipsam
1628 1244 1880 1286 fidelitatem
1917 1260 1997 1286 non
2031 1251 2263 1287 teneantur
2295 1246 2346 1286 ad

148 1311 458 1366 prestationem
492 1311 678 1367 aliquam
711 1312 895 1366 pecunie
928 1310 1055 1352 modo
1089 1311 1234 1366 aliquo
1269 1325 1348 1353 nec
1373 1313 1516 1367 aliquo
1542 1313 1680 1354 modo.
1734 1313 1844 1355 Item
1869 1315 1980 1369 quod
2012 1330 2093 1356 non
2119 1320 2349 1356 teneantur

148 1379 201 1420 ad
245 1380 404 1421 milites
443 1381 511 1422 vel
554 1380 723 1436 pedites
773 1380 938 1422 dandos
985 1381 1051 1422 vel
1102 1380 1336 1422 mittendos
1381 1387 1504 1423 extra
1550 1381 1867 1424 Lombardiam.
1949 1384 2056 1426 Item
2105 1385 2215 1440 quod
2266 1400 2347 1425 non

148 1455 378 1492 teneantur
411 1451 555 1506 aliqua
587 1451 639 1492 de
673 1465 805 1493 causa
837 1451 939 1492 dare
974 1451 1147 1493 obsides
1183 1451 1249 1492 vel
1282 1452 1463 1507 pignora
1497 1452 1564 1494 vel
1600 1454 1870 1495 securitates.
1926 1454 2063 1502 Quam
2095 1454 2346 1495 fidelitatem

148 1520 291 1561 facere
336 1520 498 1562 debent
541 1521 672 1562 salvis
706 1521 1000 1563 'societatibus
1047 1527 1090 1563 et
1129 1522 1329 1564 amicitiis
1371 1524 1563 1564 comunis
1603 1524 1834 1565 Mediolani
1879 1530 1921 1566 et
1960 1526 2184 1581 presertim
2227 1525 2342 1565 salva

151 1589 372 1632 Societate
405 1589 681 1641 Lomlmrdie,
714 1591 906 1633 Marchie
942 1598 984 1634 et
1017 1592 1241 1635 Romame.
1304 1591 1440 1640 Quam
1476 1593 1726 1635 fidelitatem
1761 1600 1807 1635 ut
1840 1609 1969 1650 supra
2003 1595 2145 1635 facere
2183 1594 2343 1635 volunt.

149 1660 183 1701 si
216 1659 415 1701 dominus
448 1674 526 1701 rex
560 1665 603 1702 et
633 1661 850 1717 principes
883 1661 1113 1703 Alamanie
1147 1663 1295 1704 volunt
1327 1663 1484 1714 iurare,
1518 1663 1722 1706 adiuvare
1758 1669 1800 1706 ct
1823 1669 2101 1706 manutenere
2126 1669 2168 1704 et
2191 1664 2341 1704 defen-

148 1729 251 1771 dere
292 1729 606 1783 Mediolanum,
652 1729 865 1781 Brixiam,
909 1730 1147 1772 Bononiam
1191 1736 1234 1773 et
1279 1732 1570 1774 marchionem
1612 1733 1898 1775 Montisferati
1949 1739 1991 1775 et
2032 1732 2261 1774 Novariam
2306 1737 2347 1772 et

147 1798 296 1840 Laude
334 1804 377 1841 et
415 1800 521 1841 alias
555 1800 751 1842 civitates
785 1805 827 1842 et
867 1801 1174 1843 universitates
1209 1805 1251 1842 et
1292 1801 1403 1851 loca,
1448 1816 1529 1857 que
1575 1807 1673 1843 sunt
1706 1803 1772 1843 vel
1816 1809 1939 1845 erunt
1971 1803 2023 1844 de
2059 1803 2268 1844 societate
2303 1808 2343 1841 et

147 1869 336 1911 amicitia
377 1869 631 1922 Mediolani,
675 1869 774 1911 dum
815 1870 856 1911 in
899 1871 1110 1912 societate
1155 1876 1198 1912 et
1244 1871 1435 1912 amicitia
1474 1871 1707 1913 Mediolani
1755 1872 2022 1914 duraverint.
2065 1872 2263 1913 steterint
2305 1876 2345 1911 et

148 1940 449 1982 remanserint.
509 1938 566 1980 Et
597 1939 679 1981 hoc
711 1940 753 1980 in
787 1940 899 1981 omni
932 1953 1009 1981 suo
1042 1945 1084 1981 et
1117 1954 1265 1982 eorum
1298 1940 1457 1982 honore
1491 1946 1533 1982 et
1572 1942 1730 1997 podere
1764 1948 1807 1984 et
1840 1947 1955 1984 statu
1989 1947 2032 1984 et
2064 1942 2341 1998 possessione

147 2014 190 2050 et
220 2009 364 2058 fortia,
406 2023 487 2066 quo
520 2009 587 2050 vel
620 2023 703 2065 qua
734 2024 846 2051 nunc
879 2014 978 2050 sunt
1010 2010 1077 2052 vel
1110 2010 1151 2051 in
1192 2014 1411 2065 posterum
1445 2015 1614 2063 eruntss,
1648 2016 1796 2052 contra
1828 2012 2046 2062 inimicos,
2093 2026 2199 2067 quos
2232 2025 2343 2051 nun(-

146 2078 310 2120 habent
341 2079 410 2120 vel
454 2079 507 2120 de
551 2084 696 2120 cetero
740 2078 962 2120 habebunt
1002 2080 1043 2120 in
1075 2079 1340 2121 Lombardia
1372 2080 1439 2121 vel
1473 2080 1597 2130 alibi,
1641 2085 1684 2122 et
1716 2080 1938 2123 offendere
1970 2082 2164 2122 inimicos
2197 2094 2344 2122 eorum

147 2147 380 2190 secundum
413 2161 542 2204 posse
581 2148 716 2204 ipsius
749 2149 862 2203 regis
897 2154 941 2190 et
972 2149 1234 2205 principum,
1276 2150 1505 2205 presertim
1541 2148 1798 2191 Cremonam
1832 2156 1875 2192 et
1906 2150 2085 2206 Papiam
2119 2156 2160 2191 ct
2194 2164 2341 2190 earum

146 2230 368 2272 sequaces,
401 2218 472 2273 qui
504 2231 616 2259 nunc
650 2222 750 2258 sunt
782 2219 848 2259 vel
882 2231 958 2274 pro
990 2219 1257 2274 temporibus
1290 2218 1461 2260 fuerint.
1523 2218 1579 2259 Et
1612 2219 1723 2275 quod
1757 2234 1838 2261 non
1874 2220 2036 2261 facient
2070 2221 2163 2276 ipse
2198 2234 2273 2261 rex
2305 2224 2346 2259 et

145 2286 361 2342 principes
394 2287 584 2343 aliquam
617 2287 891 2329 concordiam
926 2288 993 2329 vel
1026 2288 1272 2344 pactionem
1305 2288 1373 2329 vel
1408 2288 1740 2330 conventionem
1765 2290 1832 2331 vel
1863 2303 2012 2345 pacem
2037 2303 2130 2330 cum
2164 2288 2344 2329 inimicis

143 2355 392 2407 Mediolani,
424 2355 588 2409 Brixie,
622 2356 840 2407 Bononie,
874 2356 1133 2398 marchionis
1165 2356 1476 2404 Montisferati.
1510 2356 1722 2409 Novarie,
1756 2358 1906 2400 Laude
1939 2360 2207 2413 aliarumque
2241 2358 2343 2399 civi-

142 2429 278 2467 tatum
311 2430 353 2467 et
384 2425 748 2468 universitatumh
781 2431 823 2468 et
855 2427 1046 2468 locorum
1080 2426 1131 2467 de
1165 2426 1371 2468 societate
1397 2431 1439 2467 et
1462 2427 1650 2467 amicitia
1673 2426 1905 2468 Mediolani
1935 2426 2221 2482 undecunque
2247 2428 2341 2468 sint.

142 2498 185 2536 et
215 2495 445 2550 presertim
488 2509 584 2536 cum
618 2494 832 2538 Cremona
865 2496 936 2537 vel
973 2495 1111 2551 Papia
1143 2495 1212 2537 vel
1255 2495 1351 2536 aliis
1397 2495 1645 2536 civitatibus
1678 2496 1746 2537 vel
1786 2497 1891 2538 locis
1932 2511 2008 2538 scu
2047 2498 2241 2551 personis
2276 2496 2339 2537 vel

139 2564 495 2606 universitatibus
537 2564 590 2606 de
631 2566 838 2608 societate
878 2565 944 2606 vel
986 2565 1174 2606 amicitia
1214 2563 1426 2606 Cremone
1465 2565 1532 2606 vel
1572 2564 1708 2620 Papie
1752 2566 1843 2606 sine
1885 2566 2105 2607 voluntate
2150 2566 2339 2606 comunis

140 2633 374 2675 Mediolani
414 2638 456 2676 et
494 2634 712 2676 societatis
745 2638 788 2676 et
821 2635 1011 2676 amicitie
1045 2634 1151 2676 eius.
1215 2633 1282 2675 De
1316 2634 1472 2688 quibus
1506 2634 1703 2675 omnibus
1744 2640 1972 2676 teneantur
2006 2634 2229 2690 predictus
2263 2649 2337 2675 rex

142 2709 185 2745 et
216 2704 432 2760 principes
466 2708 509 2745 et
540 2717 687 2745 eorum
721 2717 998 2746 successores
1031 2717 1179 2745 omnes
1214 2703 1337 2744 simul
1370 2707 1413 2743 et
1445 2703 1628 2758 quilibet
1659 2717 1734 2759 per
1765 2718 1823 2745 se.
1886 2703 1942 2744 Et
1974 2704 2073 2745 hinc
2104 2703 2201 2745 inde
2227 2703 2339 2744 dicta

141 2777 412 2815 sacramenta
444 2777 710 2815 renoventur
741 2773 922 2829 singulis
954 2773 1190 2821 decenniis,
1223 2773 1284 2814 ita
1316 2772 1429 2827 quod
1453 2773 1494 2813 in
1527 2778 1782 2828 perpetuum
1808 2773 1962 2815 durent
1985 2779 2027 2815 et
2051 2774 2336 2815 observentur

141 2846 183 2884 et
214 2842 257 2883 in
290 2843 612 2884 successoribus
645 2847 687 2884 et
730 2842 830 2884 filiis
862 2843 998 2898 ipsius
1032 2842 1190 2884 domini
1221 2841 1362 2896 regiS,
1407 2855 1512 2897 quos
1544 2856 1656 2883 nunc
1689 2842 1819 2884 habet
1851 2843 1920 2884 vel
1953 2842 2150 2894 habebit,
2198 2843 2336 2883 locum

141 2910 331 2954 habeant
368 2916 411 2953 et
450 2912 583 2953 realia
622 2913 707 2953 sint
747 2916 789 2953 et
827 2915 1040 2968 perpetua
1073 2916 1116 2953 et
1154 2924 1239 2953 non
1272 2911 1518 2967 personalia
1549 2925 1627 2953 nec
1671 2913 1944 2967 temporalia,
1978 2926 2062 2952 non
2096 2917 2260 2952 tantum
2298 2911 2335 2951 in

143 2994 327 3036 persona
357 2981 471 3036 regis
494 2981 563 3023 vel
595 2980 777 3022 filiorum
802 2981 894 3022 eius
928 2995 1004 3022 seu
1028 2994 1345 3032 successorum,
1378 2993 1520 3035 ymmo
1546 2981 1675 3022 etiam
1699 2986 1741 3022 et
1765 2995 2062 3023 suceessorum
2087 2980 2335 3022 eorundem.

139 3048 197 3090 Et
234 3050 387 3092 eodem
425 3050 553 3092 modo
601 3054 832 3092 teneantur
875 3049 927 3091 de
970 3049 1173 3105 predictis
1215 3050 1410 3091 omnibus
1454 3049 1646 3105 prefatus
1691 3050 1890 3092 dominus
1933 3063 2007 3090 rex
2042 3054 2084 3091 et
2116 3050 2335 3105 principes

139 3119 403 3170 Alamaniei‚
460 3134 555 3162 cum
601 3120 731 3162 fuerit
782 3120 1016 3175 imperator
1069 3119 1164 3174 ipse
1210 3118 1410 3160 dominus
1457 3132 1534 3160 rex
1583 3119 1734 3162 factus.
1810 3119 2067 3160 Iuraverunt
2114 3118 2333 3174 predictus

139 3187 336 3230 dominus
370 3203 512 3231 comes
544 3188 796 3231 Manfredus
837 3193 1031 3244 potestas
1065 3187 1301 3229 Mediolani
1334 3193 1378 3229 et
1418 3188 1582 3229 nobiles
1616 3189 1694 3229 viri
1729 3187 1919 3229 Ubertus
1953 3187 2005 3229 de
2039 3187 2258 3228 Extenatc
2292 3193 2335 3229 et

139 3255 450 3313 Mudalbergus
491 3257 624 3300 iudex
662 3257 897 3299 Mediolani
936 3256 1039 3312 prok
1085 3257 1256 3297 comuni
1298 3256 1530 3298 Mediolani
1574 3256 1627 3298 de
1670 3257 1888 3298 voluntate
1934 3256 2101 3298 consilii
2141 3256 2333 3297 comunis

139 3324 372 3368 Mediolani
417 3331 460 3369 et
499 3326 786 3382 predictorum
826 3326 1158 3368 ambasiatorum
1200 3325 1359 3370 Brisie.
1407 3325 1613 3369 Novarie.
1656 3326 1825 3377 Laude,
1868 3330 1909 3366 et
1949 3339 2093 3367 eorum
2134 3324 2334 3366 mandato

141 3408 268 3450 super
315 3410 496 3438 comune
541 3395 794 3448 Mediolani,
841 3395 953 3451 quod
996 3395 1198 3451 predictis
1244 3394 1491 3449 completis¹
1533 3408 1610 3449 per
1647 3393 1805 3435 dictum
1848 3408 1993 3449 regem
2038 3399 2080 3435 et
2117 3393 2332 3449 principes

139 3463 388 3518 Alamanie,
431 3479 612 3506 comune
651 3464 883 3507 Mediolani
932 3469 974 3506 et
1015 3464 1101 3505 alia
1145 3464 1386 3504 communia
1427 3468 1469 3504 et
1510 3477 1713 3519 persone,
1758 3477 1838 3518 que
1880 3463 2053 3504 venient
2096 3467 2138 3502 et
2179 3462 2332 3516 quibus

140 3533 349 3588 placuerit
379 3534 573 3590 predicta
605 3534 747 3576 facere
782 3539 825 3576 et
856 3534 1064 3589 recipere,
1098 3533 1302 3574 iurabunt
1334 3533 1451 3573 illam
1484 3532 1749 3584 fidelitatem,
1782 3546 1864 3587 que
1896 3533 1938 3573 in
1962 3531 2079 3572 dicta
2102 3530 2332 3571 concordia

272 3637 358 3673 328.
390 3639 424 3680 8)
449 3650 557 3682 supra
581 3639 706 3672 lineam
732 3638 850 3672 eadem
873 3649 980 3670 manu
1003 3637 1115 3681 suppl.
1139 3648 1165 3669 c.
1268 3636 1300 3678 1ι’)
1328 3637 1550 3670 universitate
1576 3649 1602 3669 c.
1706 3635 1729 3680 i)
1746 3637 1816 3679 fol.
1836 3640 1892 3669 45.
1988 3633 2020 3674 1Ξ)
2044 3647 2075 3678 p.
2095 3645 2122 3667 c.
2142 3636 2188 3667 M.
2215 3634 2331 3667 eadem

73 3699 106 3726 50
138 3705 243 3728 manu
268 3706 375 3740 supra
400 3697 526 3730 lineam
550 3697 661 3740 suppl.
680 3708 706 3730 c.
826 3694 849 3737 l)
877 3696 1072 3739 complectis
1098 3707 1124 3728 c,
