2558 3970
125 920 156 944 10

121 1266 152 1291 15

119 1617 152 1642 20

117 1964 150 1990 25

115 2322 148 2347 30

111 2669 143 2694 35

110 3011 144 3037 40

111 3355 143 3381 45

747 169 987 204 FRIDERICI
1014 171 1060 205 11.
1086 171 1518 208 CONSTI'ITTIONES.
1573 175 1668 208 1244.
1719 175 1877 210 N1·.25·2.
2327 184 2406 222 347

200 283 351 325 dorum
384 285 453 339 qui
488 290 717 341 presentes
752 290 873 325 crant
908 287 945 326 in
981 288 1095 327 curia
1131 288 1329 328 lacrimas
1363 296 1405 328 et
1439 291 1637 343 quei-clas
1674 292 1932 346 petivioiwm
1967 308 2086 333 suam
2122 294 2173 334 (1(ι
2209 309 2403 350 compro-

200 353 404 394 missione
444 361 598 408 supery
640 355 822 407 negocio
865 355 1036 409 precise
1077 356 1116 396 in
1156 357 1295 411 ipsum
1339 363 1380 397 et
1423 359 1653 400 ecclesiam
1696 360 1922 401 faciendaz
1955 361 2097 402 denuo
2145 364 2404 405 1·ct'ricavit²².

200 421 325 469 Quod
358 436 455 464 cum
489 423 739 465 nullatenus
773 425 916 465 nuncii
949 425 1092 465 facere
1118 426 1291 475 vellent³
1329 428 1552 480 presertim
1588 442 1683 469 cum
1709 436 1872 470 tantam
1898 432 2173 472 affectionem
2199 432 2251 473 ad
2276 432 2404 473 Lom-

196 490 356 532 bardos
389 496 432 533 et
465 506 611 533 eorum
652 493 878 547 negocium
913 493 1131 534 dominum
1178 508 1335 549 papam
1370 495 1530 536 habere
1566 497 1781 541 viderent.
1826 499 1996 540 tandem
2038 500 2090 541 ad
2125 501 2237 541 viam
2277 502 2404 543 aliam

198 574 244 601 se
286 562 516 609 convertit,
561 561 642 602 adh
676 562 933 616 peticionem
977 563 1268 604 restitucionis
1316 568 1428 605 tcrrc
1470 566 1658 608 scilicet.
1701 568 1818 607 nulla
1853 568 1904 608 de
1948 569 2227 610 absolucione
2262 575 2405 611 nostra

196 629 312 670 faeta
344 629 602 671 certitudine
637 638 738 671 seuc
772 632 996 686 promissa.
1061 631 1186 679 Quod
1221 646 1349 687 quam
1384 635 1675 688 periculosum
1711 636 1834 676 nobis
1870 638 1990 678 foret.
2027 639 2121 678 aliis
2147 640 2338 679 articulis
2364 640 2403 680 in

196 699 477 740 contencione
511 699 786 740 manentibus
820 704 863 740 et
895 699 1068 740 domino
1112 715 1223 755 papa
1256 702 1297 741 in
1341 702 1585 743 huiusmodi
1623 705 1842 745 voluntate
1877 721 2003 760 quam
2041 722 2114 762 pro
2148 707 2404 748 lnnnbardis

195 772 346 808 contra
393 782 472 809 nos
523 773 783 823 conceperat
828 769 1110 825 persistente.
1160 770 1389 811 cuiuslibet
1436 786 1540 812 sane
1592 774 1748 814 mentis
1796 774 2008 816 industria
2052 777 2405 818 manifestissinw

194 836 532 892 comprehendit.
656 838 717 892 (9)
757 837 944 879 Demum
977 853 1028 880 ne
1062 844 1150 879 tam
1185 839 1479 881 desideratum
1524 841 1681 882 mundo
1717 845 1941 897 negocium
1979 852 2270 899 rumperetur,
2315 848 2402 887 vias

196 919 343 948 omnes
384 907 577 947 invenire
620 906 862 948 studuimus
903 912 945 948 ct
985 907 1154 949 modos.
1199 910 1385 964 qualiter
1423 910 1476 951 ad
1523 913 1944 953 consunnnacionem
1980 914 2268 955 ‹minimodam
2305 916 2402 956 boni

194 976 394 1032 principii
427 976 602 1031 procedi
637 977 816 1018 valeret.
879 976 934 1017 Et
968 978 1079 1018 sicut
1113 993 1167 1019 ex
1201 979 1421 1020 vicinitate
1456 994 1679 1034 corporum
1716 987 1863 1035 posset
1886 983 2172 1024 concurrcrc‘¹
2208 984 2403 1024 vicinitas

195 1046 485 1098 voluntatum.
520 1045 754 1101 optulimus
788 1046 868 1086 sibi
903 1047 1038 1087 eciam
1074 1048 1152 1088 sub
1188 1047 1265 1089 hoc
1300 1048 1430 1089 dubio
1466 1063 1546 1090 non
1581 1049 1790 1090 modicam
1826 1056 1939 1092 terre
1964 1058 2130 1107 partem
2156 1054 2401 1098 restituere,

196 1115 230 1156 si
265 1114 396 1156 vellet
427 1115 467 1155 in
502 1114 786 1169 Campaniam
822 1129 867 1156 sc
901 1116 1117 1160 conferre.
1151 1117 1224 1158 ubi
1260 1132 1335 1159 nos
1370 1119 1482 1159 circa
1518 1120 1635 1174 regni
1671 1121 1804 1160 nostri
1841 1122 2022 1162 confinia
2055 1122 2295 1163 vicinantes
2329 1138 2406 1178 per

194 1184 444 1239 frequentes
492 1184 785 1225 internuncios
825 1190 867 1225 et
908 1194 1008 1240 pei-⁰
1047 1200 1123 1226 nos
1167 1187 1304 1242 ipsos.
1354 1189 1387 1228 si
1430 1202 1571 1229 rerum
1606 1190 1770 1230 utilitas
1805 1192 2068 1245 postularet,
2118 1193 2406 1246 personaliter

190 1254 360 1295 insimul
395 1254 590 1295 conferre
623 1267 872 1309 possemus:
917 1259 962 1295 ut
994 1258 1139 1297 tamen
1174 1256 1298 1297 nobis
1332 1258 1500 1299 interea
1534 1263 1762 1300 caveretur
1794 1259 1847 1300 de
1881 1266 1993 1301 terrc
2028 1261 2213 1316 reliquo,
2247 1275 2328 1316 que
2364 1263 2401 1302 in

190 1323 346 1364 nostris
379 1323 578 1364 manibus
619 1323 896 1375 remanebat,
937 1329 1086 1366 contra
1118 1326 1384 1367 voluntatem
1431 1332 1622 1369 nostram
1656 1343 1680 1369 a
1714 1329 1837 1370 nobis
1871 1330 2117 1371 nullatenus
2151 1330 2402 1373 avertendo.

190 1391 312 1440 Quod
347 1406 442 1434 cum
487 1391 716 1434 admittere
763 1393 959 1448 primitus
993 1394 1224 1437 noluisset.
1267 1395 1441 1437 tandem
1477 1402 1575 1451 post
1610 1398 1749 1438 varios
1783 1402 1994 1440 tractatus
2029 1399 2199 1449 annuit,
2245 1414 2326 1441 non
2362 1401 2401 1441 in

191 1460 470 1517 Campaniam
506 1460 581 1503 sed
609 1461 818 1502 Narniam
851 1477 896 1504 se
922 1463 1033 1504 velle
1064 1464 1272 1506 conferre.
1327 1465 1452 1506 Unde
1478 1480 1555 1507 nos
1580 1466 1828 1508 Interamne
1854 1472 2080 1509 manentes
2114 1483 2191 1524 per
2213 1470 2400 1525 quinque

187 1529 509 1572 tantummodof
544 1530 729 1572 miliaria
770 1531 1049 1574 distabamus.
1122 1533 1259 1574 Nobis
1299 1534 1472 1575 demum
1515 1536 1635 1576 iuxta
1678 1536 1922 1577 condictum
1957 1538 2290 1593 expectantibus
2324 1539 2398 1579 ad-

189 1604 365 1642 ventum
398 1601 547 1657 ipsius,
582 1601 676 1657 ipse
711 1602 876 1642 variato
910 1603 1130 1657 proposito
1165 1602 1328 1645 Urbem
1364 1604 1516 1645 exiens
1549 1604 1602 1645 ad
1636 1605 1856 1647 civitatem
1889 1606 2183 1648 Castellanam
2218 1622 2263 1648 se
2297 1622 2399 1649 con-

188 1671 287 1712 tulit
327 1675 370 1712 et
411 1671 526 1712 ultra
572 1670 810 1726 procedere
858 1672 1089 1714 recusavit.
1209 1671 1304 1727 (10)
1341 1673 1531 1715 Veniens
1585 1679 1729 1715 autem
1766 1674 1973 1717 Narniam
2029 1677 2236 1731 magister
2278 1676 2401 1718 Oddo

188 1739 449 1782 venerabilis
482 1738 737 1782 Portuensis
777 1741 1009 1796 episcopus
1051 1741 1300 1793 cardinalis¹¹
1343 1743 1413 1798 qui
1448 1743 1566 1784 velut
1600 1745 1752 1785 variati
1795 1746 2003 1801 propositi
2039 1747 2209 1787 nescius
2244 1760 2398 1802 papam

187 1808 348 1851 ibidem
377 1809 620 1852 crediderat
650 1810 859 1861 invenire⁷
892 1810 1097 1851 reiterato
1122 1815 1306 1853 tractatu
1331 1825 1425 1853 cum
1451 1813 1619 1854 nunciis
1644 1814 1816 1865 nostris,
1849 1813 1950 1854 dum
1974 1829 2051 1870 per
2081 1816 2399 1857 collocuciones

187 1883 388 1920 mutuas8
429 1879 482 1920 ad
522 1879 603 1920 hoc
642 1884 899 1934 perventum
933 1879 1092 1931 esseth‚
1134 1880 1248 1935 quod
1282 1882 1316 1921 si
1357 1882 1510 1922 latenti
1551 1882 1700 1923 morbo
1735 1883 1937 1925 videlicet
1971 1883 2024 1926 de
2058 1885 2237 1940 negocio
2271 1884 2398 1926 Lom—

188 1947 421 1990 bardorum
463 1949 679 1990 medicina
719 1963 804 1990 non
844 1954 963 1990 esset
1001 1950 1221 2005 apposita,
1270 1964 1358 2006 pax
1390 1951 1563 1992 omnino
1597 1951 1832 2007 procedere
1866 1967 1948 1994 non
1983 1955 2168 1999 valeret,
2213 1968 2291 1996 nos
2323 1969 2399 2010 pro

186 2016 300 2059 bono
333 2018 452 2073 pacis
485 2018 780 2074 infrascriptas
812 2017 974 2060 formas
1008 2019 1049 2059 in
1085 2020 1256 2075 scriptis
1289 2019 1487 2062 dedimus
1521 2021 1729 2063 cardinali
1762 2023 1974 2078 predicto:

301 2098 442 2155 Super
474 2101 654 2156 negocio
688 2099 913 2142 rebellium
948 2099 1304 2152 Lombardorum‚
1341 2102 1413 2157 qui
1448 2102 1653 2144 videlicet
1685 2109 1786 2145 ante
1822 2108 1962 2145 ortam
1997 2103 2255 2146 discordiam
2289 2105 2400 2147 inter

303 2168 529 2210 ecclesiam
577 2174 619 2210 et
660 2169 890 2225 imperium
934 2170 1123 2211 rebelles
1163 2171 1289 2212 nobis
1332 2172 1526 2223 fuerunt,
1574 2173 1634 2213 ita
1675 2173 1875 2214 dicimus:
1925 2174 2037 2229 quod
2078 2175 2215 2230 parati
2251 2189 2398 2216 sumus

302 2239 654 2294 compromittere
687 2240 729 2280 in
763 2239 982 2280 dominum
1016 2253 1192 2295 papam;
1236 2241 1295 2282 ita
1328 2241 1532 2283 videlicet
1565 2242 1679 2298 quod
1712 2256 1787 2298 pro
1821 2243 1984 2284 honore
2017 2243 2177 2285 domini
2211 2258 2321 2299 pape
2357 2250 2400 2285 ct

303 2306 484 2349 ecclesie
526 2309 885 2364 compromissum
928 2311 1067 2366 ipsum
1117 2311 1292 2366 publice
1335 2312 1410 2353 fiat
1453 2312 1546 2353 sine
1589 2312 1881 2354 condictionei
1927 2318 1969 2354 et
2017 2313 2110 2354 sine
2155 2313 2397 2355 adiectione

299 2378 525 2433 temporis,
559 2382 627 2420 set
657 2379 841 2433 precise.
906 2378 1144 2421 Cavebitur
1177 2384 1322 2422 tamen
1354 2381 1478 2423 nobis
1511 2396 1589 2437 per
1621 2382 1788 2423 litteras
1823 2381 1986 2423 domini
2019 2395 2150 2438 pape,
2189 2382 2302 2438 quod
2338 2383 2393 2424 id.

300 2446 413 2500 quod
445 2446 682 2488 Lombardi
713 2447 885 2503 prefati,
920 2448 1272 2491 Mediolanenses
1307 2450 1473 2492 scilicet
1495 2456 1537 2492 et
1561 2465 1771 2506 sequaces
1796 2465 1959 2503 eorum,
1994 2452 2245 2507 optulerunt
2269 2453 2392 2494 nobis

298 2516 341 2556 in
374 2520 562 2558 tractatu
593 2517 711 2572 pacis
745 2521 843 2573 post
876 2522 1098 2573 optentam
1132 2518 1184 2560 de
1210 2520 1273 2560 eis
1298 2520 1536 2571 victoriam
1571 2519 1769 2562 iubebitk
1801 2520 1926 2562 nobis
1950 2534 2022 2561 eos
2051 2521 2208 2572 facere,
2244 2526 2286 2562 et
2309 2536 2391 2562 non

298 2585 449 2627 minus.
513 2585 669 2627 Forma
702 2590 848 2627 autem
887 2586 1071 2642 predicti
1105 2591 1313 2629 tractatus
1347 2588 1528 2630 inferius
1562 2588 1856 2630 declarabitur
1889 2589 2091 2630 seriatim.
2155 2589 2236 2631 Vel
2270 2590 2302 2630 si
2336 2589 2389 2630 ad

296 2654 402 2696 illud
438 2669 525 2696 non
564 2659 769 2711 poterunt
807 2656 986 2697 forsitan
1027 2656 1171 2698 induci
1203 2656 1460 2709 Lombardi,
1503 2657 1669 2699 iubebit
1710 2658 1855 2700 facere
1889 2672 1961 2699 eos
1995 2658 2109 2713 quod
2140 2659 2389 2714 optulerunt

295 2727 395 2765 ante
427 2729 646 2781 optentam
678 2725 903 2766 victoriam
936 2725 989 2767 de
1024 2725 1211 2768 eisdem:
1254 2726 1333 2768 hoc
1367 2726 1539 2768 adiecto
1574 2727 1686 2782 quod
1720 2727 1772 2769 de
1807 2727 2032 2769 obsidibus
2066 2727 2237 2778 dandi&
2283 2742 2389 2783 quos

295 2794 338 2834 in
369 2794 465 2850 ipso
497 2798 687 2836 tractatu
708 2793 946 2836 Lombardi
979 2794 1081 2837 dare
1105 2796 1350 2847 voluerunt,
1383 2796 1687 2852 pronunciabit
1709 2796 1909 2838 dominus
1944 2810 2068 2853 papa,
2103 2795 2305 2837 videlicet
2334 2795 2386 2837 de

295 2866 360 2903 tot
392 2867 435 2904 et
465 2863 625 2905 talibus
656 2863 893 2915 obsidibus,
927 2878 1006 2919 per
1037 2869 1142 2920 quot
1175 2868 1218 2906 et
1251 2866 1402 2921 quales
1429 2865 1628 2907 dominus
1661 2880 1775 2922 papa
1797 2866 1922 2908 nobis
1947 2871 1990 2907 ct
2012 2866 2191 2921 imperio
2217 2871 2389 2906 cautum

294 2945 391 2974 esse
423 2931 619 2974 videbit1.
673 2932 730 2974 Et
750 2933 832 2975 hec
855 2933 1260 2976 determinabuntur
1282 2934 1392 2976 infra
1419 2939 1583 2977 certum
1608 2939 1780 2991 tempus
1811 2935 1940 2976 trium
1962 2935 2189 2986 mensium,
2224 2934 2390 2976 scilicet

294 3001 681 3057 computandorum
715 3017 740 3044 a
771 3002 840 3044 die
873 3017 955 3058 quo
988 3003 1116 3045 ambe
1149 3008 1295 3059 partes
1328 3018 1424 3046 cum
1456 3005 1588 3060 plena
1621 3005 1878 3047 auctoritate
1912 3005 2056 3046 coram
2080 3003 2252 3045 domino
2275 3018 2385 3059 papa

295 3072 615 3126 comparuerint
645 3072 715 3113 vel
749 3086 898 3113 earum
920 3072 1057 3114 altera
1079 3073 1120 3113 in
1153 3073 1316 3129 prefixo
1347 3075 1530 3115 termino
1555 3073 1671 3125 dato,
1704 3075 1774 3130 qui
1798 3079 1944 3115 tamen
1967 3073 2147 3114 duorum
2173 3073 2386 3113 mensium

295 3140 512 3194 spaciume
551 3154 635 3182 non
676 3141 883 3191 excedat,
928 3155 1179 3196 comparere
1219 3142 1454 3183 volueritm.
1517 3142 1630 3183 Illud
1671 3147 1836 3193 autem,
1886 3141 1999 3197 quod
2043 3142 2085 3182 in
2129 3141 2387 3183 tractatibus

292 3208 514 3263 predictis,
547 3211 684 3266 primo
717 3210 786 3252 vel
819 3209 1009 3252 secundo
1043 3211 1224 3261 scilicet,
1257 3211 1301 3251 in
1335 3211 1618 3252 contencione
1653 3215 1747 3253 erat
1779 3216 1822 3252 et
1855 3224 1985 3265 super
2017 3223 2100 3265 quo
2134 3224 2229 3251 cum
2254 3210 2383 3251 Lom-

293 3277 440 3319 bardis
473 3279 655 3334 prefatis
687 3279 948 3322 concordare
980 3293 1064 3321 non
1106 3280 1344 3335 potuimuS‚
1388 3285 1574 3336 excepto
1609 3280 1661 3322 de
1696 3280 1921 3322 obsidibus
1967 3280 2080 3321 sicut
2112 3279 2272 3322 dictum
2306 3283 2385 3332 est,

296 3347 376 3388 erit
407 3348 450 3388 in
483 3348 657 3390 arbitrio
689 3348 849 3390 domini
881 3362 1005 3405 pape.

314 3471 400 3507 252.
433 3474 466 3517 5)
490 3475 554 3508 sub
579 3474 612 3508 2.
637 3474 668 3508 3.
810 3474 841 3519 z)
874 3476 1066 3509 faciendam
1095 3474 1123 3509 1.
1150 3474 1179 3508 2.
1323 3475 1355 3519 ²²)
1381 3477 1540 3519 repetivit
1564 3475 1596 3508 2.
1622 3476 1654 3511 3.
1797 3476 1829 3518 b)
1864 3477 1953 3510 deest
1978 3474 2009 3510 3.
2154 3476 2183 3518 0)
2212 3476 2267 3509 vel
2291 3475 2323 3509 2.
2350 3474 2381 3508 3.

179 3527 212 3571 d)
237 3540 414 3564 occurrere
439 3529 471 3564 2.
496 3531 531 3565 3.
671 3533 702 3573 e)
735 3533 825 3566 deest
848 3532 880 3565 2.
907 3532 938 3566 3.
1081 3531 1110 3575 f)
1142 3538 1277 3566 tantum
1301 3531 1333 3566 2.
1359 3532 1390 3566 3.
1532 3533 1564 3575 8)
1596 3534 1730 3567 nunciis
1755 3544 1857 3576 super
1881 3534 2114 3567 collocucione
2140 3534 2267 3567 mutuis
2294 3532 2325 3566 2.
2351 3532 2381 3566 3.

179 3584 212 3628 l¹)
238 3593 289 3621 est
312 3586 344 3621 2.
369 3587 401 3621 3.
495 3588 519 3630 ¹')
546 3590 738 3623 conditione
763 3588 794 3622 2.
813 3589 844 3623 3.
940 3589 974 3631 k)
1001 3602 1090 3623 corr.
1117 3601 1157 3622 ex
1182 3591 1277 3623 iubet
1305 3591 1334 3623 1.
1430 3590 1454 3632 l)
1481 3591 1603 3623 viderit
1627 3602 1701 3625 esse
1727 3597 1865 3625 cautum
1891 3590 1921 3624 2.
1948 3590 1979 3624 3.
2077 3590 2117 3631 ¹¹¹)
2144 3590 2315 3624 voluerint
2342 3589 2380 3629 1;

180 3644 244 3677 vol.
270 3656 377 3690 comp.
403 3644 434 3678 2.
460 3645 490 3679 3.

2036 3754 2106 3789 44*

2443 2526 2518 2552 1237.

2444 2558 2513 2585 1)ec.

2426 2741 2503 2769 NOV.
