2558 3970
260 155 334 193 190
734 151 973 186 FRIDERICI
1000 152 1042 185 ll.
1070 151 1500 186 CONSTITUTIONES.
1551 152 1648 185 1231.
1697 152 1759 186 Nr.
1781 152 1855 186 154.
1882 153 1957 187 155.

254 272 573 322 prosequentes.
606 281 784 319 regnum
819 266 997 307 Boemie
1030 281 1123 307 eum
1158 267 1271 307 omni
1305 267 1466 307 honore
1498 281 1546 307 ac
1575 266 1798 320 dignitate,
1832 266 2092 317 civitatibus,
2125 267 2290 311 castris,
2324 267 2436 307 villis

254 343 294 374 et
327 336 452 375 terris
485 335 623 374 eidem
659 349 790 384 regno
825 336 1138 390 pertinentibus
1172 340 1213 375 et
1246 349 1340 375 cum
1364 336 1475 375 omni
1508 336 1610 381 iure,
1644 349 1726 389 quo
1759 334 1896 375 dietus
1921 348 1995 375 rex
2030 339 2151 390 pater
2174 335 2266 375 eius
2293 335 2434 375 iddem

255 418 429 455 regnum
464 403 771 443 rationabiliter
804 404 993 444 noscitur
1028 403 1293 458 possedisse.
1327 403 1561 458 imperialis
1595 403 1833 444 actoritatis
1866 403 2098 443 munimine
2132 403 2434 444 confirmamus

253 473 415 527 prefato
449 471 660 512 Watizlao
694 471 847 512 iuniori
879 472 989 525 regi,
1022 471 1255 512 tenendum
1288 476 1330 512 et
1361 470 1665 526 possidendum
1697 471 1806 511 sicut
1837 475 1985 511 tenere
2017 470 2147 512 debet
2178 472 2203 511 a
2234 471 2355 512 nobis
2395 475 2438 512 et

253 541 442 595 imperio.
514 539 734 580 Presentis
782 540 995 594 privilegii
1042 540 1267 581 actoritate
1314 539 1587 583 mandantes,
1636 540 1837 593 quatinus
1885 539 2027 579 nullus
2067 539 2287 595 princeps,
2329 539 2431 591 dux,
2489 554 2504 578 5

252 608 461 649 marchio.
496 621 658 649 eomes.
691 608 858 661 legatus
891 608 1093 662 nullaque
1124 608 1317 648 sublimis
1349 622 1534 663 persona
1564 607 1632 648 vel
1666 607 1850 655 humilis,
1884 607 2178 648 ecclesiastica
2209 608 2277 648 vel
2309 622 2435 648 mun-

252 676 359 716 dana
396 682 538 716 eontra
582 677 796 731 presentis
830 676 1164 717 confirmationis
1197 681 1342 717 nostre
1375 676 1559 717 divalem
1599 675 1800 730 paginam
1835 676 1981 716 venire
2013 680 2246 730 presumat.
2307 674 2433 722 Quod

251 746 318 799 qui
354 746 673 799 presumpserit.
708 759 860 799 penam
895 745 1010 785 mille
1045 745 1245 786 librarum
1270 745 1358 785 auri
1386 760 1431 785 se
1456 745 1787 799 compositurum
1812 748 2032 798 agnoscat,
2066 758 2246 798 quarum
2269 744 2434 785 medie-

251 821 381 854 tatem
416 815 531 855 curie
566 818 710 854 nostre
744 819 785 853 et
818 814 1026 868 reliquam
1069 814 1177 868 parti
1219 827 1346 869 passe
1387 814 1582 854 iniuriam
1618 827 1662 852 se
1696 813 1862 853 noverit
1895 813 2147 853 soluturum.
2209 812 2278 853 Ad
2309 813 2435 853 huius

251 884 393 936 itaque
427 887 570 922 nostre
603 882 936 922 confirmationis
969 883 1220 923 memoriam
1254 887 1296 923 et
1319 883 1448 923 robur
1468 887 1677 937 perpetuo
1702 881 1933 922 valiturum
1957 894 2135 936 presens
2158 881 2433 935 privilegium
2472 895 2504 920 10

251 952 340 991 fieri
375 956 416 991 et
449 951 563 991 bulla
598 965 725 991 aurea
761 951 928 1006 typario
962 955 1105 992 nostre
1139 951 1376 993 maiestatis
1411 952 1620 1006 impressa
1652 951 1854 991 iussimus
1889 949 2153 991 communiri.

394 1019 533 1059 Huius
566 1024 708 1059 antem
744 1020 804 1059 rei
839 1024 972 1059 testes
1007 1023 1128 1059 sunt:
1162 1019 1311 1060 Lando
1346 1019 1552 1072 Reginus,
1585 1018 1645 1058 Ia.
1681 1017 1911 1072 Capu‘anus
1945 1021 1987 1058 et
2009 1016 2204 1058 Marinus
2227 1017 2436 1058 Barensis

251 1088 559 1142 archiepiscopi
594 1088 825 1127 familiares
859 1092 901 1127 et
932 1087 1080 1127 fideles
1113 1088 1258 1133 nostri,
1294 1120 1334 1129 ..
1369 1087 1667 1128 Salernitanus
1701 1091 1743 1126 et
1775 1086 1850 1127 Pe.
1886 1085 2185 1126 Brundusinus
2218 1085 2432 1140 archiepi-

252 1156 388 1210 seopi.
424 1155 472 1196 R.
509 1155 740 1196 Meltiensis
774 1160 815 1195 et
849 1156 893 1195 P.
928 1155 1202 1196 Ravellensis
1236 1155 1448 1210 episcopi,
1482 1155 1614 1195 frater
1645 1154 1922 1194 Hermannus
1956 1155 2162 1208 magister
2193 1153 2436 1209 Hospitalis

251 1232 397 1265 sancte
438 1224 570 1265 Mario
604 1224 963 1265 'rhootonicorum
1004 1225 1046 1264 in
1078 1223 1336 1275 Ierusalem,
1370 1223 1599 1264 Gebardus
1633 1223 1685 1264 de
1718 1223 1964 1277 Arneysten
1997 1223 2167 1276 legatus
2200 1223 2242 1263 in
2275 1221 2434 1274 Ytalia,
2473 1238 2504 1262 15

251 1327 257 1334 .
285 1326 292 1333 .
319 1293 563 1346 langravius
596 1292 647 1333 de
679 1292 951 1337 Luekimber,
985 1306 1126 1333 comes
1160 1291 1376 1333 Ger-ardus
1410 1291 1462 1332 de
1496 1292 1699 1343 Saumes,
1733 1291 1980 1332 Friderious
2013 1290 2065 1331 de
2097 1290 2214 1332 Karo
2246 1295 2289 1332 et
2322 1290 2436 1332 Con-

248 1362 374 1402 radns
416 1361 468 1402 de
509 1361 767 1409 Smidilvelt,
814 1360 1052 1402 Manfridus
1103 1360 1290 1402 marchio
1330 1359 1494 1411 Lanzfl,
1543 1360 1621 1401 Th.
1664 1374 1807 1401 comes
1850 1360 2153 1411 Accerrarum,
2198 1359 2437 1401 Riccardus

248 1431 549 1470 marescalcus.
574 1430 807 1471 Riccardus
825 1431 1100 1481 camerariuS,
1123 1429 1342 1470 Henricus
1366 1442 1521 1484 magne
1544 1429 1776 1484 imperialis
1795 1429 1910 1469 curie
1929 1430 2137 1483 magister
2158 1429 2435 1479 iusticiarius,

250 1505 291 1539 et
324 1499 395 1538 alii
430 1513 555 1553 quam
592 1500 751 1554 plures.

438 1568 615 1621 Signum
649 1568 808 1608 domini
842 1568 975 1608 nostri
1009 1566 1318 1608 FRIDERICJ.
1352 1567 1529 1607 secundi
1562 1567 1641 1607 Dei
1675 1568 1813 1621 gratia
1845 1567 2111 1607 invictissimi
2144 1566 2435 1608 Romanorum
2473 1585 2507 1611 20

248 1637 343 1690 (Μ.)
378 1638 649 1692 imperatoris
684 1651 856 1692 semper
887 1637 1074 1691 augusti,
1106 1636 1344 1677 Ierusalem
1379 1640 1421 1676 et
1453 1636 1599 1677 Sicilie
1633 1633 1801 1690 regis.

391 1706 502 1747 Acta
535 1712 631 1746 sunt
663 1706 741 1746 hee
775 1719 885 1746 anno
909 1704 1119 1745 dominice
1143 1704 1450 1745 incarnationis
1473 1704 1700 1745 millesimo
1724 1704 2017 1745 ducentesimo
2040 1703 2258 1745 tricesimo
2282 1705 2438 1760 primo,

248 1789 394 1815 mense
443 1775 559 1816 Iulii.
609 1780 757 1829 quarte
805 1773 1070 1818 indictionis.
1115 1774 1351 1828 imperante
1393 1773 1562 1813 domino
1606 1777 1753 1813 nostro
1795 1771 2123 1813 FRIDERIOO
2170 1773 2250 1813 Dei
2297 1774 2436 1827 gratia

247 1844 534 1883 illustrissimo
569 1843 859 1883 Romanorum
894 1843 1151 1897 imperatore
1186 1856 1357 1898 semper
1389 1847 1594 1896 augusto,
1636 1842 1875 1882 Ierusalem
1910 1846 1953 1881 et
1984 1840 2128 1882 Sicilie
2160 1856 2281 1896 rege,
2321 1856 2432 1883 anno

248 1913 410 1966 imperii
444 1913 533 1952 eius
567 1911 808 1957 undecimo,
842 1912 961 1965 regni
996 1911 1231 1951 Ierusalem
1268 1914 1404 1952 sexto.
1440 1911 1558 1964 regni
1593 1924 1693 1951 vero
1717 1910 1861 1950 Sicilie
1893 1911 2110 1951 tricesimo
2134 1915 2303 1966 quarto:
2335 1911 2432 1951 feli·
2471 1930 2503 1956 25

248 1982 354 2021 citer
386 1995 522 2022 amen.

390 2049 547 2089 Datum
582 2050 619 2089 in
655 2050 828 2089 civitate
863 2049 1019 2090 Meltie.
1054 2063 1178 2093 anno,
1211 2063 1359 2089 mense
1393 2053 1436 2089 et
1469 2048 1700 2091 indictione
1733 2049 2007 2103 pretitulatis.

737 2480 859 2547 1155.
919 2477 1264 2548 CURIA
1320 2476 1944 2550 RAVENNAE.

1133 2603 1302 2659 (1231.
1342 2603 1461 2649 Nov.
1495 2604 1556 2659 1.)

383 2746 566 2787 Lam-sm
617 2747 880 2787 imitatorias
925 2747 981 2786 ad
1036 2747 1220 2787 eivitates
1266 2747 1420 2787 Italiae
1472 2746 1594 2787 (latas
1639 2748 1906 2787 servaverunt
1949 2745 2141 2786 Annales
2188 2746 2427 2797 Immunes,
2466 2766 2500 2792 30

243 2814 317 2856 SS.
355 2815 399 2854 X
410 2814 532 2865 J‘JIJ,
561 2818 651 2855 177.
688 2842 692 2843 ν
716 2842 738 2843 ψ
771 2814 1228 2857 ΙΙηίΙΙανιῖ-ΒνόΙιοῖἰες
1250 2816 1276 2856 Ι
1288 2815 1330 2866 V,
1352 2817 1448 2857 2615.
1510 2815 1703 2865 Billmwr,
1734 2814 1831 2867 Rea.
1864 2815 1960 2869 imp.
1995 2814 2038 2864 V,
2066 2815 2188 2855 1895.

1959 2907 1967 2914 -
2078 2883 2149 2936 (P.
2172 2884 2288 2938 570.)

382 2986 625 3027 Friderieus
659 2987 739 3027 Dei
779 2987 915 3039 gratia
955 2987 1242 3027 Romanorum
1284 2988 1515 3042 imperator
1554 2992 1596 3027 et
1636 3001 1808 3042 semper
1846 2990 2074 3041 augustus,
2113 2986 2353 3028 Ierusalem
2389 2990 2432 3028 et

244 3054 399 3107 Sys-ilie
442 3068 518 3095 rex
558 3056 757 3110 potestati
798 3056 959 3109 totique
998 3056 1164 3096 comuni
1211 3055 1362 3105 lanue,
1407 3056 1607 3096 fidelibus
1650 3056 1758 3104 suis,
1800 3055 1983 3109 gratiam
2029 3068 2147 3095 suam
2190 3059 2232 3096 et
2271 3055 2428 3096 bonam

245 3123 520 3163 voluntatem.
2466 3140 2498 3165 35

386 3191 556 3231 Dudum
598 3206 673 3247 per
716 3193 879 3233 litteras
922 3196 1089 3232 nostras
1124 3206 1194 3232 vos
1225 3192 1384 3233 fecisse
1424 3193 1650 3233 recolimus
1691 3191 1859 3247 plenius
1893 3191 2114 3242 certiores,
2157 3192 2344 3246 qualiter
2374 3191 2427 3232 de

117 3277 126 3280 ·
194 3280 215 3301 1.
244 3260 420 3298 consilio
455 3261 604 3299 summi
637 3260 850 3315 pontificis
884 3260 1114 3301 indiximus
1147 3262 1280 3315 primo
1303 3266 1483 3302 venturo
1516 3275 1665 3302 mense
1690 3260 1947 3301 Novembris
1980 3260 2022 3300 in
2046 3260 2157 3301 festo
2183 3265 2427 3301 sanctorum

242 3328 427 3367 omnium
461 3329 708 3381 generalem
741 3330 901 3370 curiam
934 3331 974 3370 in
1008 3329 1214 3370 Ravenna
1247 3343 1343 3370 eum
1375 3343 1476 3383 rege
1508 3329 1788 3378 Alamannie,
1822 3329 1907 3369 filio
1942 3332 2102 3380 nostro,
2137 3332 2181 3369 et
2212 3329 2424 3370 universis

243 3396 407 3449 imperii
447 3396 726 3450 principibus.
770 3398 855 3438 vita
894 3399 1048 3438 comite
1088 3398 1177 3438 sine
1210 3398 1383 3439 defectu
1416 3398 1607 3452 quolibet
1640 3397 1967 3450 celebrandam,
2009 3397 2227 3438 desiderio
2260 3410 2425 3437 summo

243 3464 429 3503 zelantes
463 3463 515 3503 ad
549 3464 752 3504 honorem
778 3465 857 3505 Dei
893 3471 934 3506 et
968 3467 1229 3521 imperialem
1264 3468 1443 3520 gratiam
1478 3480 1626 3520 pacem
1660 3466 1948 3506 universalem
1982 3465 2146 3519 imperii
2180 3465 2423 3515 reformare,
2464 3479 2496 3504 40

242 3531 469 3585 disponere
509 3536 662 3572 statum
699 3533 823 3572 Italic
867 3548 1118 3588 prosperum
1152 3542 1194 3573 et
1227 3535 1521 3588 tranquillum,
1564 3534 1716 3574 sedare
1757 3533 1939 3574 discidia
1980 3534 2198 3574 civitatum
2239 3534 2352 3573 intus
2387 3538 2428 3573 et

380 3633 463 3667 154.
497 3634 529 3674 ³)
556 3636 635 3666 lani
656 3648 706 3668 or.
