2558 3970
238 168 317 208 384
772 163 1010 197 FRIDERICI
1038 163 1081 196 II.
1108 162 1536 197 CONSTITUTIONES.
1586 163 1682 198 1250.
1732 163 1795 197 Nr.
1812 162 1888 197 274.

383 280 481 321 Cum
519 283 554 320 ct
593 280 673 330 ipsi
712 281 845 319 tectus
887 291 949 318 nr.
979 281 1087 318 4—7
1121 277 1325 318 multoties
1355 277 1585 328 scripturas
1615 277 1863 330 depravatas
1888 276 2149 329 praeberent,
2186 275 2346 316 omissis
2375 276 2422 315 iu

239 347 478 388 adnotanda
515 349 630 388 raria
664 347 831 386 lectione
855 346 1054 393 minutiis,
1087 345 1235 397 quibus
1258 344 1415 385 Pei-tzii
1444 344 1565 385 editio
1592 344 1842 394 abundabat,
1870 344 2089 398 presertim
2109 343 2294 385 numeris
2312 346 2422 383 1-3

230 415 506 468 fundamento
537 415 728 455 editionis
763 414 826 454 usi
856 427 997 454 snmus
1027 416 1066 454 et
1094 416 1246 453 textum
1275 413 1377 453 satis
1405 415 1555 453 certum
1579 425 1650 453 nos
1672 413 1928 453 constituisse
1949 411 2200 464 confidimus.
2252 410 2420 452 Senten-

236 484 335 523 tiam
378 483 560 524 nltimam
602 483 749 533 capitis
770 486 796 521 3
835 482 882 522 de
914 481 1140 533 Illanfredo
1169 484 1369 534 ayentcm,
1405 494 1508 533 quae
1541 481 1584 521 in
1615 481 1714 522 solis
1743 493 1808 521 nr.
1834 481 1857 520 5
1889 483 1925 521 ct
1955 482 1982 520 8
2013 480 2173 533 leyitur,
2211 493 2301 521 cum
2331 479 2421 519 viro

235 552 281 591 cl.
307 550 497 603 Hartwiy
529 552 575 601 (I.
599 564 629 591 c.
660 565 700 601 p.
727 552 808 591 638
845 554 925 592 not.
951 553 997 597 3)
1039 550 1327 601 interpolatam
1366 562 1448 590 esse
1491 549 1731 590 iudicamus.
1793 549 1848 589 In
1879 549 2010 600 capite
2032 550 2086 588 17
2118 550 2250 589 temtus
2281 550 2305 587 1
2326 549 2364 588 et
2382 548 2421 597 2,

236 619 367 659 neseio
397 632 475 670 quo
506 631 620 667 casu,
653 619 863 659 ›nntilatos
893 630 992 666 csse,
1025 631 1044 658 c
1075 618 1341 670 conyruentia
1371 630 1436 657 nr.
1460 620 1486 656 3
1517 619 1554 656 et
1583 619 1609 656 4
1641 630 1730 657 cum
1760 616 1934 668 reliquis
1963 615 2217 667 comprobari
2246 615 2420 657 videtur.

377 686 580 737 E.z·ccrpto
611 687 843 727 testamenti
872 700 897 726 a
932 685 1100 727 Matheo
1123 685 1359 726 Parisiensi
1389 685 1431 725 in
1459 684 1675 727 Chi-onicis
1696 683 1934 725 Maioribus
1967 682 2060 737 (SS.
2083 682 2302 733 XXVIII,
2318 683 2422 734 322)

235 758 397 806 recepto.
429 755 536 807 quod
565 755 809 795 sententiam
843 754 1061 795 notabilem
1091 757 1127 794 et
1157 769 1184 795 a
1216 757 1354 795 nostro
1386 756 1499 794 tectu
1531 765 1710 804 prorsus
1741 752 1947 793 diversam
1976 752 2024 793 de
2055 751 2277 803 Manfiredi
2308 751 2421 792 balia

233 823 451 871 continetl,
487 824 658 875 riqorcm
693 823 852 864 nullum
884 823 1191 864 attribuendum
1223 835 1305 863 esse
1337 822 1476 863 elucet.

378 891 458 943 Qui
489 894 641 932 textum
675 894 858 932 nostrum
890 893 926 931 et
956 891 1259 943 discrepantias
1290 890 1472 931 codicum
1513 889 1732 942 diliyenter
1762 889 2005 941 inspexerit,
2049 901 2140 929 eum
2168 888 2336 929 minime
2366 888 2422 929 ad

232 960 475 1000 senten-tiam
511 960 589 1000 ciri
621 960 669 1001 cl.
693 959 885 1012 Hartioiy
917 959 1101 1011 compelli
1131 959 1325 1007 arbitror,
1361 959 1490 1010 plu-ra
1522 958 1752 999 testamenti
1778 956 1914 1012 fluisse
1944 956 2217 1010 autoyrapha.
2286 954 2423 998 Unum

234 1027 346 1068 modo
367 1027 650 1081 autoyraphon
667 1026 768 1079 fuit,
793 1028 906 1068 bulla
921 1041 1034 1068 cerea
1048 1028 1062 1052 ²
1078 1027 1281 1079 pendente
1304 1027 1519 1076 niimitu-m,
1541 1027 1649 1079 quod
1665 1026 1918 1067 Ber-tholdus
1938 1025 2118 1067 mcwehio
2134 1024 2372 1067 asservabat
2386 1027 2424 1066 et

231 1110 269 1136 a.
291 1097 400 1135 1251
423 1095 708 1137 Salernitanis
731 1097 1025 1147 praesentavit.
1081 1097 1192 1149 Quin
1222 1096 1293 1137 hoc
1323 1095 1607 1148 autofflziphon
1630 1096 1747 1147 siyno
1769 1095 2045 1147 chronoloyico
2066 1093 2149 1135 diei
2171 1096 2226 1135 17
2231 1127 2238 1137 .
2256 1092 2422 1135 Decem-

232 1163 332 1211 bris,
371 1163 452 1204 diei
482 1165 622 1216 quw-ti
647 1167 741 1215 post
774 1165 1032 1216 imperatoris
1064 1168 1229 1205 mortem
1261 1164 1376 1215 (Dec.
1403 1166 1488 1214 13),
1527 1164 1772 1217 iusiynitum
1797 1163 1948 1218 fuerit,
1990 1177 2073 1205 non
2113 1166 2171 1205 est
2201 1177 2274 1205 cur
2303 1162 2422 1204 dubi-

232 1234 376 1273 temus.
424 1245 511 1273 cum
555 1233 724 1273 insimul
764 1233 907 1283 optimi
954 1233 1105 1274 codices
1144 1232 1252 1274 hune
1290 1233 1395 1273 diem
1434 1233 1669 1284 praebeant.
1741 1232 1812 1273 Ad
1855 1231 1900 1272 id
1938 1233 2090 1273 mirum
2129 1230 2421 1283 explicandum

232 1300 419 1350 sufficere
453 1300 551 1341 mihi
575 1300 764 1341 videntur
785 1314 831 1342 ea
854 1314 958 1353 quae
980 1301 1045 1341 vir
1066 1301 1114 1343 cl.
1137 1301 1289 1342 Ficker
1311 1301 1628 1342 animadvertit:
1659 1301 1977 1341 instrumentum
2007 1300 2071 1341 die
2095 1303 2159 1341 17.
2182 1298 2422 1341 Decembris

229 1368 386 1409 demum
421 1369 472 1409 ab
505 1369 732 1421 inyrossato
762 1369 1033 1421 ezemplatum
1065 1372 1101 1410 ct
1131 1370 1360 1422 sigyillatum
1386 1368 1523 1423 fuisse
1553 1372 1589 1410 et
1618 1370 1829 1411 notarium
1851 1383 1870 1410 e
1891 1368 2140 1422 neqliyentia
2161 1368 2267 1409 diem
2294 1380 2419 1419 prae-

230 1438 380 1476 sentem
414 1436 601 1478 intulisse
617 1437 644 1479 ³.

374 1505 671 1557 Autoyraphon
711 1506 755 1545 in
803 1506 1011 1547 tabulario
1055 1506 1334 1558 Neapolitano
1383 1506 1516 1547 adhuc
1554 1520 1657 1549 saec.
1685 1505 1810 1547 XVI.
1844 1506 1899 1547 in.
1946 1506 2062 1558 (ante
2102 1517 2262 1546 annum
2292 1505 2423 1556 1513)

234 1573 380 1613 vidisse
414 1573 572 1614 videtur
605 1573 848 1616 Matthaeus
878 1575 925 1616 de
947 1575 1133 1626 Afflictis
1165 1576 1483 1616 iurisconsultus
1513 1575 1819 1627 Neapolitanus
1836 1576 1865 1616 4.

371 1641 542 1682 Editum
574 1645 631 1683 est
662 1646 965 1692 testamentum,
1004 1647 1170 1695 praeter
1200 1643 1398 1684 editiones
1428 1656 1533 1696 quas
1569 1644 1655 1685 *iam
1685 1644 2015 1694 memoravimus,
2054 1643 2168 1695 apud
2201 1641 2423 1685 Garusium

229 1709 499 1751 ‘Bibliotheca
532 1710 688 1751 Sicula'
722 1711 786 1759 II,
811 1712 892 1751 669
935 1725 985 1752 eu:
1015 1724 1079 1751 nr.
1105 1713 1130 1751 6
1161 1714 1198 1751 et
1227 1712 1267 1759 8,
1311 1724 1429 1763 quem
1465 1713 1626 1752 secutus
1665 1714 1724 1753 est
1762 1711 1903 1765 Lilniy
1943 1710 2096 1754 ‘Codex
2134 1710 2422 1763 diplomaticus

231 1777 394 1818 Italiac’
428 1778 489 1827 II,
520 1779 643 1818 9095.
691 1804 744 1808 -
791 1778 1250 1821 Huillarcl-Bre‘holles
1291 1778 1360 1828 VI,
1390 1779 1472 1819 805
1516 1781 1607 1831 (ope
1652 1779 1877 1821 editionum
1924 1779 2082 1822 Perteii
2122 1782 2159 1820 et
2199 1778 2420 1834 Paesani).

230 1845 423 1895 Bo‘hmer.
457 1846 556 1899 Rey.
593 1848 686 1901 imp.
719 1847 762 1896 V,
786 1849 911 1888 3835.
2065 1848 2136 1901 (P.
2159 1847 2278 1899 357.)

228 1959 382 2001 siquasse
405 1959 544 2001 (licitur,
572 1970 649 1994 cum
675 1963 920 1994 testamentum
944 1961 1039 1995 bulla
1059 1961 1232 2005 pendente
1258 1962 1436 1996 mimitum
1459 1962 1569 2004 sitisse
1592 1963 1812 2005 nove·rimus,·
1837 1962 1983 2006 denique
2007 1961 2098 1996 illud
2122 1960 2328 2005 absurdum,
2352 1971 2422 2005 quo

228 2015 339 2058 quiris
363 2016 500 2050 testium
524 2017 810 2060 subscriptionem
834 2028 937 2051 suam
961 2018 1116 2052 claudit:
1144 2020 1194 2052 ‘ac
1217 2019 1330 2063 siyillo
1359 2019 1536 2063 imperiali
1559 2022 1589 2053 et
1613 2019 1706 2064 reyio
1730 2020 1888 2063 si'ynavi'.

368 2074 399 2116 1)
433 2073 523 2107 Item
549 2074 779 2108 Manfredum
816 2074 932 2109 filium
964 2086 1086 2110 meum
1118 2075 1286 2120 relinquo
1323 2075 1501 2110 ballivum
1528 2076 1686 2111 Com-adi
1721 2077 1761 2110 in
1793 2076 1989 2121 imperium
2015 2088 2037 2110 a
2062 2076 2179 2121 Papia
2205 2077 2242 2110 et
2266 2075 2359 2110 citra
2385 2076 2422 2110 et

229 2141 341 2174 regno
368 2129 492 2165 Sicilie
526 2142 640 2175 usque
673 2131 718 2165 ad
744 2132 812 2166 XII
839 2132 897 2174 (al.
917 2133 971 2173 70)
999 2143 1128 2173 annos,
1163 2134 1315 2177 excepto
1341 2132 1488 2177 quando
1514 2133 1701 2168 Conradus
1727 2133 1797 2168 erit-
1822 2145 1982 2178 presens.
2125 2133 2161 2177 2)
2187 2132 2225 2168 V.
2244 2143 2358 2178 supra
2382 2133 2424 2167 in

230 2190 444 2221 transsumto
463 2198 500 2231 p.
518 2191 586 2222 382
613 2200 643 2221 n.
665 2195 691 2222 1.
751 2188 991 2233 Capeeelatrus
1016 2200 1101 2223 sane
1131 2200 1242 2224 aurea
1269 2192 1306 2224 et
1331 2190 1517 2235 pendente
1551 2190 1654 2225 bulla
1686 2191 1776 2235 leqit.
1824 2190 1893 2225 Sed
1917 2194 2074 2235 apparet,
2106 2190 2289 2225 librarium
2313 2190 2423 2225 levius

232 2254 337 2278 rocem
362 2255 502 2279 ceream
530 2245 567 2278 in
594 2256 697 2280 rocem
723 2257 870 2280 auream
896 2247 1035 2280 variare
1054 2257 1157 2290 posse
1181 2258 1287 2290 quam
1312 2247 1379 2281 vice
1402 2257 1511 2291 versa,
1538 2247 1610 2281 nisi
1634 2248 1705 2292 ipse
1731 2247 1986 2292 Capecelatrus,
2013 2258 2113 2292 quem
2134 2247 2205 2282 iam
2227 2247 2423 2292 falsarium

230 2300 431 2342 deteximus,
458 2302 521 2336 hoc
543 2313 676 2346 quoque
700 2303 771 2337 loco
795 2303 929 2345 falsum
957 2303 1108 2337 induoeit.
1160 2303 1213 2346 Cf.
1238 2304 1341 2338 etiam
1368 2303 1533 2348 Hartwiy
1557 2305 1578 2339 l.
1595 2315 1622 2338 c.
1645 2316 1682 2348 p.
1701 2308 1761 2339 635
1784 2308 1854 2340 not.
1868 2309 1898 2339 3.
2001 2305 2037 2349 3)
2063 2304 2208 2340 Silentio
2227 2305 2424 2349 praeterire

232 2368 360 2401 nequeo
388 2358 421 2391 id
445 2359 538 2402 quod
565 2360 630 2392 riri
654 2360 692 2393 el.
714 2360 876 2403 Hartwiq
908 2360 1109 2403 opinionem
1139 2360 1394 2395 adminiculare
1421 2361 1563 2404 videtur,
1598 2362 1637 2395 in
1669 2361 1885 2396 bibliothecae
1911 2362 2168 2396 Eseorialensis
2193 2362 2310 2396 codice
2333 2361 2421 2407 siqu.

231 2414 254 2446 (1
272 2414 370 2448 1113
395 2426 480 2449 saec.
503 2416 608 2449 XIV.
636 2420 770 2450 exstare
795 2418 1021 2461 apoyraphon
1046 2419 1247 2461 testamenti,
1283 2418 1375 2461 quod
1399 2419 1522 2462 incipit
1548 2419 1663 2452 titulis
1688 2418 1865 2453 ‘Gorrado
1892 2423 1964 2461 ete,
2003 2418 2195 2453 Frederico
2219 2422 2292 2459 etc„
2321 2419 2422 2453 Hen-

231 2472 320 2505 rrico
345 2476 417 2514 etc„
455 2473 658 2515 Manffredo
683 2476 753 2507 ete'
782 2478 812 2507 et
839 2474 967 2516 finitur
997 2476 1308 2518 subscriptionibus
1338 2476 1504 2510 ‘Niehola
1535 2476 1575 2510 (le
1612 2476 1725 2510 Calris
1751 2478 1823 2511 ete.’
1874 2476 1912 2510 V.
1940 2475 2070 2510 ‘Neues
2096 2475 2236 2510 Archiv*
2261 2475 2323 2520 VI,
2345 2480 2422 2510 242.

231 2527 411 2562 Adnotam'
422 2533 608 2572 praeterea
625 2530 768 2565 codices:
796 2531 1073 2574 Neapolitanum
1091 2532 1303 2567 bibliothecae
1320 2533 1514 2567 nationalis
1532 2533 1606 2567 IX.
1638 2533 1673 2568 O.
1695 2539 1737 2568 24
1755 2545 1840 2569 saec.
1861 2533 1946 2568 XV.
1971 2534 2033 2577 (cf.
2053 2533 2208 2568 ‘Archiv’
2236 2533 2328 2576 XII,
2340 2537 2403 2568 519
2410 2546 2422 2577 ;

230 2585 356 2619 Neues
382 2586 524 2620 Archic'
550 2587 625 2630 III,
646 2591 738 2631 647),
775 2588 1072 2622 Panormitanum
1106 2589 1180 2622 bibl.
1207 2589 1438 2623 communalis
1469 2588 1510 2623 G.
1530 2594 1550 2623 2
1582 2590 1640 2632 (ef.
1674 2590 1732 2624 ‘N.
1759 2590 1900 2624 Archiv’
1926 2590 2000 2633 III,
2024 2592 2112 2634 637).
2161 2590 2294 2624 Eaestat
2318 2590 2423 2624 etiam

230 2643 266 2675 in
289 2642 358 2684 fine
385 2642 551 2677 Chronici
580 2643 621 2678 (Ie
652 2645 754 2679 rebus
781 2644 919 2687 Siculis,
954 2645 1047 2688 qnod
1074 2645 1454 2681 Huillard-Bre'holles
1480 2646 1510 2688 I,
1531 2658 1567 2689 p.
1588 2651 1608 2680 2
1643 2658 1660 2681 e
1684 2647 1798 2681 codiee
1825 2646 2058 2682 Ottoboniano
2083 2652 2177 2682 2940
2206 2658 2293 2682 saec.
2312 2647 2421 2682 XIV.

227 2699 358 2741 publici
384 2701 471 2734 iuris
494 2701 590 2743 fecit,
628 2713 652 2736 ν.
678 2701 757 2736 ibid.
780 2713 814 2745 p.
831 2707 905 2737 908.
1046 2704 1081 2744 4)
1119 2702 1190 2746 Qui
1228 2704 1268 2736 in
1299 2707 1388 2737 tomo
1410 2704 1459 2738 ΙΙ.
1489 2703 1829 2738 Commentariorum
1858 2705 1898 2738 in
1925 2703 2068 2739 Constit.
2095 2704 2242 2747 Neapol.
2269 2703 2323 2738 lib.
2343 2704 2420 2747 III,

232 2756 326 2789 rubr.
351 2756 387 2797 V,
414 2757 456 2791 P.
477 2762 521 2791 98
547 2757 611 2791 Nr.
631 2763 675 2793 60
700 2759 743 2794 (v.
770 2759 821 2793 Di
851 2759 1026 2803 Gressorio,
1054 2760 1280 2794 ‘Bibliotheca
1304 2761 1476 2804 Araqoffl
1502 2761 1554 2804 II,
1575 2763 1657 2805 432)
1682 2760 1767 2795 haee
1795 2761 1894 2795 verba
1916 2762 2012 2803 fecit:
2053 2761 2111 2795 ‘In
2140 2761 2280 2805 reyistro
2305 2761 2418 2796 Fede-

233 2813 307 2854 rici,
334 2813 427 2856 quod
452 2819 678 2849 conseri-atur
704 2816 739 2848 in
766 2816 905 2850 archivo
930 2817 1027 2859 requi
1053 2816 1201 2851 Siciliae
1225 2817 1321 2850 ultra
1344 2817 1467 2859 farum
1492 2817 1529 2859 (i.
1549 2829 1575 2852 e.
1603 2817 1886 2862 Panormitano),
1911 2818 1998 2861 quia
2022 2818 2062 2852 iu
2084 2818 2224 2852 archivo
2249 2817 2419 2862 Neapolis

233 2869 322 2903 nihil
352 2870 524 2914 reperitur
554 2871 592 2905 de
623 2872 696 2905 eius
729 2875 850 2918 pestis,
886 2873 957 2907 nisi
987 2874 1097 2908 solum
1130 2875 1205 2908 eius
1236 2876 1499 2909 testamentmn’.
1554 2875 1654 2909 Haec
1684 2875 1841 2910 debemus
1868 2876 1942 2910 viro
1967 2876 2007 2909 cl.
2029 2875 2191 2919 Hartwiy
2214 2875 2234 2909 l.
2255 2885 2282 2909 c.
2302 2886 2340 2919 p.
2354 2879 2421 2911 638

231 2930 303 2960 not.
318 2930 347 2960 2.
464 2929 498 2970 5)
524 2927 601 2962 Hoc
624 2929 695 2962 loco
719 2929 885 2973 subiunyi
910 2930 1007 2964 liceat
1033 2931 1247 2974 epitaphium
1272 2931 1514 2974 imperatoris,
1542 2931 1633 2975 quod
1660 2931 1763 2966 Perte
1786 2931 1834 2965 ad
1858 2933 1983 2966 calcem
2004 2943 2042 2976 p.
2060 2936 2125 2967 360
2149 2931 2259 2966 edidit
2282 2943 2299 2966 e
2323 2932 2419 2967 eodi-

232 2982 329 3016 cibus
349 2982 614 3018 Pauor-mitanis
639 2986 717 3027 (suo
740 2997 792 3020 nr.
810 2993 836 3029 1,
862 2991 980 3021 nostro
1002 2998 1054 3021 nr.
1070 2992 1089 3021 6
1113 2991 1143 3021 et
1162 2998 1227 3021 suo
1248 2998 1301 3022 nr.
1319 2992 1353 3023 4)
1380 2992 1411 3021 et
1437 2989 1634 3031 Martenem
1660 2989 1807 3032 itemque
1831 2990 2070 3033 fragmentum
2085 2989 2283 3024 testamenti
2294 2989 2419 3033 spwrii,

230 3038 324 3081 quod
349 3041 527 3083 exscripsit
552 3052 567 3075 e
591 3042 708 3077 codice
733 3043 905 3078 Vaticano
930 3048 1022 3079 5985.

887 3100 1130 3145 Epitaphium
1156 3101 1295 3136 domini
1323 3102 1496 3137 Friderici
1524 3103 1768 3148 imperatoris.

823 3157 892 3198 Qui
919 3168 1027 3197 mare,
1055 3158 1144 3201 quia
1173 3160 1298 3198 terras,
1325 3159 1479 3203 populos
1507 3161 1569 3194 etb
1596 3171 1710 3205 regna
1736 3161 1884 3205 subegit

824 3214 1016 3249 Cesareum
1042 3226 1175 3249 nomen
1202 3215 1323 3250 subito
1350 3227 1443 3250 mors
1469 3217 1638 3261 improba
1663 3218 1782 3262 fregit.

824 3271 972 3306 Iusticie
998 3273 1132 3313 lumen,
1160 3273 1223 3306 lux
1250 3272 1361 3313 veric,
1388 3284 1588 3318 normaque
1614 3274 1748 3319 legum,

825 3328 1011 3363 Virtutum
1038 3329 1162 3364 lumen
1187 3329 1284 3363 iacet
1309 3329 1377 3371 hic,
1404 3330 1658 3375 dyademaque
1683 3342 1820 3377 regum.

823 3385 910 3420 Sicd
936 3387 1042 3427 iacet,
1070 3388 1111 3421 ut
1135 3386 1262 3427 cernis,
1289 3386 1493 3421 Fridericus
1518 3387 1556 3421 in
1583 3388 1669 3422 orbe
1694 3388 1886 3428 secundus,

823 3442 936 3484 Quem
963 3443 1058 3488 lapis
1084 3443 1142 3478 hic
1168 3445 1277 3484 arcet,
1304 3443 1361 3477 cui
1388 3444 1512 3488 paruit
1538 3444 1701 3489 undique
1729 3445 1896 3479 mundus.

373 3492 629 3539 Fragmentum
662 3499 854 3532 testamenti
882 3500 1000 3543 spurii
1032 3500 1069 3533 in
1100 3499 1216 3534 codice
1240 3499 1416 3534 Vaticano
1433 3504 1516 3535 5985
1545 3511 1631 3535 saec.
1659 3501 1746 3536 XV.
1778 3501 1842 3545 fol.
1867 3507 1898 3535 1:
1939 3501 2117 3536 Ultimum
2145 3503 2418 3543 testamentum,

232 3549 401 3583 iubentes
428 3552 463 3583 et
489 3550 725 3588 decernentes
744 3565 786 3588 ex
804 3555 1006 3590 autoritate
1027 3555 1132 3590 nobis
1150 3555 1248 3590 avite
1267 3567 1447 3597 concessa,
1474 3557 1571 3600 quod
1596 3557 1689 3592 illud
1707 3560 1971 3593 testamentum
1990 3558 2086 3593 inter
2104 3559 2197 3593 filios
2215 3562 2252 3595 et
2269 3559 2418 3595 herede·

369 3647 400 3683 ²¹)
425 3653 484 3685 per
512 3643 539 3674 1.
656 3644 689 3685 b)
715 3648 773 3687 qui
798 3646 828 3678 4.
947 3648 977 3690 ⁰)
1004 3659 1087 3680 uera
1114 3648 1140 3680 1.
1259 3646 1292 3690 d)
1318 3650 1359 3680 Et
1383 3647 1415 3681 4.

2459 898 2490 923 10

2458 1245 2490 1269 15

2458 1586 2491 1611 20

2457 1967 2489 1992 25

2459 2258 2491 2283 30

2458 2539 2489 2566 ³5

2455 2823 2488 2849 40

2454 3112 2486 3138 4⁵

2454 3394 2487 3420 50
