2558 3970
711 150 953 186 FRIDERICI
984 152 1026 185 11.
1053 152 1483 188 coNs'l'l'rU'HONEs.
1536 154 1634 188 1220.
1685 154 1746 188 Nr.
1767 155 1820 189 76.
2309 164 2361 200 05

161 273 199 306 et
229 271 470 318 denegaverit
505 271 613 307 iudex
648 272 703 306 vel
736 275 867 307 auctor
899 273 969 307 loei
1001 272 1111 313 illins,
1145 273 1181 307 in
1211 287 1285 318 quo
1319 274 1467 319 fugitivi
1492 275 1743 319 requiruntur,
1778 280 1864 311 tunt·
1888 278 2064 322 prebeant
2093 283 2362 314 .-·;=‹·1·2uu··111u=.1

14 358 29 398 t
159 333 293 376 ΚΗΘίῐῃ
324 340 444 382 electi,
477 341 575 385 quod
608 341 660 376 ibi
691 341 855 386 suscepti
888 353 960 376 non
994 342 1133 377 fuerint
1164 355 1230 377 nec
1263 343 1347 378 illos
1380 343 1541 378 habeant
1578 357 1643 379 nee
1677 345 1712 379 in
1747 347 1974 381 conscientia
2011 347 2158 383 illorum
2192 348 2265 383 sint
2300 362 2365 383 nee

17 413 26 437 s

159 408 305 454 aliquas
344 421 402 445 res
443 409 591 445 illorum
630 422 754 445 secum
794 410 1004 445 habuerint.
1074 411 1111 445 Si
1144 414 1268 446 autem
1302 412 1371 447 hoc
1401 412 1592 447 distulerit·
1624 415 1756 456 tacere,
1792 418 1872 460 post
1908 416 2064 461 primani
2097 421 2135 451 et
2167 418 2364 452 seeundum

159 478 474 514 contestationem
505 478 695 524 presentia
726 479 878 513 testium
912 472 1128 524 pei-actariid

1162 491 1228 524 per
1260 479 1458 514 iussionem
1493 481 1623 515 iudicis
1657 483 1711 516 sui
1747 484 1852 518 lim-at
1891 485 2087 530 pignorare
2111 486 2297 521 hominem
2321 487 2364 520 dn·

13 544 30 598 ἐξ
105 554 120 579 5
158 547 240 592 ipso
272 547 364 589 loco,
397 547 460 582 ubi
493 558 605 582 causa
636 547 850 592 requiritur,
884 548 937 582 ita
970 551 1106 587 tamen,
1140 551 1181 583 ut
1214 548 1334 593 ipsum
1369 549 1502 593 pignus
1536 555 1619 595 post
1651 556 1838 596 pei-aetam
1875 554 2059 589 iusticiam
2091 568 2156 600 per
2178 555 2363 598 integrum

15 642 29 648 -
158 617 346 653 reddatur.

17 666 29 686 ἦ
304 679 367 734 (5)
405 684 453 720 Et
494 686 708 720 nullatenus
748 685 857 720 liceat
899 685 1010 720 alicui
1050 686 1185 731 pignus
1223 686 1392 731 accipere
1432 699 1497 731 per
1528 688 1601 722 alia
1642 689 1739 730 loen,
1782 690 1850 724 nisi
1885 691 1945 725 ubi
1979 692 2127 735 fugitivi
2160 696 2226 727 aut
2257 706 2365 727 ‹fuum-

159 754 416 799 requiruntur;
456 757 494 790 et
533 754 563 789 si
604 754 819 799 pignoratio
852 754 1076 800 pervenerit,
1115 766 1189 789 non
1223 757 1412 800 presumat
1446 755 1574 800 aliqua
1605 769 1691 801 pars
1723 770 1789 802 pro
1824 759 1978 804 pignore
2011 761 2122 795 aliam
2156 762 2364 806 pignorare.

159 823 223 860 sed
255 824 429 868 expectet
460 835 576 868 usque
613 824 660 858 ad
693 823 916 859 audiendam
949 836 1108 866 causam,
1143 824 1197 859 ita
1229 836 1316 859 sane
1350 827 1389 859 ut
1423 836 1532 859 cause
1565 825 1601 860 in
1635 838 1697 861 sex
1730 828 1912 862 mensium
1946 829 2069 873 spatio
2102 832 2189 865 fiunt
2223 835 2258 865 et
2292 831 2365 864 sint

91 903 123 928 ιο
158 903 267 928 cause
298 892 414 935 finite,
451 892 608 928 reddens
640 893 754 938 prius,
787 893 899 938 quia⁰
931 905 975 929 ex
1007 893 1144 928 iudicio
1173 894 1468 938 condempnatus
1502 894 1583 937 fuit,
1617 898 1655 929 et
1687 890 1812 940 pn'usf
1842 910 1946 932 suum
1982 899 2148 943 recipiat.
2211 898 2301 934 Nam
2336 899 2364 933 si

155 961 239 1007 quis
280 962 326 998 de
365 962 440 997 alio
480 963 562 998 loco
603 962 738 1007 pignus
781 962 914 997 tollere
952 961 1220 1007 presumpserit
1261 964 1325 996 aut
1367 962 1445 997 sine
1484 974 1596 997 eausa
1634 965 1779 1000 tullerit
1818 966 2077 1011 autaliquem
2113 980 2178 1012 pro
2212 968 2366 1012 pignoru-

155 1031 425 1077 pignoraverit,
458 1031 496 1066 in
527 1031 692 1077 duplum,
725 1031 790 1076 qui
821 1030 977 1073 tullerit,
1011 1030 1198 1066 restituat.

299 1093 365 1150 (6)
408 1100 446 1136 Si
485 1112 572 1136 vero
613 1100 698 1145 equi
737 1102 801 1135 aut
841 1112 934 1145 eque
979 1112 1042 1135 seu
1081 1102 1251 1135 armenta
1293 1102 1359 1134 aut
1390 1100 1514 1144 aliqua
1565 1101 1821 1147 quadrupedia
1862 1105 1987 1139 furtim
2030 1105 2163 1139 suo-rint
2208 1105 2366 1145 sublata,

155 1169 195 1205 in
225 1170 380 1216 duplum
410 1169 675 1211 rest-ituantum
709 1170 740 1204 si
762 1170 844 1215 ipsa
866 1169 1135 1209 aberraverint,
1167 1169 1318 1204 omnino
1342 1169 1557 1205 reddantur.
1611 1171 1749 1212 Quodsi
1783 1176 1866 1217 post
1902 1173 2058 1218 primam
2082 1175 2146 1208 etg
2169 1175 2364 1208 svcundum

89 1250 120 1275 1⁵
156 1238 473 1275 contestationem
502 1239 655 1274 minime
682 1239 829 1275 reddita
858 1238 1008 1281 fuerint,
1042 1241 1131 1274 tunc
1154 1238 1368 1284 pignoratio
1392 1240 1457 1273 fiat
1481 1239 1525 1274 de
1550 1240 1640 1281 loco,
1675 1241 1737 1275 ubi
1767 1242 1834 1277 hec
1857 1243 2108 1287 requiruntur,
2145 1256 2258 1288 usque
2281 1244 2365 1278 dum

153 1320 240 1354 pars
271 1309 372 1354 parti
404 1308 633 1350 satisfaciat;
667 1311 705 1344 et
736 1311 823 1353 post
854 1308 1131 1343 satisfationem
1162 1307 1366 1343 reddantur
1397 1308 1478 1353 ipsa
1510 1308 1679 1354 pignora.

300 1371 366 1428 (7)
406 1377 454 1413 Et
492 1379 561 1414 hoc
603 1380 788 1413 statutum
826 1379 893 1420 est,
927 1371 1006 1419 uth,
1045 1377 1076 1412 si
1117 1377 1298 1423 fugitivus
1338 1389 1402 1412 seu
1443 1389 1500 1412 res
1539 1378 1685 1413 reddita
1723 1380 1835 1414 fuerit
1869 1381 1923 1413 vel
1966 1380 1994 1414 si
2031 1393 2096 1426 μϊ
2134 1384 2363 1416 saei-inuenta·

156 1447 365 1483 satisfactio
397 1447 603 1493 adimpleta
634 1446 758 1489 fuerit,
792 1446 911 1481 modis
944 1446 1115 1481 omnibus
1146 1458 1233 1492 pars
1266 1446 1366 1492 parti
1399 1446 1640 1482 securitatem
1673 1448 1799 1483 faciat.

28 1567 30 1570 y
299 1510 364 1567 (8)
397 1516 435 1552 Si
473 1517 556 1562 quis
589 1528 675 1553 vero
714 1517 821 1552 extra
859 1518 1067 1552 memorata
1099 1516 1265 1561 capitula
1307 1516 1507 1562 pignorare
1540 1517 1820 1562 presumpserit,
1855 1529 2003 1553 eausam
2038 1519 2169 1563 perdat
2199 1522 2233 1554 et
2268 1520 2364 1563 quod

88 1592 121 1619 20
156 1586 246 1622 tulit
276 1586 464 1622 restituat.

301 1647 366 1704 (9)
399 1654 560 1701 Negotia
599 1656 725 1690 autem
765 1654 864 1690 inter
902 1647 1047 1700 partesi

1080 1654 1183 1696 fiant,
1224 1656 1261 1689 et
1301 1654 1413 1689 liceat·
1450 1654 1538 1689 dare
1571 1657 1609 1690 et
1641 1654 1809 1699 accipere
1841 1656 2019 1700 quicquid
2060 1657 2158 1691 inter
2189 1670 2251 1692 eos
2283 1669 2364 1692 con-

158 1725 303 1761 venerit
334 1724 413 1760 sine
445 1724 573 1769 aliqua
605 1723 786 1760 violentia
819 1723 877 1759 vel
908 1722 1190 1765 contrarietate,
1231 1723 1287 1758 ita
1318 1725 1360 1758 ut
1393 1735 1490 1768 equa
1521 1723 1688 1758 conditio
1728 1726 1969 1769 utrarumque
2004 1726 2166 1771 partium
2200 1727 2364 1772 negotia-

157 1795 302 1832 toribus
334 1795 586 1830 conservetur.

304 1856 398 1913 (10)
429 1863 643 1909 Ripaticum
675 1864 801 1898 autem
834 1864 872 1898 et
903 1854 1259 1908 quadragesimumk
1285 1861 1437 1897 Venetis
1466 1862 1576 1897 detur
1606 1862 1808 1898 seeundum
1831 1863 2025 1908 antiquam
2049 1866 2368 1900 consuetudinem.

89 1943 121 1969 ¹25
158 1923 235 1980 Ipsi
266 1945 353 1969 vero
375 1933 511 1969 Veneti
542 1944 610 1978 per
640 1934 763 1968 totum
794 1931 994 1977 imperium
1026 1929 1069 1966 et
1100 1938 1281 1980 regnum
1315 1929 1509 1966 nostrum
1543 1934 1581 1967 et
1614 1944 1681 1977 per
1713 1934 1832 1968 totam
1866 1935 2014 1975 terram,
2048 1946 2157 1979 quam
2193 1936 2249 1970 vel
2274 1948 2369 1970 nunc

158 2003 338 2039 habemus
370 2002 427 2038 vel
460 2002 499 2037 in
530 2004 724 2047 posterum
754 2003 907 2036 auctore
930 2001 1008 2036 Deo
1040 1999 1208 2035 habituri
1239 2011 1375 2043 sumus,
1409 2000 1517 2035 liberi
1550 2000 1625 2036 sint
1649 2001 1695 2036 ab
1725 2001 1826 2036 omni
1849 2003 2045 2039 exactione
2069 2006 2107 2039 et
2128 2004 2299 2045 datione;
2333 2007 2368 2039 et

158 2072 351 2109 licentiam
389 2071 555 2107 habeant
591 2071 762 2107 homines
802 2070 919 2116 ipsius
959 2070 1062 2106 ducis
1103 2069 1321 2104 ambulandi
1360 2081 1427 2115 per
1465 2072 1585 2105 terras
1618 2082 1682 2106 seu
1715 2083 1781 2116 per
1811 2071 1964 2106 flumina
1997 2073 2114 2107 totius
2147 2073 2293 2118 imperii
2328 2073 2369 2108 et

159 2136 283 2191 regni
315 2141 451 2183 nostri;
485 2140 660 2176 similiter
691 2142 728 2175 et
759 2139 879 2176 nostri
910 2151 978 2185 per
1007 2151 1109 2174 mare
1141 2150 1258 2184 usque
1290 2139 1337 2173 ad
1369 2151 1432 2174 eos
1465 2142 1504 2174 et
1534 2151 1611 2175 non
1642 2140 1814 2185 amplius.

302 2202 397 2260 (ll)
435 2210 488 2245 De
527 2210 598 2245 hoc
637 2209 824 2252 convenit,
862 2211 914 2251 ut,
959 2209 990 2243 si
1029 2220 1104 2253 qua
1142 2208 1234 2243 lesio
1267 2208 1367 2244 inter
1398 2210 1525 2254 partes
1558 2209 1736 2251 evenerit,
1779 2205 1973 2255 legatarii¹
2006 2224 2079 2247 non
2111 2212 2369 2253 detineantur;

91 2289 125 2314 3ο
160 2279 191 2315 si
223 2291 310 2315 vero
349 2278 493 2315 detenti
531 2278 682 2321 fuerint,
721 2278 938 2314 relaxentur
979 2280 1018 2313 et
1057 2280 1332 2323 componantur
1373 2277 1425 2314 eis
1465 2278 1575 2313 solidi
1615 2279 1774 2314 trecenti
1786 2293 1792 2321 ;
1833 2282 1871 2314 et
1911 2280 1951 2322 si,
1984 2281 2083 2325 quod
2116 2281 2225 2323 absit,
2259 2282 2370 2317 occisi

159 2348 309 2392 fuerint,
342 2350 616 2394 componantur
652 2347 872 2393 parentibus
913 2359 1041 2383 eorum
1073 2359 1140 2393 pro
1178 2347 1270 2392 ipsis
1303 2347 1412 2383 solidi
1444 2347 1557 2390 mille,
1591 2350 1629 2383 et
1660 2348 1742 2393 ipsa
1774 2360 1935 2394 persona
1967 2350 2138 2385 tradatur
2169 2351 2205 2385 in
2240 2362 2369 2386 manus

160 2429 298 2454 eorum.

304 2479 399 2536 (12)
431 2486 469 2522 Si
500 2487 583 2532 quis
621 2487 722 2522 inter
758 2488 886 2532 partes
917 2497 1067 2522 causam
1105 2485 1291 2527 habuerit,
1336 2485 1450 2520 vadat
1481 2486 1594 2520 semel
1627 2487 1694 2520 aut
1731 2485 1788 2520 bis
1821 2498 1903 2520 cum
1936 2486 2097 2531 epistola
2129 2487 2260 2522 iudicis
2294 2487 2368 2528 sui;

162 2556 194 2592 si
224 2556 259 2592 ei
287 2555 439 2592 iusticia
469 2556 570 2592 facta
600 2568 675 2592 non
706 2556 821 2592 fuerit
851 2556 950 2591 infra
981 2555 1060 2591 dies
1090 2555 1208 2598 XIIII,
1242 2555 1272 2589 si
1304 2555 1384 2600 ipse
1416 2555 1538 2597 homo,
1572 2555 1669 2591 unde
1701 2555 1849 2590 iustitia
1871 2555 2084 2600 requiritur,
2119 2556 2215 2591 infra
2249 2557 2369 2602 ipsum

95 2631 127 2658 ³5
162 2626 285 2662 locum
314 2625 438 2668 fuerit,
471 2625 568 2660 infra
600 2625 678 2661 dies
711 2625 777 2660 Vll
810 2625 1002 2661 licentiam
1034 2624 1174 2660 habeat
1205 2624 1405 2670 pignorare
1438 2625 1560 2667 iudex,
1600 2625 1664 2670 qui
1702 2625 1783 2670 ipso
1815 2628 1984 2670 tempore
2018 2626 2212 2661 ordinatus
2245 2627 2367 2667 fuerit,

162 2695 259 2731 infra
291 2695 478 2730 causam¹1¹
511 2706 632 2737 suam,
671 2697 854 2740 quantum
892 2695 1014 2740 ipsum
1051 2694 1220 2730 debitum
1258 2694 1346 2735 e1·it;
1387 2696 1426 2728 et
1463 2693 1585 2739 ipsum
1617 2694 1752 2740 pignus¹
1787 2707 1903 2739 usque
1937 2696 1983 2730 ad
2015 2695 2364 2731 determinationem

161 2776 270 2800 cause
301 2766 486 2800 teneatur.
549 2763 653 2807 Quod
688 2764 718 2799 si
750 2763 991 2800 antesteterit
1021 2763 1168 2809 pignus,
1201 2763 1505 2808 componant-aru
1536 2763 1646 2798 solidi
1677 2764 1756 2806 X11,
1792 2775 1903 2799 causa
1934 2766 2119 2806 manente,
2154 2766 2195 2799 ut
2226 2776 2292 2809 pro
2325 2776 2368 2799 eo

159 2832 297 2869 iterum
333 2833 549 2880 pignoratio
589 2834 666 2876 fiat,
707 2833 771 2868 ubi
809 2833 979 2879 potuerit
1016 2833 1055 2867 in
1092 2832 1238 2876 finibus,
1277 2832 1342 2867 ubi
1381 2843 1492 2867 causa
1529 2832 1743 2877 requiritur.
1811 2833 1848 2868 Si
1889 2835 2026 2876 tamen,
2067 2832 2158 2868 ubi⁰
2190 2832 2367 2868 iudicium

160 2903 340 2938 ambabus
371 2902 567 2948 partibusp
597 2903 865 2938 annuntiatum
896 2902 1020 2946 fuerit,
1052 2902 1303 2940 residentibus
1335 2901 1480 2937 duobus
1512 2902 1557 2937 de
1588 2904 1747 2947 utraque
1780 2904 1898 2948 parte,
1932 2903 1995 2938 ubi
2017 2914 2128 2938 causa
2151 2902 2364 2947 requiritur,

95 2977 128 3004 4⁰
163 2972 262 3017 quod
291 2972 366 3018 ipsi
395 2983 462 3018 per
493 2972 740 3018 ewangelium
770 2972 1068 3015 terminaverint,
1101 2984 1186 3018 pars
1218 2972 1319 3018 parti
1350 2971 1568 3007 satisfatiat.

305 3034 400 3091 (13)
432 3041 612 3077 Addimus
644 3043 781 3085 autem,
822 3044 874 3084 ut,
914 3041 945 3076 si
976 3041 1059 3086 quis
1091 3030 1334 3078 homicidium
1365 3041 1652 3087 perpetraverit,
1691 3041 1810 3077 modis
1843 3040 2014 3075 omnibus
2055 3040 2134 3085 ipse
2167 3042 2205 3075 et·
2236 3040 2368 3085 quanti

163 3109 271 3145 mixti
301 3110 442 3146 fuerint
472 3110 512 3145 in
533 3110 615 3156 ipso
648 3110 861 3153 homicidio,
893 3110 1004 3156 ligati
1034 3111 1248 3152 tradantur;
1281 3110 1382 3155 quod
1404 3110 1434 3145 si
1457 3111 1597 3145 factum
1621 3122 1694 3146 non
1717 3110 1841 3151 fuerit,
1876 3121 1941 3154 pro
1965 3121 2187 3154 unaquaque
2211 3122 2369 3155 persona

164 3180 436 3224 componantur
465 3179 545 3215 auri
579 3179 689 3215 solidi
720 3179 891 3216 trecenti.

307 3240 402 3297 (14)
439 3247 560 3283 Simili
599 3260 698 3293 pena
733 3248 966 3284 decernimus
1008 3248 1286 3294 dampnandum
1323 3260 1423 3291 eum,
1466 3247 1531 3293 qui
1572 3248 1610 3282 in
1650 3247 1906 3283 communibus
1950 3247 2123 3282 mercatis
2167 3247 2368 3282 tumultum

97 3321 129 3348 45
163 3316 294 3362 populi
338 3316 505 3352 excitans
546 3317 789 3353 homicidium
826 3316 1111 3362 perpetraverit.
1187 3316 1326 3358 Quodsi
1371 3317 1555 3352 tumultus
1594 3315 1673 3351 sine
1717 3315 1919 3350 homicidio
1956 3317 2023 3350 aut
2063 3315 2175 3360 plaga
2218 3315 2367 3350 sedatus

164 3383 288 3428 fuerit,
321 3388 524 3431 componat
553 3398 621 3432 pro
653 3385 883 3422 excitatione
914 3386 1052 3422 solidos
1083 3386 1167 3421 auri
1197 3387 1400 3421 trecentos.

304 3504 363 3539 76.
397 3504 429 3546 d)
456 3511 606 3549 paratam
636 3506 732 3539 1-—3.
851 3505 882 3549 0)
908 3518 974 3549 que
1001 3499 1100 3539 1—3.
1218 3504 1248 3547 f)
1273 3506 1321 3538 ita
1348 3504 1438 3538 1—3
1464 3517 1534 3548 pro
1559 3505 1698 3548 pignus;
1736 3507 1799 3547 cfr.
1829 3505 1968 3538 Pactam
1996 3506 2166 3539 Friderice
2187 3504 2216 3545 I,
2242 3509 2317 3536 ιυηι.
2337 3503 2367 3543 I,

159 3572 198 3604 p.
212 3565 271 3596 211
287 3575 321 3596 n.
335 3576 367 3606 q.
461 3563 495 3605 8)
520 3565 575 3597 vel
602 3563 630 3597 1.
656 3564 688 3596 2.
808 3563 840 3606 l¹)
867 3565 957 3607 quod
980 3563 1011 3597 3.
1129 3563 1153 3605 1’)
1180 3564 1228 3596 ita
1252 3564 1401 3603 correaec',·
1420 3574 1492 3605 pro
1516 3563 1603 3595 inter
1626 3567 1738 3605 partes
1765 3561 1871 3595 1—3:
1898 3564 2043 3596 interim.
2162 3560 2196 3601 k)
2223 3560 2363 3603 quadra-

63 3661 66 3667 ·
165 3620 313 3662 gesimus
340 3620 370 3653 1.
509 3620 534 3663 l)
559 3622 702 3664 legatari
729 3621 758 3655 1.
898 3620 940 3665 m)
968 3622 1018 3655 ita
1043 3621 1144 3655 1—3
1161 3633 1231 3664 pro
1263 3632 1394 3660 casam;
1432 3622 1496 3664 cfr.
1521 3620 1666 3652 Pactum
1697 3619 1855 3653 Lotharii
1881 3621 1969 3662 III„
2002 3626 2077 3653 tom.
2098 3620 2128 3661 l,
2151 3631 2184 3662 p.
2205 3619 2264 3651 173
2280 3629 2314 3649 n.
2331 3629 2364 3649 u.

58 3675 59 3679 ¹
99 3682 134 3712 5⁰
166 3673 201 3720 ¹¹)
227 3683 450 3720 componatur
478 3678 505 3710 1.
626 3678 658 3722 0)
686 3679 732 3711 ibi
759 3677 858 3712 1-3.
975 3679 1008 3722 P)
1034 3680 1063 3712 si
1087 3684 1166 3713 tam.
1193 3679 1282 3712 amb.
1308 3679 1462 3722 partibus
1486 3678 1535 3711 ibi
1558 3677 1733 3711 iudicium.
1759 3676 1788 3710 2.
1815 3676 1846 3711 3.

0 3749 96 3970 1
