2558 3970
91 306 120 363 ’4ῗέ

125 307 134 357 ,,

138 3272 159 3286 l.

90 3295 159 3321 DWJ.

739 190 978 224 FRIDERICI
1010 190 1050 224 11.
1077 187 1503 223 CONSTI'PUTIONES.
1556 187 1654 221 1244.
1704 187 1863 221 N1·.252.

204 197 226 235 0³

232 199 254 235 d·-

260 198 283 235 (si

346 311 438 360 111)
477 306 628 346 Forma
673 312 814 346 autem
858 305 1094 346 oblacionis
1135 305 1174 344 in
1216 304 1350 358 primo
1394 307 1580 343 tractatu
1613 302 1711 342 talis
1754 301 1849 341 fuit:
1883 301 2098 343 Videlicet
2137 305 2386 359 optulerunt

202 377 322 417 nobis
363 389 437 430 pro
479 374 638 415 honore
678 380 820 414 nostro
867 379 909 414 et
943 374 1107 428 imperii
1150 372 1321 427 publice
1356 386 1401 412 se
1441 384 1599 426 ponere
1632 371 1673 409 in
1706 368 1904 410 mercede
1937 373 2084 411 nostra
2115 377 2157 412 et
2189 373 2385 427 proicere

201 444 356 484 vexilla
391 457 537 483 corum
570 442 623 483 ad
656 442 787 496 pedes
820 446 1001 482 nostros.
1065 440 1325 494 Optulerunt
1357 440 1494 480 eciam
1519 438 1788 479 Societates¹¹
1820 437 2034 479 disolvere
2067 444 2109 479 et
2133 443 2384 485 renunciare

203 512 293 567 paci
328 511 597 552 Constancie.
661 510 802 564 Super
835 510 1010 550 offensis
1053 514 1198 549 autem
1240 522 1373 562 usque
1407 507 1459 547 ad
1503 511 1673 560 tempus
1707 505 1811 545 illud
1849 508 2109 560 perpetratis
2142 511 2388 564 optulerunt

202 579 426 621 emendam
477 581 595 619 iuxta
643 583 873 619 tractatum
922 592 1017 618 cum
1062 577 1352 618 cardinalibus
1398 576 1612 622 habitum.
1663 575 1825 615 scilicet
1872 574 2041 616 domino
2082 576 2303 620 Hostiensi
2346 584 2390 622 et
2440 595 2456 619 5

200 650 404 703 magistro
437 648 603 688 Thomu
636 647 686 687 de
721 646 887 702 Oapua.
928 646 980 687 de
1013 646 1364 700 quadringentis⁰
1396 658 1531 698 usque
1565 643 1618 684 ad
1652 644 1910 697 quingentos
1945 644 2101 685 milites
2135 646 2241 687 eitra
2272 662 2411 698 mare,

202 718 365 757 scilicet
399 724 440 758 et
473 730 555 757 non
590 717 697 756 ultra
734 729 849 755 mare
883 714 1112 755 mittendos
1145 719 1187 755 et
1221 728 1297 769 per
1330 712 1548 754 biennium
1583 717 1823 753 moraturos
1850 713 1915 752 vel
1939 712 2079 754 danda
2107 717 2290 769 pecunia
2313 732 2389 772 pro

200 786 405 826 militibus
438 786 559 825 illisr.
595 790 720 839 prout
755 785 832 839 ipsi
867 783 1098 824 Lombardi
1132 784 1355 837 eligerent.
1421 781 1675 836 Specialiter
1699 785 1843 821 autem
1868 780 2214 824 Mediolanenses
2237 784 2389 826 offere-

199 855 300 895 bant
334 868 509 895 censum
543 868 617 909 pro
651 854 831 908 Seprioq
864 857 906 893 et
940 852 1210 893 Mai-tesana*
1244 866 1327 892 non
1363 851 1549 892 solutum
1583 850 1749 891 solvere
1783 863 1808 889 a
1831 849 1898 890 die
1924 852 2218 893 coronaeionis
2242 859 2388 896 nostre

199 937 332 978 usquc
381 924 421 962 in
463 922 576 963 diem
623 921 754 962 habiti
793 926 1020 966 tractatus:
1066 922 1123 961 ita
1165 925 1309 961 tamen
1356 924 1400 959 ut
1441 933 1517 959 nos
1561 918 1877 959 remitteremus
1911 919 1973 959 eis
2019 933 2143 961 omne
2177 921 2242 961 ius
2276 923 2388 977 quod
2428 936 2460 960 10

199 992 455 1046 acquisitum
489 997 579 1031 erat
611 990 733 1031 nobis
767 996 808 1030 et
841 990 1018 1044 imperio
1044 1004 1098 1031 ex
1123 989 1371 1030 cessaeione
1396 1002 1551 1029 census
1583 1001 1658 1042 pro
1684 987 1888 1041 preterito
1921 993 2113 1042 tempore
2140 1004 2224 1030 11011
2248 992 2390 1044 soluti,

201 1071 241 1101 et
291 1074 442 1101 novam
493 1060 817 1100 concessionem
860 1059 1101 1099 faceremus
1149 1063 1191 1098 et
1236 1057 1612 1098 confirmacionem
1661 1056 1781 1096 iuxta
1828 1061 2022 1096 tenorem
2069 1058 2391 1114 privilegiorum

200 1143 373 1170 suorum
416 1129 585 1169 comuni
618 1128 932 1170 Mediolanensi
974 1127 1025 1168 de
1069 1127 1344 1168 comitatibus
1387 1125 1679 1181 supradictis&
1742 1124 1941 1165 Crem-am
1978 1129 2121 1167 autem
2155 1127 2394 1170 offerebant

201 1212 245 1238 se
280 1197 519 1238 reddituros
562 1197 703 1237 nobis.
743 1210 869 1250 quam
913 1197 954 1236 in
995 1195 1422 1237 recommendaeione
1457 1199 1499 1235 et
1539 1193 1789 1235 defensione
1823 1194 1876 1234 ab
1910 1194 2167 1248 imperatore
2200 1195 2391 1239 Henrico

200 1275 321 1321 patre
356 1277 500 1306 nostro
536 1265 754 1319 recepisse
787 1265 1003 1309 dicebant,
1036 1270 1082 1305 ut
1115 1268 1260 1305 tamen
1294 1264 1354 1305 eis
1388 1269 1429 1304 et
1454 1262 1761 1304 Cremensibus
1785 1267 1957 1303 cautum
1982 1270 2097 1305 esset
2126 1279 2203 1319 per
2225 1265 2390 1307 litteras
2431 1277 2461 1302 15

199 1347 388 1380 nostras,
431 1334 541 1389 quod
583 1349 659 1375 nos
694 1334 892 1375 Cremam
928 1333 1296 1375 Cremonensibus
1339 1333 1510 1374 tradere
1555 1346 1631 1372 seu
1674 1330 1853 1371 reddere
1888 1344 1970 1371 non
2001 1331 2274 1386 deberemus,
2315 1335 2391 1375 sed

199 1406 357 1459 ipsamt
389 1405 429 1443 in
463 1408 607 1443 nostro
643 1408 684 1443 et
716 1404 881 1457 imperii
915 1403 1101 1443 dominio
1137 1403 1335 1444 retinere.
1397 1402 1464 1442 De
1495 1401 1643 1441 Insula
1675 1405 1818 1441 autem
1856 1399 2068 1441 Fulcherii
2102 1402 2260 1443 nullam
2287 1418 2390 1458 que-

200 1474 381 1514 stionem
414 1473 674 1517 referebant,
709 1472 784 1512 sed
818 1473 954 1527 ipsam
988 1485 1032 1512 se
1067 1471 1317 1512 dimissuros
1350 1472 1391 1511 in
1426 1470 1624 1511 manibus
1658 1469 1813 1509 nostris
1848 1468 2103 1523 simpliciter
2135 1470 2391 1512 offerebant.

200 1541 412 1583 Petebant
444 1547 588 1582 autem
622 1540 802 1595 predicti
836 1540 1067 1581 Lombardi
1102 1541 1397 1581 remissionem
1421 1540 1609 1580 omnium
1634 1538 1894 1579 offensarum
1928 1551 2002 1592 per
2035 1551 2109 1578 eos
2143 1544 2292 1581 contra
2314 1554 2392 1582 nos

200 1621 240 1651 et
285 1611 500 1665 principes
540 1609 891 1664 quomodolibetu
939 1615 1088 1650 contra
1136 1610 1361 1664 imperium
1413 1609 1750 1649 commissarum.
1822 1605 2038 1646 Petebant
2079 1607 2236 1659 eciam⁷
2279 1608 2392 1664 quod
2430 1625 2463 1650 20

204 1694 280 1720 nos
325 1679 671 1734 permitteremus
712 1679 801 1719 eisv
841 1692 1097 1719 conservare
1139 1679 1336 1719 civitates
1377 1682 1478 1718 tunc
1521 1676 1708 1717 rebelles
1751 1675 1890 1716 salvas
1932 1679 1973 1714 et
2016 1675 2205 1729 integras
2246 1679 2391 1730 muris,

201 1749 334 1803 portis
368 1757 409 1789 et
441 1748 629 1790 fossatis.
665 1752 708 1788 et
740 1748 780 1787 in
816 1747 931 1787 omni
963 1761 1013 1788 eo
1046 1752 1160 1788 statu
1194 1747 1236 1786 in
1269 1760 1351 1801 quo
1377 1753 1478 1786 tunc
1502 1749 1635 1786 erant.
1690 1744 1830 1799 Super
1854 1742 2223 1786 iurisdictionibus
2247 1751 2393 1787 autem

201 1818 423 1872 petebant.
458 1815 570 1870 quod
604 1829 678 1855 nos
714 1830 787 1856 eas
823 1815 1068 1856 civitatibus
1103 1828 1471 1864 conservaremus,
1505 1827 1587 1868 que
1621 1812 1673 1853 de
1708 1813 1770 1854 eis
1805 1812 2010 1867 specialia
2042 1812 2267 1868 privilegia
2297 1820 2394 1869 post

200 1900 351 1941 pacem
386 1885 646 1926 Constancie
680 1899 703 1924 a
743 1884 1125 1940 predecessoribus
1159 1884 1316 1925 nostris
1359 1883 1616 1924 habuerunt.
1677 1881 1832 1923 IdemW
1865 1880 2070 1936 petebant
2101 1880 2153 1922 de
2197 1883 2393 1925 omnibus

199 1955 294 1995 aliis
329 1955 494 1995 castris.
531 1954 663 1995 villis.
697 1953 889 1994 iuribusx
923 1959 965 1994 et
998 1953 1255 2002 honoribus,
1289 1952 1342 1993 de
1376 1951 1529 2007 quibus
1563 1951 1766 2006 specialia
1798 1950 2024 2005 privilegia
2056 1954 2102 1990 ut
2135 1949 2296 1992 dictum
2328 1956 2393 1994 est
2430 1971 2462 1997 25

201 2025 397 2064 civitates
431 2023 660 2064 habebant.
723 2022 789 2064 De
813 2022 894 2063 hiis
919 2027 1063 2064 autem
1087 2021 1468 2071 iurisdictionibus,
1505 2020 1629 2061 terris
1655 2024 1697 2061 et
1720 2019 1897 2070 iuribus,
1931 2018 1982 2060 de
2007 2019 2160 2073 quibus
2186 2020 2394 2075 specialia

200 2093 427 2148 privilegia
459 2106 542 2132 11011
575 2091 805 2138 habebant.
839 2091 1079 2133 offerebant
1113 2106 1158 2132 se
1193 2095 1307 2132 stare
1340 2091 1419 2131 iuri
1451 2091 1494 2130 in
1528 2090 1646 2131 curia
1676 2093 1822 2130 nostra
1856 2094 1898 2129 et
1931 2102 2071 2129 coram
2101 2089 2392 2144 principibusy

201 2162 378 2216 imperii.
450 2160 711 2215 Simpliciter
751 2165 895 2201 autem
936 2160 1177 2201 offerebant
1220 2160 1446 2200 restituere
1496 2158 1620 2198 nobis
1660 2156 1861 2212 quicquid
1902 2157 2136 2212 imperator
2175 2158 2392 2199 Henricus

201 2237 397 2269 tenuerat
430 2243 564 2283 usque
598 2228 649 2269 ad
685 2229 849 2269 obitum
874 2243 1010 2269 suum.
1065 2228 1323 2269 Civitatibus
1349 2229 1517 2279 etiam2‚
1550 2241 1632 2281 que
1658 2226 1878 2267 nobiscum
1902 2230 2001 2267 tunc
2027 2232 2150 2268 erant
2174 2232 2217 2268 et
2240 2228 2394 2269 modoa

200 2304 316 2339 sunt.
365 2298 604 2338 offerebant
651 2311 696 2338 se
743 2297 1048 2338 1·estitutur0s¹’
1090 2297 1290 2352 quicquid
1330 2297 1382 2337 de
1423 2297 1514 2337 iure
1548 2300 1590 2336 et
1628 2295 1907 2350 pertinenciis
1941 2296 2129 2349 ipsarum
2161 2295 2393 2339 habebant.
2432 2312 2465 2338 30

202 2366 341 2421 Super
374 2365 596 2406 obsidibus
628 2370 772 2406 autem
805 2366 1035 2406 altercacio
1070 2366 1167 2412 fuit;
1202 2371 1246 2406 et
1278 2379 1353 2406 nos
1388 2379 1461 2406 eos
1486 2364 1539 2405 ad
1565 2364 1776 2405 cautelam
1800 2368 1991 2404 nostram
2015 2368 2057 2405 et
2078 2364 2247 2420 imperii
2269 2369 2392 2420 pete-

202 2435 351 2475 bamus
385 2449 463 2475 nec
498 2434 779 2475 sacramentis
813 2439 979 2475 tantum
1013 2434 1265 2476 volebamus
1299 2448 1395 2475 esse
1430 2433 1639 2480 contenti;
1673 2446 1775 2486 quos
1808 2432 1891 2486 ipsi
1923 2433 2170 2474 nullatenus
2203 2448 2248 2474 se
2281 2434 2392 2475 velle

201 2502 303 2543 dare
338 2502 549 2553 dicebant.
584 2503 660 2544 sed
693 2502 797 2543 alias
832 2502 1090 2544 securitates
1124 2500 1376 2543 offerebant.
1440 2499 1657 2540 Petebant
1689 2503 1835 2540 autem
1859 2499 2137 2541 securitatem
2169 2514 2246 2555 pro
2270 2505 2392 2555 parte

201 2586 275 2612 sua
310 2587 333 2612 a
365 2572 488 2612 nobis
523 2571 603 2612 sibi
637 2585 712 2626 per
745 2571 971 2612 ecclesiam
1004 2570 1267 2617 faciendam3
1303 2569 1379 2610 sed
1411 2582 1490 2609 nos
1524 2582 1600 2623 per
1633 2581 1711 2608 nos
1725 2573 1753 2617 ⁰.
1787 2567 1895 2608 filios
1918 2573 2083 2609 nostros
2107 2575 2150 2610 et
2174 2569 2392 2624 principes

201 2641 365 2695 imperii
400 2641 676 2680 securitatem
711 2639 953 2680 faciendam
987 2639 1288 2680 offerebamus.
1350 2637 1565 2678 Petebant
1594 2635 1940 2677 Mediolanenses
1972 2637 2140 2691 prefati,
2174 2637 2286 2692 quod
2316 2651 2393 2679 nos
2431 2654 2463 2680 35

200 2710 547 2763 promitteremus
582 2710 664 2749 eis.
699 2709 890 2763 recipere
925 2708 976 2749 ad
1011 2708 1201 2762 graciam
1234 2711 1420 2748 nostram
1453 2707 1559 2746 alias
1593 2706 1811 2753 civitates„
1845 2718 1925 2759 que
1958 2709 2059 2745 tunc
2091 2704 2390 2747 Mediolanen-

201 2778 315 2818 sibus
361 2777 648 2818 adherebant.
696 2791 779 2817 non
829 2777 953 2817 simul
997 2776 1072 2817 sed
1116 2776 1313 2817 semotim
1346 2780 1388 2815 et
1428 2774 1695 2828 singillatim.
1742 2779 1866 2829 prout
1898 2774 2088 2828 quelibet
2120 2773 2174 2813 ad
2205 2774 2393 2828 graciam

201 2853 390 2887 nostram
422 2845 524 2900 perd
558 2860 602 2886 se
637 2846 782 2886 venire
817 2845 1010 2892 volebat3
1046 2850 1191 2886 contra
1225 2859 1320 2885 eam
1353 2848 1497 2884 autem
1522 2843 1591 2884 vel
1624 2857 1696 2884 eas
1723 2843 1921 2883 civitates
1952 2856 2028 2883 seu
2057 2855 2279 2896 personas,
2312 2856 2394 2897 que

203 2916 364 2956 vellent
405 2915 444 2955 in
495 2914 732 2955 rebellione
773 2915 1029 2969 persistere,
1079 2913 1389 2969 promittebant
1420 2911 1770 2953 Mediolanenses
1810 2911 2015 2952 assistere
2053 2911 2177 2952 nobis
2220 2915 2262 2952 et
2294 2925 2392 2952 esse

201 2984 435 3032 nobiscum,
472 2984 581 3023 sicut
614 2983 765 3024 fideles
799 2983 974 3023 vassalli
1006 2982 1189 3023 dominis
1223 2982 1311 3022 suis
1345 2982 1551 3022 assistere
1585 2984 1789 3021 tenentur
1811 2985 1854 3020 et
1877 2978 2050 3020 debent.
2104 2978 2242 3034 Super
2266 2979 2391 3020 iuris·
2428 2997 2462 3021 40

201 3052 460 3092 dictionibus
502 3056 644 3092 autem
690 3052 913 3092 contencio
957 3056 1066 3102 erat,
1110 3051 1208 3105 quia
1251 3065 1328 3091 nos
1362 3064 1436 3091 eas
1469 3050 1522 3090 ab
1555 3048 1752 3089 omnibus
1786 3048 2033 3089 civitatibus
2068 3047 2318 3103 simpliciter
2350 3053 2392 3089 et

202 3122 364 3175 precise
408 3121 569 3161 habere
616 3121 891 3175 petebamus,
934 3134 1015 3174 que
1055 3119 1106 3160 de
1141 3120 1229 3160 eise
1262 3124 1408 3159 nostra
1441 3123 1484 3159 et
1529 3118 1848 3172 progenitorum
1894 3120 2134 3157 nostrorum
2168 3117 2392 3171 privilegia

202 3203 285 3230 11011
321 3189 559 3230 haberentf.

347 3257 437 3311 (12)
470 3257 519 3297 In
553 3257 741 3298 secundo
775 3262 963 3298 tractatu
995 3262 1093 3311 post
1127 3261 1348 3311 optentam
1373 3256 1593 3297 victoriam
1618 3255 1763 3295 oblata
1794 3254 1966 3295 fuerunt
1994 3254 2135 3294 omnia
2159 3258 2201 3295 et
2224 3253 2393 3307 singula

205 3326 479 3379 supradictag
513 3332 554 3366 et
595 3327 655 3367 eis
690 3326 885 3381 amplius.
920 3327 1019 3380 quia
1052 3326 1279 3366 comitatus
1314 3326 1449 3380 Seprii
1485 3330 1528 3366 et
1561 3322 1861 3364 Marchesanih
1893 3322 1951 3363 eti
1984 3322 2208 3376 privilegia
2241 3336 2295 3362 ex
2327 3322 2390 3362 eis
2428 3331 2460 3356 4⁵

339 3461 423 3495 ⁸252.
459 3469 476 3485 n
524 3464 676 3495 civitates
702 3462 733 3495 3.
863 3470 893 3504 0)
926 3465 979 3496 vel
1005 3464 1086 3496 add.
1106 3462 1138 3496 2.
1164 3462 1194 3495 3,
1319 3469 1351 3502 P)
1384 3463 1464 3505 ipsis
1489 3461 1520 3495 3.
1645 3460 1677 3502 (1)
1710 3447 1875 3502 0011111110
1901 3458 1931 3490 2.
1959 3458 1989 3491 3.
2107 3459 2133 3498 r)
2165 3460 2337 3491 Martesafl
2364 3458 2393 3491 1.

202 3526 212 3540 >⁴
255 3521 323 3551 suis
349 3519 379 3551 ²2.
406 3519 433 3551 3.
575 3521 606 3559 t)
634 3520 722 3551 deest
747 3518 776 3551 2.
803 3521 833 3551 3.
973 3520 1006 3562 u)
1033 3521 1201 3563 quoslibet
1225 3519 1264 3559 2;
1303 3521 1472 3562 quoslibet
1496 3530 1554 3551 seu
1580 3518 1610 3551 3.
1754 3520 1786 3556 v)
1821 3528 1878 3549 eas
1903 3515 1932 3548 2.
1960 3515 1990 3548 3.
2132 3516 2171 3556 W)
2197 3517 2279 3548 Item
2305 3515 2335 3548 2.
2362 3515 2394 3548 3.

201 3576 233 3617 x)
260 3577 395 3608 ruribus
414 3574 444 3607 2.
464 3576 493 3607 3
581 3582 613 3617 Υ)
640 3577 825 3618 rincipibus
844 3578 879 3608 ἱη
894 3588 1022 3608 rasura
1040 3588 1144 3609 manu
1162 3589 1283 3609 coaeva
1304 3578 1332 3609 1.
1428 3577 1456 3618 z)
1483 3582 1597 3608 autem
1616 3574 1645 3607 2.
1666 3574 1697 3607 3.
1792 3574 1824 3612 a.)
1850 3585 1942 3606 nunc
1960 3572 1991 3606 2.
2010 3572 2040 3605 3.
2130 3572 2161 3615 b)
2188 3574 2344 3606 restit·''os
2364 3573 2393 3605 l.

201 3640 229 3669 Γ)
256 3634 427 3666 naturales
444 3633 475 3665 2.
494 3632 524 3664 3.
619 3630 651 3673 (1)
677 3644 736 3675 pro
757 3632 788 3664 2.
812 3632 844 3665 3.
940 3639 969 3673 0)
995 3646 1058 3675 pro
1080 3645 1145 3675 que
1163 3635 1203 3666 de
1221 3635 1269 3666 eis
1286 3633 1317 3666 2.
1335 3633 1371 3667 3:
1399 3634 1439 3666 tle
1456 3634 1589 3674 quibus.
1685 3630 1717 3671 f)
1744 3631 1915 3663 habebant
1933 3630 1963 3662 2.
1984 3630 2016 3662 3.
2111 3629 2143 3671 Β)
2167 3631 2293 3672 scripta
2310 3629 2341 3662 2.
2361 3627 2392 3661 3.

202 3689 232 3723 ¹¹)
260 3691 461 3723 Marc-besan
493 3690 518 3721 1.
639 3688 659 3713 ³1
685 3690 773 3722 deest
801 3689 831 3721 2.
859 3690 889 3721 3
2429 3691 2462 3716 50
