2558 3970
94 924 124 947 10

92 1270 123 1294 15

91 1616 123 1640 20

94 2846 127 2871 30

97 3187 128 3212 35

615 171 828 206 nmmum
860 172 994 206 {inuis
1021 172 1450 207 ooNs'1'1'rr'rloxns.
1506 174 1603 208 1234.
1654 174 1810 209 mas-22.
1837 176 1913 209 323.
2282 179 2360 217 433

162 286 214 328 de
262 291 375 328 certa
419 288 600 328 scientia
645 302 883 328 einanasse.
1004 288 1098 342 (plis)
1144 288 1210 329 Ad
1256 288 1515 329 obviandum
1563 291 1707 343 itaque
1748 290 1967 330 salutifere
2004 291 2067 331 his
2101 291 2222 331 malis
2257 307 2360 347 sepe

164 357 308 411 sepius
340 355 575 398 direximus
615 357 880 412 sollempnes
922 357 1091 398 nuntios
1127 366 1294 397 nostros
1338 364 1378 398 ct
1415 372 1525 398 nune
1560 359 1952 400 excellentissimos
1991 374 2099 415 quos
2137 360 2359 402 habemus.

162 424 366 467 videlicet
389 425 661 467 venerabiles
686 425 983 480 Moguntinum
1009 426 1384 481 archiepiscopum
1409 435 1451 467 et
1478 427 1848 481 Bambcrgensein
1876 429 2146 484 episcopum,
2179 429 2360 471 dilectos

161 494 396 536 familiares
438 495 654 550 principes
694 501 883 538 nostros.
925 494 977 536 ad
1022 494 1155 550 pedes
1201 495 1434 551 imperialis
1475 497 1706 538 eminentie
1751 497 1943 538 misimus
1979 498 2152 540 iterato.
2196 500 2359 554 suppli-

162 568 311 604 cantes
344 562 623 605 devotissime
657 565 767 619 patri
799 572 959 607 nostro,
996 570 1040 604 ut
1064 565 1303 605 emulorum
1329 571 1567 605 nostrorum
1594 565 1799 606 relatibus
1833 566 2031 606 credulus
2059 581 2139 607 non
2168 569 2360 609 existens

160 632 334 673 filialem
368 631 638 673 devotionem
673 648 694 673 a
729 638 908 688 paterne
943 632 1186 674 dilectionis
1221 634 1359 687 gratia
1393 648 1475 674 non
1511 634 1728 675 excludat.
1799 635 1887 675 lle(-
1923 635 2041 676 salva
2076 638 2216 690 gratia
2241 653 2357 678 sere-

160 702 324 742 nissimi
371 702 506 757 patris
550 704 679 743 nostri
721 702 849 743 scribi
892 703 1071 744 fecimus
1107 717 1190 743 non
1227 703 1266 743 in
1309 702 1481 743 modum
1516 704 1782 758 querimonic
1818 711 1859 745 et
1893 705 2095 759 querele,
2140 706 2214 746 sod
2250 708 2357 747 reei-

161 771 289 812 tando
323 785 376 813 ea
407 772 558 813 leviter
590 776 633 813 et
664 771 716 813 de
750 771 897 826 plano:
944 776 1143 825 rogantes
1177 772 1465 813 attentissime
1500 779 1541 812 et
1585 779 1810 814 monentes
1844 773 2117 827 prudentiam
2154 781 2270 815 tuam
2307 776 2357 816 ‹le

162 854 247 896 qua
278 839 563 881 indubitatam
598 840 797 881 fiduciam
832 840 1091 892 obtinemus,
1126 841 1239 896 quod
1273 846 1316 882 tu
1352 846 1395 882 et
1428 842 1498 882 alii
1535 843 1763 897 principes.
1798 857 1891 883 cuni
1920 843 2145 897 imperium
2171 845 2358 885 maxime

163 910 373 950 consistat
404 910 446 950 in
469 910 609 956 vobis,
643 909 753 951 detis
787 909 1012 951 consilium
1048 916 1324 965 oportunum,
1359 911 1543 966 qualiter
1578 912 1803 967 imperium
1838 919 1880 952 et
1913 911 2071 952 subditi
2109 913 2286 967 imperio
2320 914 2358 954 in

161 979 472 1034 tranquillitate
517 983 560 1020 et
592 993 697 1034 pace
732 983 1033 1035 permaneant.
1076 985 1118 1021 et
1151 979 1265 1035 quod
1297 980 1596 1022 serenissimus
1630 986 1751 1036 pater
1790 985 1935 1022 noster
1980 987 2022 1022 et
2055 989 2155 1021 nosc
2189 983 2248 1022 sic
2284 998 2360 1022 nos

160 1047 213 1088 ad
245 1048 430 1090 invicem
460 1048 709 1098 habeamus,
743 1047 855 1103 quod
879 1062 964 1089 non
989 1049 1127 1089 solum
1152 1049 1231 1104 ipsi
1257 1055 1299 1090 et
1322 1049 1456 1099 vobis,
1490 1050 1566 1091 sed
1592 1051 1722 1091 etiam
1748 1050 1945 1091 omnibus
1974 1050 2155 1091 subditis
2181 1051 2358 1106 imperio

160 1116 286 1158 cedat
308 1117 361 1158 ad
384 1117 654 1159 commodum
679 1122 721 1159 et
750 1118 972 1163 honorem,
1005 1122 1048 1159 et
1078 1118 1328 1173 supplicetis
1353 1118 1493 1160 eidem
1523 1133 1605 1160 una
1631 1119 1852 1160 nobiscum
1878 1120 2096 1160 humiliter
2120 1125 2162 1160 et
2186 1119 2358 1161 devote.

160 1186 271 1242 quod
310 1187 516 1228 honorem
550 1191 762 1232 nostrum,
807 1202 934 1243 quem
974 1188 1027 1230 de
1060 1189 1200 1243 gratia
1235 1188 1316 1230 Dei
1349 1190 1656 1244 omnipotentis
1691 1196 1731 1230 et
1765 1204 1843 1230 sua
1887 1189 2046 1230 habere
2081 1189 2358 1242 dinus-einum,

162 1255 203 1296 in
245 1256 360 1297 nullo
398 1256 609 1298 diminuat
647 1257 715 1298 vel
757 1258 964 1299 immutet.
1034 1257 1164 1298 Novit
1206 1271 1306 1299 vero
1353 1258 1423 1299 ille
1466 1259 1537 1312 qui
1586 1258 1687 1299 nihil
1741 1259 1905 1313 ignorat
1950 1265 1991 1299 et
2032 1259 2102 1313 qui
2148 1265 2359 1300 scrutator

161 1324 352 1366 cordium
387 1330 451 1366 est
483 1329 526 1366 et
558 1326 784 1368 renum‘ffl.
818 1332 1030 1368 noverunt
1062 1332 1103 1367 et
1127 1327 1400 1369 Allamannie
1434 1328 1651 1383 principes
1685 1329 1886 1379 universi,
1921 1328 2168 1383 specialiter
2202 1329 2262 1369 illi
2289 1331 2357 1383 qui

160 1394 202 1434 in
234 1398 380 1436 nostro
423 1395 556 1437 latere
591 1401 689 1437 sunt
730 1396 992 1450 frequenter,
1037 1395 1148 1451 quod
1190 1402 1417 1452 postquam
1453 1412 1477 1438 a
1509 1402 1660 1439 tenera
1693 1397 1808 1439 etate
1844 1398 2102 1439 recessimus
2138 1396 2212 1453 [etl
2248 1399 2360 1439 inter

158 1463 319 1504 bonum
351 1467 394 1505 et
425 1464 598 1516 malum,
632 1478 789 1520 equum
821 1470 863 1506 et
895 1466 1103 1520 iniquum,
1137 1466 1297 1507 iustum
1321 1471 1363 1507 ct
1394 1467 1614 1518 iniustum,
1649 1467 1875 1509 honestum
1900 1472 1942 1507 ct
1966 1467 2105 1507 minus
2130 1467 2359 1509 honestum

159 1532 407 1575 discernere
439 1537 701 1589 poteramus,
736 1548 953 1590 nunquam
987 1534 1148 1590 aliquid
1182 1549 1330 1577 eorum
1364 1536 1546 1577 fecimus
1580 1552 1635 1578 ex
1669 1541 1786 1578 certa
1819 1537 2001 1578 scientia
2035 1536 2101 1577 vel
2135 1537 2358 1577 exanimo

160 1616 242 1658 que
275 1602 484 1644 deberent
516 1607 696 1659 paterno
730 1604 903 1645 affectui
936 1603 1168 1660 displicere
1202 1610 1276 1646 aut
1310 1606 1440 1647 etiam
1474 1620 1556 1661 que
1581 1606 1800 1647 offendere
1836 1610 2014 1661 possent
2039 1605 2356 1660 imperatoriam

158 1671 447 1714 maiestatem.

302 1740 463 1782 Datum
497 1741 612 1797 apud
645 1740 924 1797 Ezzelingen,
958 1742 1033 1783 iv,
1068 1742 1175 1784 Non.
1211 1744 1492 1798 Septembris.

847 2123 989 2191 323.
1048 2119 1668 2192 SENTENTLA

305 2233 448 2305 DE
501 2235 1012 2308 TERMINO
1070 2235 1806 2308 REOEPTIONIS
1859 2235 2214 2307 FEUDl.

1084 2361 1226 2408 1234.
1267 2360 1371 2408 Oct.
1401 2363 1446 2408 6.

303 2505 432 2547 Dedit
470 2519 521 2547 0:15
561 2507 819 2560 atttoqrapho
861 2507 1063 2549 tabularii
1099 2506 1359 2556 Parmensis,
1402 2506 1525 2547 Attea·
1558 2505 1748 2554 tc›·.1&d‚
1790 2505 1856 2546 σἰιί
1886 2505 2088 2557 appendet
2120 2506 2210 2546 lora
2243 2520 2362 2546 mem-

160 2574 367 2616 branacea
406 2575 592 2628 sigyillum
632 2576 791 2629 rcyc‘szom
840 2577 1017 2626 laesam,
1064 2577 1129 2617 vir
1170 2576 1218 2617 cl.
1250 2575 1416 2617 Paulas
1458 2574 1698 2623 Schwce'zcm
1745 2574 1818 2626 qm·
1857 2588 1947 2614 cam
1992 2574 2121 2615 edidit
2171 2576 2214 2614 in
2258 2575 2363 2616 libro

162 2643 515 2687 ‘Ut-kundenbuch
536 2645 608 2687 der
630 2645 754 2688 Stadt
775 2646 865 2686 und
885 2645 1148 2697 Lcmdsckaft
1168 2644 1338 2687 Zariclc’
1361 2644 1397 2694 I,
1418 2658 1484 2686 nr.
1504 2646 1598 2684 494.
1624 2667 1678 2672 —-
1700 2642 2146 2686 Huillard-Brelcolcos
2169 2645 2198 2684 I
2207 2643 2248 2693 V,
2264 2646 2360 2686 692.

161 2713 354 2764 Bblmwr,
385 2713 487 2767 Rey.
519 2714 617 2767 inq).
649 2714 694 2765 V,
715 2715 842 2758 4355.
2011 2712 2080 2765 (P.
2105 2716 2222 2762 304.)

305 2828 360 2870 H.
393 2828 478 2871 Dei
509 2830 650 2885 gratia
680 2830 973 2872 Romanorum
1013 2845 1090 2872 rex
1131 2835 1174 2871 et
1214 2844 1385 2885 semper
1423 2834 1632 2885 augustus
1666 2829 1879 2870 universis
1912 2832 2157 2883 presentem
2191 2828 2358 2869 literam

162 2896 318 2938 visuris
365 2898 550 2952 gratiam
593 2912 715 2940 suam
759 2903 802 2940 et
844 2913 969 2941 omne
1016 2899 1188 2940 bonum.
1308 2898 1476 2940 Tenere
1522 2897 1787 2953 presentium
1836 2901 1983 2938 notum
2024 2911 2121 2938 esse
2164 2898 2359 2939 volumus

162 2965 395 3019 universis,
437 2967 550 3022 quod
591 2968 643 3009 ad
684 2968 1008 3024 requisitionem
1043 2967 1200 3010 dilecte
1235 2967 1441 3024 principis
1474 2971 1620 3008 nostre
1653 2966 1916 3008 venerabilis
1951 2966 2171 3008 abbatisse
2204 2966 2357 3007 Thuri-

163 3035 304 3076 censis
337 3036 436 3078 talis
469 3051 611 3079 coram
644 3038 878 3080 serenitate
910 3041 1057 3079 nostra
1089 3037 1178 3078 lata
1210 3041 1275 3079 est
1314 3037 1527 3078 sententia
1559 3040 1602 3077 et
1634 3051 1659 3077 a
1700 3036 1967 3091 principibus
2001 3049 2051 3076 ac
2084 3036 2356 3090 magnatibus

164 3103 333 3160 imperii
371 3106 632 3161 approbata:
675 3107 787 3162 quod
827 3108 1085 3162 quicumque
1126 3106 1304 3148 feudum
1337 3120 1461 3147 suum
1496 3121 1520 3146 a
1551 3106 1722 3146 domino
1762 3105 1878 3146 feudi
1912 3105 2001 3145 sive
2034 3104 2272 3146 teudatario
2306 3106 2357 3146 ad

165 3187 322 3214 annum
356 3178 399 3216 et
429 3174 541 3216 diem
573 3177 768 3232 recipere
802 3177 870 3218 vel
903 3176 1123 3231 requirere
1157 3176 1422 3231 neglexerit,
1465 3189 1517 3216 ex
1553 3180 1653 3215 tunc
1696 3173 1871 3215 feudum
1904 3172 1955 3213 ad
1990 3172 2209 3214 dominum
2241 3175 2357 3215 feudi

164 3246 415 3295 revertetur,
449 3248 491 3286 et
522 3244 576 3287 de
607 3245 702 3301 ipso
736 3245 896 3287 habeat
926 3245 1146 3286 licentiam
1180 3249 1222 3285 et
1254 3244 1433 3285 liberam
1466 3244 1718 3284 facultatem
1741 3242 1965 3283 ordinandi
1988 3242 2076 3282 sive
2101 3241 2355 3297 disponendi

165 3325 240 3366 pro
274 3326 350 3354 sue
390 3313 564 3355 arbitrio
596 3315 838 3356 voluntatis.
898 3313 958 3354 Ut
990 3318 1134 3355 autem
1167 3328 1296 3369 super
1335 3313 1580 3354 huiusmodi
1614 3311 1830 3353 sententia
1861 3311 1980 3351 nulla
2011 3309 2225 3351 dubitacio
2259 3312 2357 3352 oriri

166 3382 310 3436 possit,
342 3386 590 3437 presentem
623 3383 820 3424 zedulam
854 3383 994 3438 sigillo
1028 3387 1176 3423 nostre
1210 3382 1448 3423 maiestatis
1481 3381 1664 3422 fecimus
1696 3379 1901 3420 roborari.

307 3450 469 3492 Datum
501 3452 614 3507 apud
645 3452 905 3508 Hagenoue,
938 3451 1075 3507 pridie
1107 3451 1216 3492 Non.
1252 3450 1441 3501 Octobr„
1475 3449 1620 3490 indict.
1643 3447 1793 3489 VIII».

301 3552 389 3590 322.
423 3554 454 3597 ⁰)
480 3567 540 3589 vos
565 3556 616 3589 ed.
734 3555 767 3598 d)
793 3567 906 3589 rerum
930 3556 981 3589 ed.

304 3633 338 3690 1)
367 3633 420 3677 Cf.
449 3634 511 3669 Ps.
531 3640 560 3678 7,
578 3639 632 3669 10.

305 3788 353 3812 u..
379 3789 661 3813 εοΝεΤιτυτιοΝεε
686 3790 718 3813 11.
2041 3772 2085 3806 55
