2558 3970
90 933 123 956 10

90 1622 124 1648 20

89 1968 121 1994 25

89 2314 122 2338 30

93 3354 126 3379 45

100 3712 133 3739 5⁰

402 174 646 210 FRIDERICI
675 176 716 210 ΙΙ.
745 176 1021 210 CONCORDIA
1052 176 1204 209 FACTA
1233 176 1329 210 CUM
1359 176 1539 210 i'mll'l'ss
1565 177 1754 211 ‘'ELANJ.
1811 179 1906 211 1:²23.
1959 177 2020 211 ΧΓ.
2038 178 2114 210 41⁸.
2281 182 2362 217 542.

161 296 261 334 sunt
292 295 417 333 extra
447 290 667 346 Regnum,
711 291 854 331 omnia
884 290 1015 331 feuda
1047 296 1090 331 et
1122 292 1381 345 patrimonia
1416 306 1585 335 eorum.
1626 307 1707 348 qne
1743 294 1851 333 iuste
1886 298 2115 333 t‹.=nuerunt
2149 299 2189 332 et
2224 293 2359 346 possi-

160 361 333 413 derunt,
375 364 608 415 antequam
648 373 805 414 guerra
844 360 1106 415 inciperetur
1140 361 1251 400 inter
1283 360 1502 402 ‹lominum
1540 363 1840 417 imperatorem
1882 367 1923 401 et
1957 361 2114 402 ‹livtnm
2150 362 2362 403 comitem.

162 431 281 471 salvo
313 429 491 471 servitio
523 428 637 484 quod
669 427 768 470 inde
805 428 1010 469 debetur.

303 501 342 539 5.
376 497 531 539 Comes
565 497 696 539 debet
728 498 870 538 iurare
903 496 1074 538 domino
1107 497 1372 552 imperatori,
1405 498 1516 553 quod
1545 500 1577 539 si
1605 514 1680 539 rex
1707 499 2077 539 lerosolimitanus
2103 499 2141 538 in
2167 498 2361 553 proximo

161 567 362 624 passagio
402 567 639 615 transierit,
680 571 723 607 et
763 567 855 621 ipse
901 566 1100 607 transibit
1143 571 1186 605 et
1229 567 1465 607 morabitur
1505 568 1543 607 in
1592 569 1884 608 ultramarinis
1926 568 2117 622 partibus·
2162 582 2238 622 por
2277 574 2362 606 tres

160 650 310 677 annos.
375 635 418 676 Si
452 649 553 677 vero
587 649 664 677 rex
698 648 779 675 non
815 635 1049 682 transierit,
1084 635 1175 690 ipse
1210 649 1355 675 eomes
1391 636 1429 675 in
1466 637 1661 690 proximo
1697 637 1892 687 Augusto
1929 637 2097 677 rem-(let
2132 636 2183 675 ‹h-
2211 635 2360 686 Regno

160 710 204 746 et
236 705 314 746 ibit
345 705 387 745 in
420 703 726 745 Lombardiam
762 708 806 745 et
837 703 890 744 (10
924 703 1184 744 Lombardia
1222 719 1302 744 non
1339 704 1526 748 recedet,
1561 711 1606 744 ut
1631 705 1780 757 Regno
1814 706 2159 761 appropinquar‹¹
2193 705 2361 746 ‹l‹·l·‹·at.

158 775 241 816 nisi
275 788 371 815 cum
404 774 590 815 voluerit
621 773 733 814 ultra
766 787 884 814 mare
918 775 1112 817 transire.
1168 772 1223 813 Et
1255 778 1480 828 postquam
1517 775 1748 815 transierit.
1783 774 1908 814 (lebet
1936 789 2095 814 moram
2121 776 2263 813 sam-re
2289 787 2363 827 per

158 848 246 885 tres
289 857 446 895 annos,
490 842 601 884 infra
633 856 738 897 quos
771 846 858 883 tres
891 855 1043 887 annos,
1077 842 1111 882 si
1145 841 1342 882 dominus
1376 843 1608 896 imperator
1639 843 2002 885 transfretaverit.
2035 858 2191 885 coines,
2226 841 2360 882 done(-

159 913 359 954 dominus
380 913 615 968 imperator
637 912 677 952 in
702 911 896 967 partibus
918 911 1214 952 ultramarinis
1246 911 1388 960 fuerit,
1422 925 1505 951 non
1532 910 1705 952 recedet
1727 911 1818 952 sine
1842 912 2017 966 speciali
2045 911 2241 951 mandato
2266 925 2362 952 sno:

160 987 225 1024 set
244 982 279 1023 si
296 982 568 1036 contingeret
585 980 803 1021 dominum
824 980 1132 1036 imperatorem
1159 980 1330 1031 reverti,
1356 984 1516 1021 extunc
1539 980 1571 1020 si
1592 994 1737 1021 comes
1761 981 2002 1025 revertitur,
2025 985 2146 1020 extra
2166 979 2361 1031 ltvgnnm

159 1051 228 1092 ubi
263 1051 449 1092 voluerit
480 1049 753 1105 permanebit
785 1063 864 1089 nec
891 1049 1088 1104 Regnum
1123 1050 1217 1090 sine
1249 1049 1425 1104 speciali
1457 1049 1660 1090 mandato
1683 1049 1841 1089 domini
1874 1049 2143 1104 imperatoris
2176 1049 2363 1089 intrabit.

304 1121 342 1160 6.
385 1118 542 1161 Comes
590 1118 723 1160 filium
767 1133 890 1160 suum
939 1123 982 1159 et
1022 1119 1156 1159 filium
1201 1118 1387 1160 Renaldi
1429 1118 1482 1159 (10
1524 1118 1692 1158 Aversa
1735 1117 1855 1158 dabit
1899 1118 1936 1158 in
1980 1132 2129 1158 manus
2173 1118 2362 1167 magistri

159 1188 490 1230 Teutonicorum
523 1188 598 1230 tali
633 1192 802 1233 tenore,
835 1187 949 1242 quod
983 1188 1019 1229 si
1054 1188 1164 1229 forte
1189 1202 1334 1229 comcs
1361 1191 1680 1228 sacramentum
1715 1186 1955 1242 predictum
1991 1201 2072 1227 non
2098 1186 2362 1227 observaret.

106 1278 121 1301 ε,
159 1257 314 1298 domus
339 1256 678 1299 Teutonicorum
714 1256 846 1297 filium
882 1256 981 1297 dieti
1015 1257 1186 1298 comitis
1220 1257 1259 1297 in
1294 1257 1491 1298 manibus
1523 1256 1681 1297 domini
1717 1256 1985 1311 imperatoris
2011 1257 2076 1296 vel
2111 1256 2204 1296 eius
2230 1255 2362 1296 nuntii

159 1325 409 1381 assignabit,
444 1331 487 1368 et
521 1326 654 1367 filium
688 1325 875 1367 chaldi
909 1325 961 1367 de
990 1325 1159 1367 Aversa
1190 1326 1387 1367 similiter
1419 1325 1673 1381 assignabit.
1708 1326 1741 1365 si
1777 1325 2000 1366 Ronaldus
2035 1331 2363 1366 sacramentnm.

159 1394 272 1450 quod
305 1395 476 1437 domino
509 1395 759 1450 imperatori
793 1395 935 1446 faciet,
970 1409 1053 1436 non
1088 1400 1295 1438 servaret.

306 1467 344 1507 7.
386 1464 430 1506 Si
474 1478 576 1506 vero
617 1464 775 1519 aliquis
817 1464 1101 1505 vassallorum
1146 1464 1335 1505 iamdicti
1381 1465 1549 1505 comitis
1593 1464 1721 1505 vellet
1763 1465 1821 1505 ire
1864 1479 1956 1505 cum
1992 1480 2060 1505 eo.
2105 1464 2363 1519 quicumque

160 1538 355 1576 remanet
385 1534 481 1575 loco
515 1534 596 1585 sui,
629 1533 822 1575 redditus
855 1537 969 1575 terre
1000 1548 1076 1575 sue
1109 1534 1331 1590 percipiat,
1365 1538 1583 1589 tamquam
1608 1534 1640 1573 si
1666 1537 1777 1574 terre
1802 1533 1998 1574 dominus
2033 1547 2210 1588 presens
2237 1537 2363 1571 esset.

160 1602 217 1644 Et
240 1603 276 1644 si
299 1604 455 1659 aliquis
488 1603 692 1659 ipsorum,
728 1604 798 1659 qui
830 1617 926 1644 cum
950 1603 1105 1646 comite
1130 1608 1242 1655 sunt,
1266 1603 1449 1645 voluerit
1471 1607 1633 1643 cartam
1662 1603 1896 1658 specialem
1921 1603 2164 1644 securitatis
2188 1601 2359 1642 habere.

158 1672 353 1715 dominus
385 1673 620 1729 imperator
654 1673 693 1715 ei
729 1673 824 1714 fieri
856 1673 1002 1716 faciet.

301 1743 340 1784 8.
373 1741 588 1784 Dominus
622 1755 723 1783 vero
756 1742 992 1797 imperator
1023 1742 1155 1784 debet
1187 1743 1290 1784 dare
1325 1743 1469 1784 comiti
1503 1742 1751 1793 Thomasio,
1789 1743 1912 1783 uxori
1938 1742 2031 1783 cius
2056 1746 2099 1782 et
2123 1741 2210 1781 suis
2235 1740 2359 1780 liere-

158 1811 285 1854 dibus
317 1812 639 1867 imperpetuum
672 1811 923 1853 comitatum
945 1811 1106 1853 Molisii
1139 1826 1235 1853 cum
1266 1811 1525 1862 civitatibus,
1559 1811 1761 1863 baroniis,
1796 1811 1934 1852 feudis
1965 1816 2008 1852 et
2042 1824 2135 1850 eum
2162 1808 2359 1850 omnibus

159 1881 446 1937 pertinentiis,
479 1880 653 1922 iustitiis
686 1885 729 1922 et
762 1881 1004 1922 rationibus
1039 1881 1126 1921 suis
1159 1885 1247 1922 tam
1282 1881 1322 1921 in
1356 1880 1556 1921 demanio
1589 1894 1716 1935 quam
1742 1881 1781 1920 in
1816 1880 2007 1924 servitio,
2043 1879 2160 1919 salvo
2184 1877 2359 1918 servitio

161 1951 275 2007 quod
298 1950 396 1992 inde
420 1950 615 2002 debetur,
639 1954 786 2006 preter
809 1950 1037 1992 fortelitias
1061 1954 1309 2000 castrorum,
1335 1964 1442 2005 quas
1467 1950 1560 2005 ipse
1584 1949 1694 1990 dirui
1720 1950 1915 1998 voluerit,
1939 1954 1981 1989 et
2004 1954 2147 2004 preter
2172 1946 2359 1987 Roccam

158 2020 300 2062 Buani
342 2023 528 2072 tantum,
571 2033 697 2075 quam
731 2019 928 2061 dominus
968 2019 1204 2076 imperator
1236 2021 1277 2061 in
1316 2019 1472 2061 manub
1506 2034 1585 2060 sua
1616 2019 1803 2071 tenebit,
1848 2019 1981 2060 donec
2015 2019 2275 2073 imperatorc
2308 2015 2361 2056 ab

157 2089 452 2131 ultramarinis
493 2089 688 2145 partibus
729 2092 985 2131 revertetur.
1047 2089 1201 2132 Dictus
1239 2093 1384 2131 autem
1419 2103 1564 2130 comes
1597 2103 1680 2130 non
1717 2088 1877 2130 serviet
1910 2088 1962 2129 de
1995 2087 2195 2128 demanio
2229 2085 2361 2125 eomi-

157 2162 287 2211 tatus,
319 2158 457 2201 donec
489 2162 617 2201 extra
637 2157 838 2214 Regnum
870 2158 1022 2207 fuerit;
1057 2163 1101 2200 et
1132 2160 1168 2200 si
1200 2159 1355 2214 aliquis
1388 2158 1594 2200 baronum
1629 2158 1858 2199 comitatus
1891 2156 2024 2197 nollet
2047 2154 2185 2196 eidem
2219 2152 2360 2195 comiti

158 2229 380 2270 servitium
412 2229 558 2270 facere
593 2228 704 2270 sicut
737 2227 881 2280 debet,
913 2228 1113 2269 dominus
1146 2228 1382 2284 imperator
1414 2227 1549 2269 debet
1581 2228 1720 2283 ipsum
1756 2240 1911 2282 eogere
1943 2225 1996 2267 ad
2032 2223 2290 2266 faciendum.

303 2300 342 2340 9.
376 2297 586 2340 Concedit
617 2298 746 2339 etiam
779 2297 977 2339 dominus
1002 2298 1241 2353 imperator
1263 2297 1405 2339 eidem
1432 2297 1575 2338 comiti
1600 2301 1643 2338 et
1666 2296 1900 2338 heredibus
1925 2295 2012 2336 suis
2036 2293 2360 2335 iustitiariatum

160 2367 388 2409 comitatus
411 2366 609 2409 eiusdem
633 2381 728 2409 cum
751 2367 949 2408 omnibus
972 2367 1144 2408 iustitiis
1168 2371 1212 2408 et
1233 2366 1475 2408 rationibus
1505 2366 1803 2407 iustitiariatui
1837 2363 2163 2421 pertinentibus.
2197 2365 2360 2416 preter-

159 2450 288 2492 quam
328 2436 380 2478 de
421 2437 657 2479 baronibus
698 2440 742 2478 et
783 2435 991 2478 militibus
1032 2437 1262 2478 comitatus
1295 2436 1443 2491 ipsius,
1509 2435 1590 2482 Qui
1624 2435 1728 2476 licet
1759 2435 1885 2485 velit,
1918 2432 2030 2489 quod
2063 2432 2115 2472 de
2149 2430 2360 2471 omnibus.

159 2519 242 2561 que
275 2505 330 2547 ad
368 2506 641 2548 iustitiariam
681 2505 922 2562 pertinent,
963 2504 1104 2547 eidem
1138 2505 1285 2546 comiti
1317 2503 1609 2559 respondeant
1642 2508 1685 2544 et
1718 2502 1965 2546 intendant,
1999 2507 2143 2542 tamen
2176 2504 2224 2540 ut.
2255 2498 2361 2539 fides

160 2578 204 2615 et
244 2573 438 2627 devotio,
480 2588 608 2630 quam
646 2575 925 2632 imperatorie
964 2574 1188 2617 serenitati
1227 2573 1484 2630 opponendo
1529 2587 1575 2614 se
1617 2572 1811 2628 predicto
1851 2571 1995 2613 comiti
2039 2573 2288 2611 constanter
2319 2572 2361 2607 et

109 2661 123 2683 5
159 2642 338 2685 firmiter
368 2648 664 2695 servaverunt,
696 2644 802 2700 ipsis
824 2643 1032 2700 prodesse
1057 2644 1099 2684 in
1123 2643 1266 2698 aliquo
1289 2642 1500 2693 videatur,
1536 2641 1701 2692 statuit,
1736 2641 1848 2696 quod
1874 2655 1969 2681 cum
1995 2639 2148 2693 aliquis
2172 2638 2359 2693 ipsorum

159 2711 213 2754 de
245 2713 388 2768 aliqua
428 2727 560 2755 causa
599 2713 844 2769 appellatus
884 2713 1036 2765 fuerit,
1077 2726 1154 2769 pro
1187 2727 1272 2768 qua
1311 2712 1536 2762 honorem,
1582 2724 1814 2767 personam
1850 2714 1893 2751 et
1925 2714 2082 2750 terram
2118 2707 2359 2748 ammittere

159 2782 331 2835 debeat,
364 2784 534 2839 questio
568 2798 712 2826 coram
747 2784 904 2826 comite
927 2784 997 2826 vel
1030 2797 1172 2825 coram
1197 2797 1249 2826 eo
1276 2783 1346 2838 qui
1378 2796 1455 2837 pro
1486 2781 1639 2822 comite
1664 2779 1794 2821 fuerit
1815 2779 2059 2829 ventiletur,
2094 2790 2236 2818 comes
2262 2788 2361 2815 vero

159 2852 228 2893 vel
259 2852 345 2906 ille,
376 2852 448 2908 qui
471 2856 659 2895 statutus
692 2854 822 2895 fuerit
842 2854 937 2895 loco
962 2853 1041 2906 sui,
1075 2866 1157 2908 que
1182 2866 1237 2894 ex
1268 2856 1450 2906 utraque
1478 2854 1601 2905 parte
1625 2849 1843 2905 proposita
1875 2847 2035 2888 fuerint
2058 2846 2126 2887 vel
2156 2844 2359 2898 allegata,

159 2921 204 2962 in
234 2922 407 2978 scriptis
445 2922 583 2978 redigi
625 2923 756 2964 faciet
787 2927 832 2965 et
864 2922 1035 2964 domino
1079 2922 1328 2977 imperatori
1360 2920 1430 2962 vel
1470 2920 1562 2961 eius
1596 2918 1710 2960 curie
1754 2916 2034 2972 presentabit,
2098 2913 2228 2954 Curia
2260 2926 2361 2953 vero

160 2989 324 3032 domini
355 2991 643 3048 imperatoris,
674 2992 797 3033 iuxta
829 2991 945 3046 quod
979 2990 1081 3033 ordo
1114 2991 1218 3032 iuris
1250 2989 1451 3046 exegerit
1485 2994 1528 3031 et
1561 2986 1767 3043 expedire
1801 2985 2066 3035 decreverit,
2103 2981 2360 3023 sententiam

160 3060 464 3116 promulgabit.

308 3131 374 3172 10.
405 3128 464 3170 Et
492 3133 540 3170 ut
572 3128 745 3171 donatio
777 3120 912 3186 ipsius
945 3129 1176 3171 comitatus
1215 3128 1339 3169 firma
1371 3132 1414 3169 et
1446 3131 1540 3169 rata
1582 3128 1856 3182 permaneat,
1898 3122 2095 3164 dominus
2129 3121 2360 3175 imperator

160 3197 293 3240 faciet
322 3198 416 3240 fieri
447 3199 562 3241 dicto
595 3199 742 3240 comiti
780 3198 1057 3254 privilegium
1098 3197 1310 3240 bullatum
1352 3196 1472 3238 bulla
1505 3209 1638 3237 aurea
1668 3194 1790 3235 iuxta
1823 3191 2137 3234 ordinationem
2169 3187 2360 3243 magistri

161 3266 312 3309 domus
344 3267 694 3310 Teutonicorum.

311 3340 374 3379 11.
406 3336 558 3379 Faciet
589 3337 719 3379 etiam
742 3336 939 3378 dominus
972 3337 1207 3392 imperator
1228 3335 1398 3378 restitui
1422 3334 1536 3375 dicto
1561 3330 1760 3375 Renaldo
1785 3329 1837 3371 (10
1861 3329 2033 3370 Aversa
2056 3325 2359 3383 patrimonium

162 3419 286 3447 suum
329 3409 373 3448 et
412 3406 554 3448 omnia
584 3420 666 3462 que
708 3407 819 3448 iuste
852 3405 1067 3462 possedit,
1105 3409 1336 3460 antequam
1368 3417 1525 3459 guerra
1557 3401 1832 3456 inciperetur,
1877 3397 1996 3439 salvo
2039 3395 2216 3437 servitio
2250 3393 2360 3449 quod

162 3473 261 3516 inde
293 3474 492 3518 debetur.

311 3546 372 3585 12.
406 3543 464 3585 Et
494 3549 542 3586 ut
573 3545 717 3587 omnia
749 3545 833 3586 ista
864 3557 945 3599 que
978 3542 1094 3584 dicta
1125 3547 1223 3584 sunt
1252 3542 1374 3583 firma
1397 3545 1441 3583 et
1462 3544 1556 3582 rata
1575 3539 1874 3595 permaneant,
1907 3534 2105 3575 dominus
2127 3533 2362 3588 imperator

165 3611 295 3655 debet
332 3613 477 3655 facere
521 3613 732 3669 publicari
771 3614 916 3655 omnia
960 3617 1089 3669 pacta
1131 3625 1273 3653 eoram
1307 3610 1542 3652 baronibus
1576 3612 1619 3649 et
1650 3605 1858 3648 militibus
1892 3603 2110 3645 exercitus
2143 3605 2187 3642 et
2220 3613 2359 3641 coram

303 3703 391 3739 418.
423 3703 456 3747 b)
482 3715 605 3738 manus
630 3715 711 3738 suas
736 3715 763 3737 c.
882 3702 916 3745 e)
941 3703 988 3736 sie
1005 3713 1052 3742 c.;
1075 3713 1188 3736 *norme
1213 3701 1392 3744 legendum
1416 3706 1463 3734 est
1487 3702 1624 3734 eomes?
