2558 3970
216 176 294 213 41ss
659 172 871 206 HEINHICI
899 171 1039 206 REGIS
1067 172 1494 207 CONSTITUTIONES.
1548 174 1643 208 1231.
1693 173 1755 208 Nr.
1773 174 1850 208 301.
1875 175 1952 209 30⁵2.

214 286 451 334 Bazca›·e'ce',
496 286 702 336 Hocleste'st
740 286 972 338 Witrzlmrgl
1002 290 1070 328 535.
1102 290 1170 327 83.
1234 288 1328 339 Ipse
1374 289 1541 330 contuli.
1589 313 1642 317 —
1689 288 2148 332 limum-d-Bre‘lzolles
2187 290 2276 341 III,
2298 290 2393 333 453.

214 354 408 402 B‹·›·h»2‹·2·,
444 354 542 406 Re‘gl.
578 355 671 406 imp.
705 353 748 403 V,
773 356 896 394 4191.
2042 357 2112 410 (P.
2134 360 2253 409 281.)

355 468 408 507 Il.
449 467 529 509 Dei
572 468 715 522 gracia
758 468 1047 509 Romanorum
1090 483 1166 509 rex
1206 473 1249 509 et
1291 483 1464 525 semper
1506 474 1715 524 augustus
1756 470 1990 516 nobilibus,
2031 472 2395 524 ministerialibus,

215 535 473 577 civitatibus.
506 536 687 590 oppidis,
723 537 890 579 castris.
924 536 1036 576 villis
1071 542 1114 577 ct
1148 538 1358 578 universis
1392 538 1558 593 imperii
1591 538 1790 579 fidelibus
1823 539 2013 593 graciam
2049 554 2170 582 suam
2205 545 2248 581 et
2271 555 2396 582 omne

213 603 381 643 bonum.
501 603 655 660 Sepius
700 618 843 645 coram
876 605 1047 646 domino
1083 610 1124 646 et
1166 610 1288 660 patre
1327 611 1472 647 nostro
1507 607 1780 648 serenissimo
1812 607 2104 650 Romanorum
2135 609 2392 664 imperatore

212 678 253 713 et
285 673 408 713 nobis
442 674 761 715 sentencialiter
792 674 1021 715 diffinitum
1054 679 1137 718 est,
1183 674 1294 729 quod
1329 675 1370 715 in
1404 675 1649 716 civitatibus
1683 680 1726 717 et
1757 676 1850 717 aliis
1885 677 2010 727 locis,
2042 676 2114 717 ubi
2146 677 2319 732 propria
2352 680 2395 718 et

211 741 322 781 iusta
354 747 524 782 moneta
559 756 655 783 csse
689 743 938 787 eonswevit,
970 757 1094 784 nemo
1129 747 1364 784 mercatum
1398 743 1570 798 aliquod
1604 744 1746 785 facere
1780 743 1939 785 debeat
1972 758 2066 785 cum
2092 748 2284 799 argento,
2318 743 2394 786 sed

211 823 305 850 eum
340 809 525 850 denariis
561 812 729 865 proprie
765 825 839 852 sue
874 817 1057 852 monete.
1122 811 1349 852 Cambium
1382 812 1495 867 quod
1528 813 1656 867 vulgo
1689 812 1846 853 dicitur
1868 812 2030 854 wehsel
2064 826 2201 867 neque
2227 813 2395 855 institor

210 891 349 932 neque
382 879 488 919 alius
520 879 656 933 quivis
689 885 988 932 mercatorum,
1022 881 1096 922 sed
1121 882 1212 936 ipsc
1236 883 1498 923 monetarius
1522 896 1726 923 exercere
1751 882 1927 924 debebit
1955 883 2024 923 vel
2047 883 2082 923 is
2106 883 2174 924 cui
2196 882 2394 925 dominus

209 947 450 1000 permiserit
483 962 537 988 ex
569 948 844 1003 indulgencia
877 949 1067 1003 speciali.
1131 949 1310 990 Denarii
1342 955 1541 1005 preterea
1564 951 1693 991 unius
1725 955 1893 992 monete
1916 951 1974 992 ita
1996 951 2236 992 manifestis
2260 952 2392 1007 signis

211 1020 252 1055 et
284 1016 530 1069 ymaginum
563 1017 978 1058 dissimilitudinibus
1012 1018 1228 1072 distingwi
1261 1018 1421 1060 debent
1453 1034 1476 1059 a
1510 1018 1695 1060 denariis
1732 1019 1910 1061 alterius
1944 1024 2135 1072 monete,
2168 1023 2215 1061 ut
2248 1020 2393 1061 statim

210 1084 343 1138 prima
379 1084 487 1126 facie
522 1090 564 1126 et
597 1086 686 1126 sine
719 1086 968 1127 difficultate
1003 1087 1145 1141 aliqua
1179 1088 1369 1142 ipsorum
1402 1087 1455 1128 ad
1478 1088 1662 1129 invicem
1686 1088 1894 1130 discrecio
1920 1092 1963 1129 et
1985 1088 2234 1130 differencia
2256 1089 2394 1145 possit

209 1152 369 1193 haberi.
444 1154 509 1193 Ad
549 1154 647 1197 hec,
698 1155 732 1194 si
774 1155 926 1209 aliquis
964 1170 1059 1195 cum
1104 1156 1222 1196 falsis
1265 1156 1450 1197 denariis
1495 1157 1625 1197 fuerit
1669 1156 1988 1212 deprehensus,
2036 1171 2191 1212 penam
2230 1157 2393 1199 falsarii

210 1221 455 1264 sustinebit:
491 1237 570 1263 nec
604 1223 793 1277 proderit
827 1224 877 1267 ei.
912 1224 945 1263 si
979 1223 1104 1273 dicat,
1139 1238 1184 1265 sc
1219 1239 1290 1265 eos
1322 1225 1363 1265 in
1396 1225 1569 1280 publico
1604 1230 1646 1267 et
1679 1226 1893 1266 communi
1924 1226 2015 1266 foro
2048 1226 2279 1281 recepisse,
2312 1227 2394 1267 nisi

209 1303 373 1329 summa
407 1290 513 1331 adeo
546 1291 714 1331 modica
746 1292 874 1333 fuerit
906 1298 952 1332 ut
984 1307 1135 1334 novem
1171 1293 1371 1334 denarios
1405 1308 1489 1334 non
1523 1293 1722 1335 excedat.
1785 1294 1869 1335 Hic
1904 1295 1940 1335 si
1973 1295 2110 1335 eciam
2143 1294 2275 1336 tercio
2298 1309 2393 1336 cum

207 1358 398 1412 predicta
431 1374 596 1400 summa
629 1361 696 1401 vel
728 1361 830 1401 citra
867 1362 1065 1402 inventus
1099 1362 1240 1414 fuerit,
1272 1367 1372 1404 tunc
1404 1363 1558 1417 poterit
1590 1364 1710 1418 quasi
1743 1363 1941 1404 falsarius
1974 1364 2065 1404 sine
2099 1362 2293 1419 predicta
2316 1378 2393 1405 ex-

208 1427 410 1481 cepcione
462 1428 527 1469 vel
579 1430 865 1471 excusacione
910 1430 1100 1471 iudicari.
1178 1431 1273 1472 Hec
1320 1432 1449 1486 igitur
1498 1432 1608 1472 sicut
1651 1431 1762 1473 iuste
1809 1436 1850 1473 et
1899 1432 2164 1473 rationaliter
2212 1431 2395 1473 diffinita

208 1501 317 1536 sunt.
353 1496 430 1537 sub
465 1501 641 1551 optentu
673 1499 817 1553 gracie
850 1503 994 1540 nostre
1028 1500 1335 1541 inviolabiliter
1366 1500 1586 1541 observari
1617 1501 1880 1556 precipimus
1912 1501 1954 1541 in
1987 1500 2184 1542 omnibus
2216 1500 2319 1541 locis
2351 1501 2395 1541 in

208 1564 360 1617 quibus
394 1570 567 1606 moneta
608 1566 813 1622 principis
856 1568 1153 1622 frequentatur
1187 1573 1228 1609 et
1271 1569 1469 1610 habetur.
1531 1568 1600 1610 Ad
1644 1573 1895 1624 perpetuam
1929 1569 2115 1624 denique
2146 1569 2395 1611 firmitatem

207 1632 314 1674 hanc
347 1636 491 1675 nostre
533 1633 803 1676 diffinicionis
837 1636 927 1677 sive
970 1638 1193 1679 sentencie
1227 1643 1269 1679 et
1301 1638 1631 1693 protestacionis
1661 1639 1861 1694 paginam
1894 1638 2024 1693 sigilli
2056 1638 2195 1680 nostri
2226 1651 2390 1694 appen-

208 1702 326 1743 sione
359 1702 537 1744 fecimus
572 1704 838 1745 communiri.

351 1770 492 1812 Huius
526 1773 587 1813 rei
619 1778 752 1815 testes
787 1778 902 1815 sunt:
943 1775 1237 1817 Theodericus
1270 1776 1572 1829 Treuerensis,
1606 1776 1839 1818 Heinricus
1874 1775 2168 1828 Coloniensis,
2210 1775 2393 1818 Sifridus

207 1838 501 1894 Maguntinus,
542 1842 747 1883 Albertus
782 1842 1167 1899 Magdeburgensis
1200 1845 1531 1901 archiepiscopi;
1578 1846 1854 1887 Hermannus
1887 1845 2237 1900 HerbipolensiS,
2283 1845 2392 1887 Ber-

206 1907 346 1948 toldus
388 1909 740 1963 Argentinensis,
790 1912 1019 1954 Heinricus
1053 1914 1411 1964 Wormaciensis,
1466 1913 1648 1955 Sifridus
1694 1913 2024 1970 Ratisponensis
2072 1918 2116 1955 et
2158 1914 2393 1969 imperialis

206 1978 301 2017 aule
345 1979 637 2029 cancellarius,
674 2012 714 2020 ..
750 1981 987 2036 Spirensis„
1034 1981 1180 2024 Siboto
1213 1983 1529 2038 Augustensis,
1578 1983 1809 2024 Bertoldus
1854 1982 2094 2035 Curiensis,
2141 1983 2392 2024 Bonifacius

206 2046 497 2088 Lausanensis
531 2049 743 2104 episcopi:
775 2050 919 2091 Sancti
943 2050 1069 2102 Galli,
1103 2051 1219 2092 Oono
1250 2052 1301 2092 de
1323 2051 1594 2107 Wizenburg
1615 2052 1814 2099 abbates;
1848 2052 1944 2093 laici
1969 2066 2091 2093 vero:
2122 2051 2223 2093 Otto
2246 2051 2390 2093 Mera-

207 2115 293 2155 nie.
341 2115 570 2157 Heinricus
612 2118 867 2171 Brabancie,
912 2154 920 2162 .
953 2153 960 2160 .
993 2119 1295 2176 Lutharingie,
1338 2121 1570 2162 Heinricus
1618 2121 1669 2162 de
1712 2121 1920 2176 Limpurg
1960 2121 2117 2170 duces3
2149 2121 2297 2176 Poppo
2339 2120 2391 2162 de

207 2183 509 2225 Hennenberc.
544 2185 819 2228 Hermannus
853 2188 905 2229 de
938 2189 1196 2244 Hartsburg,
1232 2189 1481 2231 Guntherus
1513 2189 1566 2231 de
1592 2189 1895 2245 Keuernberg,
1928 2189 2135 2231 Albertus
2173 2189 2225 2231 de
2251 2188 2391 2242 Wiea,

207 2251 458 2293 Thidericus
492 2254 544 2295 de
578 2255 807 2302 Honstein,
843 2257 1089 2300 Fridericus
1123 2259 1175 2300 de
1209 2259 1516 2314 Bichelingen,
1549 2259 1783 2300 Heinricus
1816 2258 1868 2300 de
1903 2258 2162 2313 Swarzburg
2194 2258 2390 2306 comites;

207 2318 471 2362 Gunzelinus
505 2323 681 2378 dapifer,
716 2324 941 2367 Ounradus
974 2327 1191 2382 pincerna,
1224 2327 1501 2368 Everhardus
1531 2327 1583 2369 de
1606 2327 1834 2382 Walpurg,
1869 2326 2093 2368 Cunradus
2117 2326 2169 2368 de
2195 2325 2389 2368 Winter-

208 2393 317 2430 stete
351 2391 566 2444 pincerna,
601 2398 642 2432 et
673 2394 746 2434 alii
779 2408 907 2448 quam
939 2396 1097 2450 plures.

350 2458 463 2500 Data
499 2460 783 2503 Wormaoieb.
817 2464 873 2506 H.
907 2464 1059 2506 Kalen.
1096 2465 1210 2509 Maii„
1244 2465 1474 2506 indictione
1509 2470 1672 2520 quarta.

712 2632 814 2676 302.
854 2635 1227 2679 MANDATUM
1260 2636 1452 2678 REGIS
1481 2635 1568 2677 AD
1605 2634 1891 2677 SAXONES.

353 2710 476 2752 Dedit
504 2713 773 2756 Waltenbach
810 2730 860 2756 cat
900 2717 1154 2769 autoyrapho
1192 2717 1393 2758 tabularii
1424 2717 1733 2766 Berolinensis;
1770 2729 1821 2757 coe
1856 2715 1990 2757 codem
2028 2715 2167 2756 minus
2203 2717 2392 2757 accurate

209 2778 352 2820 Ilertel
373 2781 723 2825 ‘Urkzmdenhuck
751 2785 823 2826 cler
845 2784 965 2827 Stadt
987 2786 1256 2839 Illaydcburffl
1280 2789 1336 2826 47
1366 2799 1431 2827 nr.
1450 2787 1517 2828 93.
1549 2811 1598 2815 —
1632 2785 1695 2837 Cf.
1718 2784 2163 2826 Huillard-Bre'holles
2183 2784 2272 2835 III,
2293 2784 2389 2825 455.

208 2847 399 2898 Bijlzmcr,
435 2850 534 2903 Rey.
568 2853 661 2904 imp.
696 2853 741 2902 V,
764 2856 889 2895 4192.
2040 2852 2111 2906 (Ρ-
2133 2854 2251 2906 231)

352 2952 566 2994 Henricus
600 2955 682 2996 Dei
715 2957 859 3010 gracia
882 2957 1174 2999 Romanorum
1208 2973 1285 2999 rex
1319 2972 1490 3012 semper
1521 2961 1729 3012 augustus
1761 2956 1990 3007 nobilibus,
2024 2956 2391 3008 ministerialibus,

209 3021 477 3071 civitatibus,
519 3024 675 3078 opidis,
716 3027 890 3069 eastris,
923 3027 1032 3067 villis
1066 3032 1107 3067 et
1139 3028 1352 3068 universis
1395 3027 1563 3082 imperii
1602 3025 1800 3066 fidelibus
1845 3025 1887 3065 in
1920 3024 2112 3066 Saxonia
2146 3025 2391 3066 constitutis

209 3090 397 3142 graciam
432 3106 551 3132 suam
587 3098 628 3133 et
661 3108 786 3135 omne
819 3095 993 3137 bonum.

353 3158 506 3214 Sepius
541 3175 681 3202 coram
714 3162 884 3204 domino
918 3168 958 3204 ct
983 3168 1102 3219 patre
1127 3168 1271 3204 nostro
1298 3164 1574 3205 serenissimo
1597 3162 1887 3203 Romanorum
1918 3161 2174 3216 imperatore
2198 3166 2241 3203 et
2263 3163 2387 3204 nobis

210 3228 528 3269 sentencialiter
572 3230 797 3272 diffinitum
842 3237 926 3273 est.
970 3233 1083 3287 quod
1123 3233 1164 3273 in
1205 3233 1449 3274 civitatibus
1491 3236 1532 3273 et
1570 3232 1662 3272 aliis
1702 3231 1827 3281 locis,
1869 3230 2153 3285 ubipropria
2197 3235 2239 3272 et
2278 3231 2391 3273 iusta

209 3301 379 3336 moneta
412 3311 506 3338 esse
540 3300 784 3350 consucvit,
818 3315 940 3341 nemo
973 3306 1208 3342 mercatum
1242 3301 1413 3356 aliquod
1447 3302 1588 3342 facere
1621 3299 1779 3340 debeat
1812 3312 1905 3339 cum
1939 3302 2137 3353 argento,
2186 3299 2261 3341 sed
2294 3314 2389 3342 cum

210 3363 394 3405 denariis
426 3368 592 3421 proprie
627 3382 701 3409 sue
735 3375 919 3410 monete.
983 3369 1205 3410 Cambium
1240 3371 1374 3411 eciam
1407 3369 1518 3424 quod
1554 3369 1679 3423 vulgo
1713 3367 1867 3408 dicitur
1891 3367 2021 3407 wcsle
2054 3381 2195 3422 neque
2223 3368 2391 3410 institor

211 3446 347 3486 neque
388 3434 494 3474 alius
537 3437 674 3489 quivis
716 3443 1022 3480 mercatorum.
1067 3438 1139 3479 sed
1181 3439 1273 3494 ipse
1316 3438 1578 3479 monetarius
1618 3449 1820 3478 exercere
1861 3434 2037 3476 debebit
2069 3435 2138 3476 vel
2170 3435 2280 3477 hiisa
2322 3439 2390 3479 cui

211 3501 405 3541 <lominus
438 3505 681 3556 permiserit
715 3520 769 3546 ex
801 3507 1075 3561 indulgencia
1108 3508 1297 3561 speciali.
1361 3507 1538 3547 Denarii
1569 3510 1768 3560 preterea
1801 3503 1924 3544 unius
1956 3506 2126 3544 monete
2160 3510 2219 3550 ita
2251 3511 2388 3550 mani-

347 3615 432 3649 301.
466 3623 496 3656 ³)
526 3616 608 3650 n'1c.
707 3620 736 3652 ὴ)
763 3625 865 3652 worff]
895 3633 920 3653 c.

347 3683 432 3719 302.
467 3691 498 3726 ³)
525 3687 571 3719 sic
589 3699 657 3729 pro
683 3689 711 3720 is
736 3700 782 3720 or.

2448 624 2463 649 5

2431 967 2463 992 10

2433 1309 2463 1334 15

2428 1658 2462 1683 20

2430 2005 2462 2032 25

2432 2350 2466 2375 30

2427 2804 2459 2830 35

2427 3184 2459 3210 40

2425 3533 2457 3560 45
