2558 3970
111 898 143 923 10

109 1240 141 1266 15

722 144 962 180 FRIDERICI
988 146 1030 180 11.
1058 145 1488 182 CONSTITU'I‘IONES.
1542 148 1637 183 1240.
1689 149 1844 185 Nr.‘2‘.>3.
2302 156 2381 196 307

181 259 310 314 longe
343 259 515 314 lateque
548 260 841 314 potentialiter
873 261 1188 315 premiuemuS,
1231 264 1521 304 necessarium
1559 264 1750 306 videmus
1784 271 1826 306 et
1860 267 1978 309 utile.
2013 267 2166 321 dignas
2201 270 2381 309 consilio

180 331 328 370 nostro
360 331 403 369 et
435 329 549 369 circa
580 328 832 384 principalis
864 330 962 370 aule
995 330 1214 384 fastigium
1239 332 1420 372 nutritas
1445 339 1487 373 et
1511 338 1595 373 tam
1621 333 1702 374 fide
1727 348 1852 389 quam
1878 350 2007 390 opere
2031 336 2154 377 nobis
2178 344 2381 392 expertas

180 395 377 439 ordinare
420 411 653 452 personas,
697 411 802 453 quas
846 398 887 438 in
930 403 1096 453 partem
1144 399 1427 442 solicitudinis
1468 408 1671 443 evocatas
1716 403 1834 444 zelus
1879 404 2052 445 lionoris
2094 407 2227 446 nostri
2270 407 2381 447 iuste

182 470 466 516 commoveat,
498 465 716 507 decretam
750 466 831 507 sibi
865 466 1127 521 provinciam
1162 468 1340 522 provide
1376 483 1526 523 regere
1561 474 1604 511 et
1636 473 1899 524 generaliter
1922 474 2111 514 omnium
2135 488 2184 515 ac
2209 475 2378 530 specia-

179 534 278 576 liter
323 535 590 590 singulorum
633 535 794 577 salubri
842 539 886 576 et
925 535 1070 590 quieto
1111 536 1242 577 statui
1289 537 1533 592 providere.
1582 539 1736 593 quibus
1781 555 1885 595 paee
1925 556 1973 581 ae
2018 543 2179 583 iustitia
2222 544 2380 598 previis

178 604 398 659 presentia
439 608 587 645 nostra
629 607 900 660 compareat,
942 608 988 645 ut
1029 605 1089 645 sic
1133 605 1185 646 ad
1227 606 1567 648 conservandum
1609 609 1910 650 universorum
1954 610 2045 652 iura
2078 625 2189 666 equa
2222 613 2383 666 pariter

177 671 474 714 moderatione
507 673 786 728 prospiciant,
820 674 935 729 quod
969 689 1045 716 nos
1078 675 1132 716 ad
1165 689 1315 717 omnes
1349 677 1535 718 cultores
1560 679 1663 719 iuris
1696 684 1737 719 et
1760 685 1974 720 amatores
2003 682 2217 736 tranquilli
2242 687 2379 722 status

177 746 423 783 nostrorum
457 741 648 783 fidelium
671 742 974 785 universaliter
1005 749 1320 799 representent.
1375 745 1469 786 Hac
1495 747 1625 800 igitur
1650 748 1993 789 consideratione
2018 748 2135 789 ducti
2160 751 2379 805 precipua.

179 824 264 867 qua
295 810 392 852 diva
433 824 554 853 mens
595 815 740 852 nostra
782 811 954 853 utilitati
994 812 1283 854 subiectarum
1318 814 1442 855 nobis
1474 816 1668 869 gentium
1702 817 1770 871 pie
1804 818 2002 872 iusteque
2037 819 2286 872 pervigilat.
2329 819 2381 859 de

178 880 397 936 probitate
437 894 487 922 ac
524 879 732 922 fidelitate
767 881 964 923 Pandulfi
1009 881 1062 924 de
1096 882 1337 924 Faxanella
1379 884 1570 938 proceris
1611 885 1709 925 aule
1753 891 1918 936 nostre,
1964 885 2104 926 fidelis
2137 888 2287 930 nostri.
2327 888 2380 928 ab

177 953 356 1005 experto
390 949 556 1001 confisi,
593 948 919 992 devotissimam
958 956 1002 992 et
1043 950 1246 993 dilectam
1290 951 1415 993 nobis
1450 957 1492 993 ct
1531 953 1710 1008 imperio
1743 958 1890 994 nostro
1925 955 2191 1010 provinciam
2225 957 2380 997 'l'uscie

177 1017 256 1060 sub
287 1018 378 1060 eius
403 1019 632 1074 capitanea
654 1018 855 1060 duximus
878 1019 1211 1068 decernendam,
1244 1021 1384 1076 ipsum
1407 1025 1598 1062 vestrum
1621 1023 1808 1063 omnium
1833 1024 2080 1077 generalem
2107 1024 2379 1079 capitaneum

176 1091 434 1130 statuentes.
496 1087 575 1129 Oui
608 1087 804 1129 dedimus
838 1093 1115 1144 potestatem,
1148 1093 1195 1130 ut
1227 1104 1379 1145 pacem
1414 1091 1455 1130 in
1491 1089 1644 1131 eadem
1678 1092 1897 1146 provincia
1930 1092 2179 1147 specialiter
2210 1092 2383 1133 studeat

176 1169 406 1212 procurare
452 1161 496 1198 et
533 1155 587 1198 ad
628 1157 927 1198 concilianda²
959 1163 1002 1198 ct
1034 1157 1333 1200 conservanda
1365 1159 1510 1200 omnia
1553 1164 1700 1200 nostra
1734 1164 1777 1201 et
1810 1161 1974 1216 imperii
2010 1162 2103 1202 iura
2136 1162 2252 1202 illam
2286 1162 2382 1203 dili-

178 1225 366 1281 gentiam
399 1225 603 1267 adhibeat
635 1230 679 1268 et
711 1226 934 1278 affectum,
972 1240 1099 1281 quem
1131 1226 1184 1267 ad
1217 1227 1449 1269 fovendum
1482 1232 1723 1269 nostrorum
1758 1229 1851 1269 iura
1883 1228 2073 1270 fidelium
2108 1230 2305 1271 volumus
2341 1238 2383 1271 et

173 1295 436 1350 precipimus
479 1295 571 1337 sine
615 1309 897 1350 personarum
947 1296 1199 1351 acceptione
1246 1295 1432 1338 fideliter
1472 1296 1688 1340 exhiberi:
1737 1298 1958 1342 ecclesiis,
2007 1299 2110 1340 locis
2152 1300 2381 1354 religiosis,

174 1363 363 1421 pupillis,
398 1363 551 1412 viduis,
585 1363 805 1420 orphanis,
838 1364 1076 1406 maioribus
1102 1370 1145 1406 et
1168 1366 1418 1415 minoribus,
1443 1366 1700 1409 sublimibus
1725 1372 1768 1407 et
1792 1367 2024 1408 humilibus
2048 1374 2090 1408 ct
2114 1369 2381 1423 quibuslibet

176 1433 486 1489 cuiuscumque
520 1433 778 1475 conditionis
811 1433 1017 1475 iustitiam
1050 1434 1298 1489 petentibus
1331 1435 1537 1476 iustitiam
1573 1436 1794 1489 largiatur,
1828 1450 1938 1491 equo
1973 1436 2128 1477 iudicio
2161 1439 2383 1480 terminari

176 1501 341 1544 faciens
383 1503 646 1558 questiones.
707 1502 916 1544 Preterea
955 1503 1035 1544 sibi
1077 1504 1371 1545 concessimus
1410 1523 1551 1545 merum
1585 1511 1781 1557 imperium
1815 1515 1850 1545 et
1883 1512 1999 1556 gladii
2033 1515 2272 1557 pots-statem.
2337 1513 2376 1547 Et

176 1581 219 1613 ut
248 1577 287 1612 in
328 1577 558 1614 facinorosos
590 1578 890 1614 animadvertere
924 1579 1086 1621 valeat,
1131 1574 1395 1628 provinciam
1430 1574 1568 1629 ipsam
1603 1580 1681 1615 vice
1713 1583 1842 1615 nostra
1871 1581 2083 1626 purgando,
2124 1582 2382 1617 malefactores

172 1646 354 1693 inquirat
393 1650 431 1684 et
473 1648 623 1694 puniat
652 1647 872 1692 inquisitos,
912 1649 950 1682 et
989 1647 1205 1692 specialiter
1242 1659 1305 1683 eos
1343 1648 1408 1693 qui
1440 1651 1579 1683 stratas
1611 1652 1649 1684 et
1682 1645 1844 1685 itine1·a¹¹
1877 1650 2027 1695 publica
2058 1662 2149 1685 ausu
2183 1652 2381 1687 temerario

173 1716 314 1752 violare
346 1720 578 1763 presumunt.
630 1716 852 1752 Criminales
885 1716 999 1752 etiam
1022 1716 1239 1761 quest-iones
1262 1717 1416 1752 audiat
1447 1720 1485 1753 et
1509 1718 1648 1761 civiles
1681 1730 1838 1763 quarum
1862 1719 2040 1765 cognitio,
2075 1719 2103 1754 si
2127 1732 2193 1754 nos
2216 1733 2378 1755 essemus

121 1816 126 1822 .
172 1788 382 1831 presentes,
422 1786 469 1820 ad
510 1788 681 1821 nostrum
718 1786 898 1821 iudicium
937 1786 1156 1831 pertineret.
1219 1786 1408 1822 Liberales
1451 1799 1600 1832 quoque
1633 1788 1782 1823 audiat
1813 1791 1852 1824 et
1883 1789 2122 1823 determinet
2153 1790 2379 1833 questiones.

106 1931 138 1958 25

106 2276 140 2302 30

108 2622 141 2648 ³5

108 3343 142 3369 45

172 1854 394 1900 Imponendi
432 1849 563 1891 etiam
600 1855 726 1890 banna
771 1857 809 1890 et
850 1855 1027 1898 mulctas,
1076 1855 1138 1889 ubi
1180 1855 1404 1900 expedierit,
1453 1856 1721 1891 auctoritatem
1763 1850 1844 1892 sibi
1885 1857 2093 1902 plenariam
2134 1859 2379 1904 impertimur.

174 1924 335 1963 Decreta
366 1925 496 1970 utique
528 1925 777 1970 interponat,
809 1936 881 1970 que
913 1936 1025 1970 super
1057 1924 1313 1960 transactione
1335 1925 1612 1968 alimentorum,
1644 1926 1874 1961 alienatione
1899 1927 2236 1963 ecclesiasticarum
2261 1941 2382 1964 rerum

173 1995 212 2029 et
251 1994 367 2030 etiam
405 1994 592 2030 minorum
632 1994 862 2030 secundumc
893 1993 1080 2029 iustitiam
1116 1994 1307 2039 interponi
1349 1988 1569 2040 petunturd.
1632 1995 1790 2030 Tutores
1825 1995 1939 2031 etiam
1979 2000 2017 2031 et
2049 2000 2239 2032 curatores
2271 1998 2383 2032 dandi

173 2063 405 2108 quibuslibet
437 2058 519 2099 Sibi
551 2063 789 2099 concedimus
820 2064 1062 2108 potestatem,
1096 2065 1134 2098 et
1166 2065 1208 2098 ut
1238 2058 1279 2098 in
1311 2063 1518 2099 minoribus
1550 2066 1587 2100 et
1619 2065 1842 2108 maioribus,
1876 2065 2010 2110 quibus
2043 2067 2270 2102 universalia
2302 2067 2383 2102 iura

173 2135 411 2176 succurrunt,
449 2144 561 2168 causa
598 2133 752 2179 cognita
782 2132 1035 2168 restitutionis
1074 2132 1112 2167 in
1150 2132 1340 2178 integrum
1371 2133 1593 2168 beneficium
1625 2135 1772 2169 valeat
1805 2134 2002 2179 impertiri.
2063 2135 2118 2170 Ad
2152 2136 2382 2171 audientiam

175 2210 297 2238 suam
337 2204 416 2237 tam
453 2197 496 2237 in
542 2202 798 2237 criminalibus
836 2214 950 2247 quam
993 2197 1035 2237 in
1077 2202 1250 2237 civilibus
1292 2202 1413 2237 causis
1453 2203 1729 2248 appellationes
1775 2203 1927 2238 deferri
1970 2204 2156 2247 volumus,
2201 2217 2293 2249 quas
2335 2205 2382 2239 ab

175 2271 375 2307 sententiis
405 2271 679 2308 ordinariorum
710 2271 876 2307 iudicum
907 2274 945 2307 et
976 2283 1104 2307 eorum
1135 2271 1318 2315 omnium,
1351 2272 1416 2316 qui
1447 2271 1745 2308 iurisdictionem
1777 2273 1824 2307 ab
1857 2273 2014 2318 imperio
2047 2274 2148 2309 nacti
2180 2277 2268 2308 sunt
2279 2275 2304 2316 ⁰,
2340 2269 2379 2308 in

173 2334 344 2390 prefata
376 2335 594 2390 provincia
625 2341 828 2387 contigerit
859 2341 1062 2387 interponi,
1094 2343 1137 2376 ut
1167 2343 1295 2377 tamen
1327 2352 1349 2376 a
1380 2341 1571 2377 sententia
1603 2350 1681 2377 sua
1713 2342 1760 2376 ad
1791 2343 2021 2378 audientiam
2055 2343 2173 2379 nostri
2208 2343 2379 2378 culminis

174 2409 296 2456 possit
325 2409 442 2445 libere
473 2410 682 2455 provocari,
715 2410 789 2445 nisi
820 2411 879 2446 vel
910 2410 1075 2455 qualitas
1108 2422 1218 2446 cause
1251 2411 1309 2446 vel
1342 2411 1644 2456 appellationum
1676 2422 1851 2446 numerus
1883 2412 2152 2457 appellationis
2175 2412 2381 2446 subsidium

174 2478 364 2514 adimant
400 2479 621 2524 appellanti.
741 2473 1013 2529 Quapropter
1055 2474 1327 2514 universitati
1361 2479 1506 2515 vestre
1546 2474 1726 2515 firmiter
1768 2480 1811 2515 et
1851 2474 2044 2516 districtc
2086 2475 2165 2515 sul)
2197 2475 2377 2516 obtentu

175 2542 315 2597 gratie
361 2547 507 2584 nostre
555 2543 834 2598 precipiendo
876 2542 1153 2595 mandamus,
1199 2547 1412 2598 quatenus
1460 2542 1654 2598 predicto
1693 2543 1906 2584 Pandulfo
1956 2543 2008 2584 de
2048 2543 2288 2584 Faxanella
2327 2543 2379 2584 ad

177 2610 406 2652 fovendam
430 2625 582 2667 pacem
606 2616 649 2653 et
670 2612 1037 2654 manutenendam
1059 2612 1268 2653 iustitiam
1292 2616 1335 2653 et
1358 2612 1686 2653 malefactorum
1717 2613 1981 2667 proterviam
2006 2612 2378 2667 compescendam,

174 2693 252 2736 pro
285 2681 611 2738 conservatione
645 2695 815 2737 quoque
848 2685 1093 2723 nostrorum
1127 2686 1170 2722 et
1200 2681 1370 2736 imperii
1403 2681 1559 2722 iurium
1592 2685 1635 2722 et
1667 2680 1720 2722 ad
1752 2681 1896 2722 omnia
1929 2695 2011 2736 que
2046 2680 2238 2736 predicta
2262 2687 2377 2728 sunt,

174 2752 380 2805 tanquam
419 2751 613 2804 generali
652 2752 880 2807 capitaneo
914 2755 1058 2792 vestro
1099 2750 1153 2791 ad
1193 2754 1341 2791 nostre
1381 2750 1619 2792 maiestatis
1654 2753 1813 2791 statum
1847 2755 1889 2792 et
1923 2750 2129 2791 honorem
2163 2755 2206 2790 et
2238 2749 2375 2791 fideli-

174 2821 308 2859 tatem
338 2823 532 2860 nostram
565 2819 790 2862 intendere
823 2825 866 2861 et
903 2833 1057 2875 parere
1090 2820 1273 2871 curetis,
1315 2818 1563 2869 consilium,
1604 2819 1814 2859 auxilium
1847 2824 1890 2860 et
1921 2819 2112 2860 favorem
2145 2818 2198 2859 ad
2232 2818 2376 2874 requi-

177 2887 376 2928 sitionem
421 2902 542 2928 suam
582 2889 665 2930 sibi
707 2889 781 2930 ubi
822 2889 1067 2945 expedierit
1112 2888 1369 2943 impensuri,
1418 2893 1465 2928 ut
1509 2887 1704 2929 eiusdem
1748 2888 1963 2943 capitanic
2005 2887 2192 2928 officium
2235 2887 2377 2928 valeat

176 2955 412 2998 efficaciter
443 2971 672 3007 exercere3
702 2957 955 3000 mandatum
986 2961 1179 2998 nostrum
1210 2957 1357 2998 taliter
1389 2961 1680 3011 exequentes,
1714 2956 1826 3011 quod
1859 2955 1910 2997 ad
1944 2955 2286 3011 promovendum
2319 2955 2370 2995 de

174 3023 286 3067 bono
318 3025 362 3066 in
394 3026 548 3067 melius
579 3030 740 3068 statum
771 3032 967 3069 vestrum
997 3026 1224 3068 intendere
1257 3025 1556 3067 favorabiliter
1589 3030 1825 3066 teneamur.

318 3093 480 3135 Datum
510 3094 626 3150 apud
656 3095 839 3137 Podium
869 3095 1040 3147 Bonici,
1073 3108 1186 3136 anno
1210 3094 1426 3135 dominice
1450 3094 1758 3135 incarnationis
1783 3092 2186 3142 MCCXXXVIIII,
2223 3105 2371 3134 mense

176 3161 380 3214 Ianuarii,
412 3164 540 3205 tertie
574 3164 741 3206 decime
773 3164 1034 3206 indictionis.

313 3277 400 3313 223.
433 3278 465 3322 ⁵)
490 3280 704 3313 concitienda
726 3291 785 3313 seu
809 3280 877 3313 tale
901 3279 984 3322 quid
1007 3279 1081 3312 cod.
1178 3277 1211 3319 b)
1238 3279 1390 3317 carrea-i,-
1415 3279 1531 3311 vineta
1555 3279 1644 3310 male
1667 3289 1694 3310 c.
1790 3278 1821 3319 c)
1847 3278 1874 3309 si
1899 3277 1972 3309 cod.
2068 3274 2099 3315 d)
2125 3277 2284 3320 petierint
2303 3277 2376 3310 cod.

176 3334 208 3378 θ)
231 3341 266 3370 et
288 3337 368 3369 add.
395 3337 466 3370 cod.

2033 3726 2102 3759 39*
