2558 3970
214 177 294 216 312

215 294 256 329 et
290 288 495 328 offensam
530 286 580 327 ad
615 287 680 327 ius
714 290 755 327 et
787 286 1101 339 integritatemt
1135 285 1301 340 imperii
1326 287 1593 325 revocantes.

752 170 987 205 FRIDERICI
1017 170 1060 204 II.
1087 168 1513 204 CONSTITUTIONES.
1563 168 1661 204 1240.
1711 168 1772 203 Nr.
1790 168 1868 202 224.

1695 282 1789 338 (17)
1823 283 1860 323 A
1882 282 2230 324 Viterbiensibus
2254 286 2398 323 autem

214 361 254 397 et
286 356 391 395 locis
425 355 651 395 omnibusu
684 360 759 394 acV
792 354 1035 396 civitatibus
1076 355 1308 395 convicinis
1349 366 1444 394 cum
1484 365 1650 393 summa
1689 351 1913 393 devotione
1953 351 2137 407 recepti,
2182 350 2282 391 dum
2314 351 2400 392 iam

213 424 325 465 hosti
359 428 401 463 et
434 422 677 463 adversario
710 427 899 464 nostram
933 423 1258 464 ostenderemus
1290 422 1526 477 potentiam
1552 434 1574 461 e
1599 420 1754 469 vicino,
1787 421 1936 461 timore
1959 419 2139 460 terribili
2162 419 2262 460 licet
2284 419 2396 460 iusto

214 492 485 547 perterritus.
531 498 660 532 cumw
704 505 781 546 per
814 505 952 532 seram
983 492 1264 546 penitentiam
1304 490 1383 530 sibi
1423 503 1507 529 non
1547 488 1744 530 crederet
1775 502 1900 543 posse
1934 488 2178 538 consulere,
2225 488 2267 528 in
2298 501 2396 542 pro-

213 560 387 600 fundum
429 559 740 615 desperationis
782 568 1004 601 emersusx
1050 574 1098 600 ae
1139 559 1300 600 viribus
1344 558 1528 613 propriis
1569 557 1741 598 omnino
1783 555 1969 606 diffisus,
2009 555 2204 596 Romano
2242 555 2398 610 populo
2452 569 2467 593 5

214 629 425 669 clamante
467 633 658 668 nostrum
707 627 759 668 ad
801 627 960 669 Urbem
1002 632 1224 683 gratanter
1265 639 1508 673 accessum,
1561 626 1780 679 gartiones
1827 624 2034 678 quosdam
2074 623 2319 664 Romanosy
2359 626 2405 664 et

216 697 382 737 vetulas
415 704 605 737 necnonz
639 710 798 751 paucos
832 696 1058 737 admodam
1094 694 1405 736 conductitiosu
1438 693 1624 734 militesb
1657 692 1844 747 profusis
1884 692 2072 734 lacrimis
2106 691 2324 741 exoravit,
2353 694 2401 732 ut

215 771 360 805 contra
394 778 469 805 nos
503 778 673 805 crucem
707 769 989 813 assumerent,
1023 765 1063 805 in
1098 778 1175 805 sua
1205 762 1500 818 predicatione
1533 762 1750 813 mentitus,
1784 761 1898 816 quod
1931 775 2007 802 nos
2040 760 2093 801 ad
2127 761 2400 802 eversionem

217 833 409 874 Romane
443 833 624 874 ecclesie
657 848 704 874 ac
738 834 1015 875 violationem
1050 832 1326 887 reliquiarum
1368 830 1744 871 beatissimorum
1775 830 1894 871 Petri
1926 833 1969 871 et
2001 829 2125 870 Pauli
2167 828 2400 884 precedere

216 902 470 942 nitebamur.

735 974 763 1010 l.

302 1038 393 1091 (¹8)
426 1037 621 1092 Exurgat
662 1039 791 1092 igitur
830 1039 987 1079 invicta
1025 1038 1271 1088 Germania,

217 1107 415 1160 exui-gite
467 1106 611 1160 populi
660 1106 994 1147 Germanorum!
1071 1107 1273 1147 Nostrum

216 1173 335 1214 nobis
375 1173 615 1215 defendatis
656 1175 898 1229 imperium,
943 1190 1018 1230 per
1057 1174 1170 1230 quod
1208 1175 1270 1214 in-

219 1243 371 1282 vidiam
406 1243 591 1283 onmium
626 1244 858 1289 nationum,
894 1243 1151 1298 dignitatum
1181 1257 1271 1284 om-

217 1312 332 1351 nium
367 1316 409 1351 et
431 1312 576 1351 mundi
600 1311 888 1352 monarchiam
913 1312 1128 1359 obtinetis,
1162 1311 1273 1366 quod

218 1380 360 1420 etiam.
386 1384 430 1419 ut
454 1393 475 1419 a
500 1380 621 1420 vobis
646 1384 762 1421 tante
788 1381 1092 1435 magnitudinis
1116 1380 1270 1436 princi-

219 1453 363 1503 patum
397 1462 576 1502 presens
611 1449 793 1490 ecclesie
827 1449 1021 1504 pontifex
1054 1450 1095 1489 in
1119 1462 1271 1504 perpe-

220 1522 337 1556 tuum
372 1515 610 1565 abdicaret,
643 1517 827 1559 Romani
863 1522 1077 1573 sceptrum
1110 1518 1277 1573 imperii

217 1583 388 1638 regibus
423 1585 600 1640 singulis
645 1586 799 1640 optulit
830 1590 872 1626 ct
904 1586 1027 1641 quasi
1060 1587 1276 1642 proprium

218 1653 389 1693 remisit.
437 1653 528 1695 Nec
552 1659 697 1695 tamen
720 1655 780 1695 sic
805 1654 856 1695 ad
881 1668 955 1694 vos
980 1655 1276 1696 transferimus

219 1722 449 1771 sarcinam.
494 1728 539 1763 ut
572 1736 649 1763 nos
682 1724 819 1778 ipsam
850 1738 875 1764 a.
908 1723 1064 1763 nostris
1096 1727 1138 1764 et
1169 1723 1274 1765 fide-

219 1789 320 1830 lium
362 1795 602 1832 nostrorum
642 1792 831 1833 humeris
864 1791 1126 1833 abdicemus.
1187 1792 1276 1833 Nos

220 1859 331 1898 enim
352 1859 422 1912 qui
448 1874 521 1914 pre
543 1861 698 1902 ceteris
718 1860 1097 1916 predecessoribus
1116 1862 1276 1902 nostris

218 1926 423 1967 Romanis
473 1929 694 1970 cesaribus
743 1929 795 1970 ab
840 1930 1019 1985 imperio
1067 1930 1277 1971 beneficia

218 1996 375 2036 maiora
396 1998 679 2052 percepimus,
700 1998 798 2039 dum
819 2013 896 2039 nos
916 2002 958 2039 et
975 1998 1084 2040 filios
1104 2003 1275 2040 nostros

219 2063 356 2105 adhuc
406 2066 603 2107 lactentis
648 2068 772 2108 etatis
824 2070 865 2107 et
911 2066 1099 2107 nondum
1139 2067 1274 2108 ferme

219 2133 405 2187 puberes
457 2135 724 2190 principibus
775 2136 869 2176 aliis
920 2136 1179 2190 pretulistis,
1232 2139 1278 2176 ut

220 2215 391 2242 causam
425 2208 610 2244 nostram
644 2207 686 2245 et
717 2203 848 2245 decus
878 2204 1046 2259 imperii
1069 2208 1278 2257 tueamur,

220 2285 449 2325 personam
480 2277 670 2312 nostram
704 2273 821 2314 vobis
855 2273 1123 2327 exponimus,
1157 2274 1276 2328 regni

220 2339 351 2379 nostri
386 2339 530 2380 Sicilie
565 2346 756 2382 materne
784 2342 1070 2382 successionis
1093 2343 1276 2383 erarium

221 2408 457 2461 aperimus,
493 2408 599 2449 adeo
631 2410 757 2463 quod,
793 2411 827 2451 si
860 2425 935 2465 pro
968 2411 1090 2452 vobis
1124 2416 1167 2452 et
1198 2411 1276 2451 im-

220 2477 335 2530 perio
396 2480 588 2517 nostrum
649 2478 869 2520 effundere
927 2479 1177 2534 sanguinem
1236 2485 1279 2521 et

221 2545 351 2584 vitain
384 2550 601 2599 oporteret
624 2547 882 2602 expendere,
914 2562 990 2603 pro
1015 2549 1278 2589 exaltatione

220 2612 402 2653 Romani
446 2615 628 2655 nominis
670 2621 711 2656 et
744 2615 976 2658 Germanic
1017 2617 1279 2672 principatus

222 2682 326 2721 mori
371 2682 581 2723 credimus
628 2688 879 2725 strennuum
919 2690 963 2726 et
1004 2686 1149 2727 vivere
1191 2686 1280 2739 glo-

223 2764 395 2791 mosum.

309 2818 466 2858 Datum
500 2820 699 2863 Viterbii.
734 2822 855 2862 XVI.
890 2822 1048 2873 Martii,
1081 2822 1183 2863 XII.
1218 2823 1278 2863 in-

223 2887 421 2928 dictione.

359 3001 444 3035 ‘2'24-
478 3005 502 3043 t)
529 3006 837 3047 proprietatem
864 3006 894 3038 2.
921 3004 952 3037 3.

221 3065 251 3099 -V,
292 3060 380 3091 deest
405 3058 434 3091 ’2.
462 3060 492 3092 3.
634 3060 662 3103 z)
701 3066 732 3093 et
758 3062 838 3093 add.
857 3062 888 3094 2.
915 3062 945 3093 3.

224 3123 251 3154 ὓ)
279 3118 504 3158 apostolorum
531 3118 611 3150 add.
630 3118 659 3148 2.
685 3118 716 3150 3.

1069 3004 1103 3047 u)
1129 3005 1220 3037 deest
1244 3004 1274 3036 2.
1301 3004 1332 3037 3.

1086 3062 1117 3101 ὃ)
1148 3062 1370 3094 conductivos
1394 3060 1425 3092 2.
1451 3060 1482 3092 3.

835 3116 867 3159 d)
894 3119 984 3150 XVI.
1012 3136 1052 3140 —
1081 3118 1273 3151 indictionis
1298 3118 1364 3151 cles.
1384 3116 1416 3150 2.

1819 969 1855 1009 2.
1889 968 1926 1008 3.

1430 1035 1525 1090 (18)
1549 1034 1742 1076 Excuset
1764 1036 1895 1091 igitur
1916 1038 2035 1076 recto
2058 1033 2214 1075 iudicio
2237 1033 2403 1089 magni-

1344 1104 1524 1145 ficencia
1569 1104 1687 1158 regia
1729 1109 1888 1146 motum
1927 1106 2140 1154 nostrum,
2186 1102 2239 1143 ad
2277 1116 2405 1157 quem

1345 1186 1423 1213 nos
1471 1171 1707 1212 adversarii
1758 1172 1891 1213 nostri
1945 1171 2191 1225 malignitas
2238 1171 2404 1226 impulit

1344 1243 1386 1281 et
1417 1253 1542 1294 quem
1574 1239 1627 1280 ad
1660 1239 1998 1281 conservandum
2036 1253 2121 1280 non
2153 1240 2289 1294 magis
2320 1240 2399 1280 im-

1344 1309 1452 1364 perii
1493 1323 1619 1363 quam
1664 1309 1854 1349 omnium
1894 1322 2042 1363 regum
2083 1312 2126 1349 et
2165 1308 2405 1363 principum

1344 1381 1457 1417 terre
1489 1376 1620 1417 decus
1652 1377 1822 1418 iusticia
1853 1376 2083 1432 persuasit.
2129 1375 2307 1431 Vosque
2329 1389 2405 1431 pre

1345 1445 1502 1486 ceteris
1538 1445 1649 1486 orbis
1673 1445 1848 1500 regibus
1873 1459 2048 1486 causam
2071 1448 2260 1485 nostram
2283 1447 2403 1485 tanto

1346 1514 1602 1555 fervenciori
1634 1514 1780 1555 favore
1814 1513 1983 1555 debetis
2015 1527 2237 1555 assumere
2262 1516 2404 1554 tanto-

1348 1595 1429 1637 que
1453 1583 1643 1623 securius
1666 1582 1907 1634 confovere,
1941 1585 2099 1637 quanto
2122 1582 2241 1624 velut
2267 1582 2404 1624 tocius

1348 1651 1521 1692 honeris
1555 1655 1598 1692 et
1629 1650 1801 1691 honoris
1833 1651 1964 1692 nostri
1997 1650 2229 1706 participes
2251 1664 2301 1691 ae
2329 1664 2408 1706 per

1348 1733 1426 1760 nos
1474 1719 1528 1760 ad
1576 1720 1753 1760 istarum
1800 1720 1988 1761 omnium
2031 1719 2325 1771 moderamen,
2372 1719 2409 1761 si

1347 1787 1459 1828 bene
1490 1788 1704 1840 recolitis,
1738 1787 2004 1829 confidenter
2035 1787 2247 1844 assumpti
2280 1791 2323 1829 et
2352 1787 2407 1829 ab

1347 1856 1530 1898 adversa
1595 1860 1717 1911 parte
1786 1857 2042 1912 contempti,
2110 1856 2408 1898 innoeenciam

1346 1928 1538 1966 nostram
1571 1929 1614 1967 et
1646 1925 1814 1981 imperii
1845 1925 1982 1966 nostri
2012 1925 2223 1967 iusticiam
2244 1925 2409 1980 puriori

1347 1994 1439 2035 zelo
1473 2008 1523 2035 ac
1555 1994 1776 2035 sinceriori
1807 1994 1986 2049 potestis
2019 1993 2282 2035 conscientia
2305 2007 2406 2034 con-

1321 2098 1324 2101 .
1347 2062 1505 2104 fovere.

1434 2130 1594 2171 Datum
1609 2131 1812 2181 Viterbii,
1842 2130 1985 2172 XVIfl
2009 2129 2166 2181 Martii,
2189 2129 2316 2172 XIII.
2338 2130 2404 2170 in-

1350 2199 1562 2242 dictionis.

1452 3007 1484 3043 v)
1511 3009 1544 3036 et
1569 3003 1599 3036 3.
1718 3004 1758 3044 W)
1784 3008 1896 3036 tamen
1921 3002 1952 3035 2.
2070 3001 2104 3043 x)
2130 3003 2353 3035 immersus
2377 3000 2408 3035 3.

1623 3058 1654 3101 ¹³)
1695 3060 1809 3092 veris
1839 3065 1982 3102 preter
2015 3059 2197 3092 solitum
2221 3058 2354 3092 add.2.
2378 3057 2410 3092 3.

2438 909 2471 934 10

2438 1251 2470 1276 15

2441 1593 2474 1618 20

2444 1935 2476 1960 25

2443 2281 2477 2307 30

2445 2622 2531 2657 ειε»Ἰ

2443 2995 2534 3034 4ο’
