2558 3970
72 922 104 947 10

70 1274 101 1299 15

67 1895 101 1922 20

69 2383 100 2410 25

70 2775 103 2801 30

72 3119 104 3146 ³5

656 173 894 208 FRIDERICI
923 174 969 208 11.
995 173 1425 208 cONs'r1'1‘1‘'1‘1‹‘›NEs.
1481 177 1576 209 1212.
1630 176 1690 210 Nr.
1711 177 1764 210 43.
1792 177 1845 211 -1-1.
2292 184 2343 219 55

145 294 291 344 gatur:
324 290 444 329 salvo
479 294 620 329 tamen
655 288 766 344 quod
799 289 834 329 si
860 303 937 329 nos
964 289 1028 328 vol
1055 303 1330 330 successores
1357 296 1524 330 nostros
1552 291 1685 331 ltonn·
1712 293 1906 331 voionari
1934 294 2175 342 contigerit.
2213 295 2344 348 ipsius

144 358 326 414 predicti
369 358 483 413 regis
517 358 740 399 Ottachari
773 358 840 398 vel
874 371 1169 398 successorum
1211 373 1384 398 suorum
1421 360 1700 413 relinquimus
1735 360 1925 402 arbitrio.
1967 369 2105 401 utrum
2143 363 2221 416 ipsi
2257 370 2341 402 111·-

143 431 292 468 centos
327 432 513 468 armatos
546 427 668 468 nobis
702 426 996 467 transmittant
1032 426 1096 467 vel
1132 432 1349 467 trecentas
1385 428 1578 468 man-clins
1612 430 1876 483 persolvant.
1942 429 2006 470 Ad
2043 430 2166 471 liuius
2200 440 2342 472 autom

143 495 463 537 constitutionis
497 500 538 536 et
571 495 905 536 confirmationis
940 501 1084 535 nostre
1120 496 1367 536 memoriam
1403 504 1445 536 et
1479 496 1606 537 robur
1641 507 1848 552 perpetuo
1886 499 2125 542 valiturum.
2167 514 2343 554 presens

143 565 414 621 privilegium
448 579 526 620 per
557 579 710 605 manus
736 564 913 605 Iicnrici
948 563 1000 604 de
1026 564 1216 604 l'arisius
1250 565 1401 604 notarii
1437 572 1478 605 ot
1513 565 1649 605 fidelis
1682 568 1814 606 nostri
1842 567 1968 607 scribi
1995 574 2035 607 ot
2061 568 2175 608 bulla
2201 576 2341 609 nostra

144 648 278 676 aurea
312 634 513 674 iussimus
547 633 813 679 comnmniri,
847 647 957 674 anno
991 647 1139 674 menso
1171 639 1212 673 ct
1246 633 1480 673 indictione
1516 634 1783 690 subscriptis.

286 702 426 743 Huius
459 703 519 744 rei
553 707 689 744 testes
723 707 822 742 sunt
854 701 943 742 isti:
985 702 1343 757 archiepiscopus
1380 702 1619 746 Bai-ensis‘.
1662 705 1887 758 episcopus
1920 704 2209 747 'ru-idvntmus.
2252 708 2340 762 upi-

140 786 294 828 scopus
318 771 592 821 Basiliensis,
627 772 856 827 episcopus
881 770 1241 818 Constantiensis,
1276 772 1504 826 episcopus
1530 773 1765 814 θυι-1011515.
1790 773 1925 813 abbas
1953 775 2183 823 Augcnsis,
2209 775 2343 814 abbas

142 840 289 882 Sancti
322 840 450 883 Galli.
491 841 625 881 abbas
666 840 719 881 dc
752 840 1000 883 NViccburc.
1044 839 1275 880 Bortoldus
1307 840 1359 880 do
1394 840 1586 895 Nisplle'·
1627 842 1782 892 regalis
1823 843 1939 881 curio
1982 843 2343 896 protlwnotnrius.

142 924 287 951 comes
310 909 482 951 Vlricus
516 909 568 950 de
593 909 792 960 Chihurc,
828 924 972 949 comes
1007 909 1221 949 Rodulfus
1255 908 1307 949 de
1331 909 1677 950 Ilabecliesburc
1711 915 1754 950 et
1788 911 2058 961 lantgravius
2088 912 2139 951 (lc
2168 913 2342 954 Ais-ntia.

141 979 319 1021 comites
341 979 560 1020 Loduicus
595 984 638 1020 et
661 978 940 1019 Hermannus
974 977 1026 1019 de
1051 977 1258 1027 Froburc„
1293 992 1439 1019 comes
1464 978 1704 1019 warnerus
1738 979 1789 1019 de
1820 980 2091 1022 llolienburv.
2128 982 2344 1021 Arnoldus

140 1049 297 1090 nobilis
332 1048 383 1089 de
416 1048 557 1094 Wart,
595 1047 815 1088 Rodulfus
848 1047 1083 1088 advocatus
1116 1048 1169 1088 dc
1203 1047 1658 1103 Raprclitcsliiwilare.
1701 1047 1915 1088 ltodulfus
1950 1048 2001 1088 de
2039 1049 2343 1090 leunonsbvrv.

138 1117 302 1159 Albero
351 1117 404 1158 de
446 1117 678 1158 Tanelmse
726 1117 989 1158 camerarius
1038 1122 1080 1157 et
1121 1117 1191 1158 alii
1236 1131 1361 1172 quam
1407 1117 1552 1173 plures
1593 1123 1819 1171 magnatos
1854 1124 1895 1158 ot
1938 1118 2099 1158 nobiles
2134 1125 2175 1158 et
2209 1119 2344 1159 liberi.

139 1201 319 1242 quorum
353 1185 629 1228 testimoniod
661 1186 743 1227 hoc
776 1186 1052 1241 privilegium
1087 1190 1258 1227 constat
1292 1200 1386 1228 csse
1422 1186 1735 1227 confirmatum.

284 1255 396 1296 Acta
438 1260 537 1296 sunt
583 1255 663 1296 hec
703 1270 814 1296 anno
857 1255 1070 1297 dominice
1113 1256 1419 1297 incarnationis
1464 1256 1692 1297 millesimo
1735 1256 2032 1297 ducentesimo
2076 1256 2343 1297 duodecimo.

138 1339 287 1366 mense
330 1324 599 1380 Septenbris,
649 1324 966 1379 quintedecimc
1009 1324 1269 1370 indictionis,
1320 1326 1440 1379 regni
1487 1339 1588 1365 voro
1634 1325 1776 1365 domni
1819 1326 1952 1365 nostri
1989 1324 2206 1365 Frcderici
2249 1326 2339 1365 illu-

138 1394 338 1436 strissimi
380 1393 671 1451 Romanorum
714 1395 986 1449 imperatoris
1026 1394 1152 1435 electi
1186 1400 1229 1436 et
1268 1408 1439 1449 semper
1478 1395 1650 1449 augusti
1685 1395 1797 1446 rogis
1833 1394 1979 1434 Sicilie
2013 1395 2343 1448 quintodecimo.

138 1464 238 1505 Dat.
274 1464 315 1504 in
348 1463 480 1504 nobili
505 1464 680 1504 civitate
704 1463 908 1504 Basi1000
942 1479 1018 1519 per
1042 1478 1194 1505 manus
1219 1464 1354 1504 Yirici
1383 1465 1473 1504 ricc
1499 1464 1822 1518 prothonotarii.
1859 1471 1979 1503 sexto
2008 1462 2099 1502 Kal.
2127 1464 2340 1504 Octobris:

137 1533 325 1575 feliciter
357 1547 496 1574 amen.

435 1864 527 1933 44.
582 1860 1023 1934 FOEDUS
1080 1858 1316 1931 CUM
1373 1858 1921 1931 PHILIPPO
1973 1859 2056 1929 H.

770 1965 1069 2038 REGE
1130 1963 1724 2036 FRANCIAE.

1041 2091 1184 2138 1212.
1224 2090 1347 2137 Nov.
1386 2090 1460 2136 19.

282 2227 411 2270 Dedit.
447 2227 916 2270 Huillard-Bre'lcollcs
958 2226 1166 2268 ‘Historia
1206 2224 1474 2277 diplomatica
1505 2222 1720 2264 Friclerici
1759 2222 1939 2263 secundi*
1983 2223 2017 2271 I,
2040 2224 2126 2263 227
2165 2238 2184 2262 c
2216 2223 2344 2263 codice

141 2298 403 2340 bibliothecae
446 2297 674 2339 Par-ismae
715 2296 847 2353 fonds
886 2296 1087 2351 frcmqais
1120 2297 1245 2345 8405,
1291 2296 1331 2335 2.
1372 2295 1400 2334 2
1426 2293 1470 2334 Β
1501 2292 1706 2345 (colbert)
1746 2304 1846 2332 saec.
1879 2291 2012 2332 XIII.
2043 2306 2105 2333 eac.
2140 2291 2218 2345 fol.
2252 2293 2343 2340 1:25,

139 2366 380 2421 Rcyistrum
403 2366 598 2420 Philippi
617 2367 801 2420 Augusti
822 2366 931 2419 reyis
962 2365 1192 2406 continente
1215 2363 1425 2416 (Registre
1449 2362 1506 2414 E)
1520 2362 1546 2412 ¹,
1580 2374 1751 2414 quocum
1779 2360 1907 2412 plima
1928 2361 2114 2402 convenit
2135 2361 2345 2411 exemplar

137 2451 164 2479 a
190 2437 370 2480 Waitzio
391 2437 640 2489 descriptum
662 2450 682 2478 e
705 2436 837 2478 codice
855 2435 981 2478 9852.
1004 2437 1031 2475 3
1050 2433 1129 2489 fol.
1150 2434 1205 2474 98
1214 2429 1235 2484 ’,
1259 2432 1451 2486 Reyistro
1470 2431 1518 2483 F,
1543 2430 1651 2484 quod
1665 2429 1933 2483 apographon
1950 2432 2008 2470 est
2026 2429 2210 2481 Reqistra·
2225 2429 2272 2470 E.
2291 2455 2341 2458 -—

137 2505 298 2549 Delisle
329 2505 582 2560 ‘Cataloyue’
615 2519 681 2548 nr.
707 2507 829 2546 1408.
893 2503 1090 2554 Bbhmcr,
1124 2503 1222 2557 Ray.
1255 2503 1350 2554 imp.
1386 2501 1430 2552 V,
1454 2502 1546 2541 (578.
1990 2498 2058 2550 (P.
2081 2500 2199 2548 223.)

283 2621 539 2663 Fredericus
582 2621 666 2663 Dei
706 2621 846 2677 gratia
883 2620 1179 2661 Romanorum
1220 2618 1455 2673 imperator
1493 2616 1657 2657 electus
1703 2619 1745 2655 et
1785 2628 1956 2668 semper
1996 2621 2219 2667 augustus.
2267 2628 2341 2653 rex

140 2691 299 2742 Sicilie,
323 2690 505 2732 ducatus
527 2690 701 2746 Apulie,
726 2691 992 2746 principatus
1017 2688 1180 2744 Capue.
1235 2686 1397 2728 Notum
1423 2685 1607 2726 facimus
1631 2683 1846 2724 universis
1870 2688 2113 2737 presentem
2141 2681 2339 2736 paginam

140 2760 412 2816 inspecturis,
447 2759 560 2816 quod
593 2773 671 2801 nos
701 2763 880 2815 propter
910 2763 1104 2800 mutuam
1130 2756 1404 2798 dilectionem
1433 2759 1476 2796 et
1499 2747 1907 2795 confederationem.
1942 2765 2066 2806 quam
2091 2751 2341 2791 karissinms

138 2829 273 2871 frater
304 2833 452 2871 noster
482 2829 706 2885 Philippus
738 2829 1002 2870 Francorum
1036 2841 1115 2868 rex
1146 2825 1327 2867 illustris
1360 2824 1511 2866 habuit
1535 2822 1588 2864 ad
1612 2821 1907 2878 progenitores
1930 2826 2100 2861 nostros
2124 2819 2340 2860 Romanos

139 2899 439 2955 imperatores,
481 2898 880 2940 confederationem
923 2911 1018 2939 cum
1059 2896 1212 2937 eodem
1245 2894 1447 2949 Philippo
1488 2905 1590 2946 rege
1623 2891 1890 2932 Francorum
1922 2891 2122 2930 inivimus
2156 2889 2196 2929 in
2230 2889 2341 2929 hunc

140 2968 333 3010 modum:
367 2967 481 3024 quod
511 2982 591 3010 nos
626 2981 722 3008 cum
755 2967 944 3009 Otthone
978 2964 1193 3021 quondam
1226 2963 1340 3005 dicto
1374 2963 1639 3018 imperatore
1673 2965 1714 3001 et
1744 2959 1939 3001 Iohanne
1973 2973 2074 3012 rege
2109 2958 2265 3012 Anglie
2300 2963 2342 2997 et

142 3051 289 3079 eorum
330 3037 659 3079 auxiliatoribus
702 3036 944 3078 manifestis
984 3035 1148 3076 nullam
1193 3047 1346 3089 pacem
1386 3031 1595 3073 faciemus
1638 3030 1729 3070 sine
1769 3042 1951 3070 assensu
1990 3027 2180 3068 eiusdem
2215 3027 2341 3081 regis.

139 3105 318 3148 Nullum
359 3107 490 3148 etiam
530 3105 584 3147 de
623 3106 723 3157 illis,
763 3105 835 3160 qui
869 3104 1071 3146 eumdem
1104 3103 1362 3158 inquietant,
1403 3100 1636 3142 manifeste
1672 3098 1929 3153 recipiemus
1962 3097 2004 3136 in
2036 3101 2151 3137 terra
2184 3102 2340 3135 nostra.

139 3176 214 3217 ubi
245 3168 508 3231 potestatem
542 3175 780 3216 habeamus
814 3188 912 3215 eum
945 3171 1175 3214 amovendi
1207 3172 1320 3212 bona
1353 3169 1448 3211 fide.
1512 3168 1582 3209 Ad
1616 3168 1736 3208 cuius
1768 3167 1830 3207 rei
1859 3170 2017 3206 certam
2052 3166 2090 3205 in
2125 3169 2339 3219 posterum

141 3245 391 3287 memoriam
439 3248 690 3300 presentem
737 3243 941 3299 paginam
990 3241 1206 3283 conscribi
1245 3239 1449 3281 iussimus
1490 3242 1533 3278 et
1583 3236 1821 3277 maiestatis
1870 3239 2015 3275 nostre
2058 3233 2173 3274 bulla
2212 3246 2341 3273 aurea

142 3327 448 3424 COUSIgssZIt-iim
482 3381 596 3437 apud
628 3381 816 3433 Tullum,
856 3394 968 3422 anno
1008 3379 1148 3435 gratie
1181 3376 1413 3427 MCGXII,
1456 3375 1589 3416 tercio
1623 3373 1792 3415 decimo
1824 3372 2045 3414 Kalendas
2077 3370 2340 3411 Decembris.

73 3463 106 3489 ιο
141 3451 379 3493 indictione
410 3452 562 3507 prima.

278 3554 340 3590 43.
374 3555 405 3600 c)
432 3555 582 3598 sequitur
607 3566 735 3587 rasura
762 3567 812 3588 or.
931 3552 963 3595 d)
991 3554 1046 3586 nio
1074 3553 1110 3585 in
1134 3562 1263 3584 rasura
1289 3562 1337 3583 or.
1457 3549 1487 3590 e)
1512 3547 1607 3581 Basii
1633 3559 1681 3580 or.

282 3647 315 3691 1)
342 3646 379 3682 V.
407 3645 538 3684 Delisle
565 3645 769 3691 ‘Cataloque
793 3644 851 3678 des
874 3647 966 3678 actes
991 3643 1034 3677 de
1062 3641 1416 3685 Philippe-Auyiiste’
1436 3649 1472 3682 p.
1495 3638 1600 3672 XIV.
