<?xml version="1.0" encoding="UTF-8"?>
<!DOCTYPE html PUBLIC "-//W3C//DTD XHTML 1.0 Transitional//EN"
    "http://www.w3.org/TR/xhtml1/DTD/xhtml1-transitional.dtd">
<html xmlns="http://www.w3.org/1999/xhtml" xml:lang="en" lang="en">
 <head>
  <title>
</title>
<meta http-equiv="Content-Type" content="text/html;charset=utf-8" />
  <meta name='ocr-system' content='tesseract 3.04.00' />
  <meta name='ocr-capabilities' content='ocr_page ocr_carea ocr_par ocr_line ocrx_word'/>
</head>
<body>
  <div class='ocr_page' id='page_1' title='image "./monumentager02geseuoft/monumentager02geseuoft_0267.png"; bbox 0 0 2558 3970; ppageno 0'>
   <div class='ocr_carea' id='block_1_1' title="bbox 102 1008 135 1032">
    <p class='ocr_par' dir='ltr' id='par_1_1' title="bbox 102 1008 135 1032">
     <span class='ocr_line' id='line_1_1' title="bbox 102 1008 135 1032; baseline -0.03 0"><span class='ocrx_word' id='word_1_1' title='bbox 102 1008 135 1032; x_wconf 90' lang='lat'>10</span> 
     </span>
    </p>
   </div>
   <div class='ocr_carea' id='block_1_2' title="bbox 104 1352 135 1377">
    <p class='ocr_par' dir='ltr' id='par_1_2' title="bbox 104 1352 135 1377">
     <span class='ocr_line' id='line_1_2' title="bbox 104 1352 135 1377; baseline -0.032 0"><span class='ocrx_word' id='word_1_2' title='bbox 104 1352 135 1377; x_wconf 83' lang='lat'>15</span> 
     </span>
    </p>
   </div>
   <div class='ocr_carea' id='block_1_3' title="bbox 107 2066 140 2092">
    <p class='ocr_par' dir='ltr' id='par_1_3' title="bbox 107 2066 140 2092">
     <span class='ocr_line' id='line_1_3' title="bbox 107 2066 140 2092; baseline 0 0"><span class='ocrx_word' id='word_1_3' title='bbox 107 2066 140 2092; x_wconf 79' lang='lat'>25</span> 
     </span>
    </p>
   </div>
   <div class='ocr_carea' id='block_1_4' title="bbox 113 2412 146 2438">
    <p class='ocr_par' dir='ltr' id='par_1_4' title="bbox 113 2412 146 2438">
     <span class='ocr_line' id='line_1_4' title="bbox 113 2412 146 2438; baseline -0.03 0"><span class='ocrx_word' id='word_1_4' title='bbox 113 2412 146 2438; x_wconf 78' lang='lat'>30</span> 
     </span>
    </p>
   </div>
   <div class='ocr_carea' id='block_1_5' title="bbox 116 2757 148 2782">
    <p class='ocr_par' dir='ltr' id='par_1_5' title="bbox 116 2757 148 2782">
     <span class='ocr_line' id='line_1_5' title="bbox 116 2757 148 2782; baseline 0 0"><span class='ocrx_word' id='word_1_5' title='bbox 116 2757 148 2782; x_wconf 82' lang='lat'>35</span> 
     </span>
    </p>
   </div>
   <div class='ocr_carea' id='block_1_6' title="bbox 124 3449 157 3473">
    <p class='ocr_par' dir='ltr' id='par_1_6' title="bbox 124 3449 157 3473">
     <span class='ocr_line' id='line_1_6' title="bbox 124 3449 157 3473; baseline 0 0"><span class='ocrx_word' id='word_1_6' title='bbox 124 3449 157 3473; x_wconf 79' lang='lat'>40</span> 
     </span>
    </p>
   </div>
   <div class='ocr_carea' id='block_1_7' title="bbox 635 144 2359 191">
    <p class='ocr_par' dir='ltr' id='par_1_7' title="bbox 635 144 2359 191">
     <span class='ocr_line' id='line_1_7' title="bbox 635 144 2359 191; baseline 0.002 -10"><span class='ocrx_word' id='word_1_7' title='bbox 635 144 880 181; x_wconf 84' lang='lat' dir='ltr'>FRIDERICI</span> <span class='ocrx_word' id='word_1_8' title='bbox 908 146 951 180; x_wconf 90' lang='lat'>11.</span> <span class='ocrx_word' id='word_1_9' title='bbox 978 146 1410 181; x_wconf 59' lang='lat' dir='ltr'>esJNs&#39;l&#39;1&#39;1·1j&#39;1&#39;1‹›Nlcsz</span> <span class='ocrx_word' id='word_1_10' title='bbox 1463 148 1558 182; x_wconf 71' lang='lat'>1234.</span> <span class='ocrx_word' id='word_1_11' title='bbox 1611 148 1671 182; x_wconf 79' lang='lat' dir='ltr'>Nr.</span> <span class='ocrx_word' id='word_1_12' title='bbox 1693 149 1892 183; x_wconf 67' lang='lat' dir='ltr'>1s4-186.</span> <span class='ocrx_word' id='word_1_13' title='bbox 2281 153 2359 191; x_wconf 75' lang='lat'>227</span> 
     </span>
    </p>
   </div>
   <div class='ocr_carea' id='block_1_8' title="bbox 165 261 2366 732">
    <p class='ocr_par' dir='ltr' id='par_1_8' title="bbox 165 261 2362 593">
     <span class='ocr_line' id='line_1_8' title="bbox 166 261 2362 319; baseline -0.001 -14"><span class='ocrx_word' id='word_1_14' title='bbox 166 264 315 314; x_wconf 79' lang='lat' dir='ltr'><strong>nostri,</strong></span> <span class='ocrx_word' id='word_1_15' title='bbox 347 264 408 304; x_wconf 86' lang='lat' dir='ltr'>ita</span> <span class='ocrx_word' id='word_1_16' title='bbox 439 267 486 304; x_wconf 85' lang='lat' dir='ltr'>ut</span> <span class='ocrx_word' id='word_1_17' title='bbox 516 277 594 304; x_wconf 88' lang='lat' dir='ltr'>nos</span> <span class='ocrx_word' id='word_1_18' title='bbox 618 261 904 304; x_wconf 79' lang='lat' dir='ltr'>cautionibus.</span> <span class='ocrx_word' id='word_1_19' title='bbox 939 275 1044 316; x_wconf 81' lang='lat' dir='ltr'>quas</span> <span class='ocrx_word' id='word_1_20' title='bbox 1079 262 1289 316; x_wconf 70' lang='grc' dir='ltr'>μνυίηὼ·ΙΙ</span> <span class='ocrx_word' id='word_1_21' title='bbox 1323 263 1556 317; x_wconf 73' lang='lat' dir='ltr'>providerit</span> <span class='ocrx_word' id='word_1_22' title='bbox 1590 279 1687 303; x_wconf 75' lang='lat' dir='ltr'>osse</span> <span class='ocrx_word' id='word_1_23' title='bbox 1719 264 1986 318; x_wconf 66' lang='lat' dir='ltr'>pri-stamius.</span> <span class='ocrx_word' id='word_1_24' title='bbox 2017 264 2254 304; x_wconf 75' lang='lat' dir='ltr'>debeamus</span> <span class='ocrx_word' id='word_1_25' title='bbox 2288 279 2362 319; x_wconf 63' lang='lat' dir='ltr'>pro</span> 
     </span>
     <span class='ocr_line' id='line_1_9' title="bbox 165 331 2362 389; baseline -0 -15"><span class='ocrx_word' id='word_1_26' title='bbox 165 339 288 389; x_wconf 87' lang='lat' dir='ltr'>parte</span> <span class='ocrx_word' id='word_1_27' title='bbox 334 337 480 373; x_wconf 85' lang='lat' dir='ltr'>nostra</span> <span class='ocrx_word' id='word_1_28' title='bbox 523 346 620 373; x_wconf 86' lang='lat' dir='ltr'>esse</span> <span class='ocrx_word' id='word_1_29' title='bbox 663 331 872 380; x_wconf 85' lang='lat' dir='ltr'><strong>contenti,</strong></span> <span class='ocrx_word' id='word_1_30' title='bbox 920 337 967 369; x_wconf 88' lang='lat' dir='ltr'>ut</span> <span class='ocrx_word' id='word_1_31' title='bbox 1007 336 1148 370; x_wconf 84' lang='lat' dir='ltr'>tamen</span> <span class='ocrx_word' id='word_1_32' title='bbox 1193 337 1234 371; x_wconf 83' lang='lat' dir='ltr'>et</span> <span class='ocrx_word' id='word_1_33' title='bbox 1279 332 1357 385; x_wconf 84' lang='lat' dir='ltr'>ipsi</span> <span class='ocrx_word' id='word_1_34' title='bbox 1403 332 1526 372; x_wconf 74' lang='lat' dir='ltr'>nobis</span> <span class='ocrx_word' id='word_1_35' title='bbox 1571 346 1646 387; x_wconf 83' lang='lat' dir='ltr'>pro</span> <span class='ocrx_word' id='word_1_36' title='bbox 1689 339 1808 388; x_wconf 74' lang='lat' dir='ltr'>parte</span> <span class='ocrx_word' id='word_1_37' title='bbox 1853 334 2016 388; x_wconf 87' lang='lat' dir='ltr'>imperii</span> <span class='ocrx_word' id='word_1_38' title='bbox 2052 349 2126 374; x_wconf 68' lang='lat' dir='ltr'>cas</span> <span class='ocrx_word' id='word_1_39' title='bbox 2170 339 2362 388; x_wconf 80' lang='lat' dir='ltr'>prostare</span> 
     </span>
     <span class='ocr_line' id='line_1_10' title="bbox 167 398 2357 455; baseline -0.001 -12"><span class='ocrx_word' id='word_1_40' title='bbox 167 401 356 443; x_wconf 82' lang='lat' dir='ltr'>debeant</span> <span class='ocrx_word' id='word_1_41' title='bbox 387 401 625 450; x_wconf 80' lang='lat' dir='ltr'>cautiones,</span> <span class='ocrx_word' id='word_1_42' title='bbox 659 413 766 455; x_wconf 83' lang='lat' dir='ltr'>quas</span> <span class='ocrx_word' id='word_1_43' title='bbox 800 398 923 440; x_wconf 81' lang='lat' dir='ltr'>nobis</span> <span class='ocrx_word' id='word_1_44' title='bbox 957 399 1143 439; x_wconf 72' lang='lat' dir='ltr'>ecelesia</span> <span class='ocrx_word' id='word_1_45' title='bbox 1177 414 1273 438; x_wconf 86' lang='lat' dir='ltr'>esse</span> <span class='ocrx_word' id='word_1_46' title='bbox 1310 399 1461 440; x_wconf 79' lang='lat' dir='ltr'>viderit</span> <span class='ocrx_word' id='word_1_47' title='bbox 1496 401 1713 441; x_wconf 65' lang='lat' dir='ltr'>efficaces.</span> <span class='ocrx_word' id='word_1_48' title='bbox 1778 408 1830 441; x_wconf 75' lang='grc' dir='ltr'>ΛιΙ</span> <span class='ocrx_word' id='word_1_49' title='bbox 1864 409 1965 442; x_wconf 59' lang='lat' dir='ltr'>vuius</span> <span class='ocrx_word' id='word_1_50' title='bbox 2002 409 2051 442; x_wconf 63' lang='lat' dir='ltr'>rvi</span> <span class='ocrx_word' id='word_1_51' title='bbox 2087 408 2301 442; x_wconf 72' lang='lat' dir='ltr'>invium-iani</span> <span class='ocrx_word' id='word_1_52' title='bbox 2326 413 2357 440; x_wconf 63' lang='lat' dir='ltr'>vt</span> 
     </span>
     <span class='ocr_line' id='line_1_11' title="bbox 167 473 2359 520; baseline -0.001 -7"><span class='ocrx_word' id='word_1_53' title='bbox 167 477 341 513; x_wconf 82' lang='lat' dir='ltr'>stabilem</span> <span class='ocrx_word' id='word_1_54' title='bbox 382 476 597 511; x_wconf 85' lang='lat' dir='ltr'>firmitatem</span> <span class='ocrx_word' id='word_1_55' title='bbox 638 486 789 520; x_wconf 81' lang='lat' dir='ltr'>presens</span> <span class='ocrx_word' id='word_1_56' title='bbox 827 474 1005 519; x_wconf 83' lang='lat' dir='ltr'>scriptum</span> <span class='ocrx_word' id='word_1_57' title='bbox 1045 473 1120 507; x_wconf 77' lang='lat' dir='ltr'>lieri</span> <span class='ocrx_word' id='word_1_58' title='bbox 1166 475 1318 508; x_wconf 67' lang='lat' dir='ltr'>fecimus</span> <span class='ocrx_word' id='word_1_59' title='bbox 1352 474 1414 515; x_wconf 72' lang='lat' dir='ltr'>{etl</span> <span class='ocrx_word' id='word_1_60' title='bbox 1450 475 1549 508; x_wconf 75' lang='grc' dir='ltr'>ΙιιιΙΙη</span> <span class='ocrx_word' id='word_1_61' title='bbox 1582 487 1694 509; x_wconf 68' lang='lat' dir='ltr'>aurea</span> <span class='ocrx_word' id='word_1_62' title='bbox 1728 477 1864 520; x_wconf 73' lang='lat' dir='ltr'>tipario</span> <span class='ocrx_word' id='word_1_63' title='bbox 1899 481 2022 511; x_wconf 71' lang='lat' dir='ltr'>nostr·-</span> <span class='ocrx_word' id='word_1_64' title='bbox 2058 477 2264 511; x_wconf 71' lang='lat' dir='ltr'>nmivstatis</span> <span class='ocrx_word' id='word_1_65' title='bbox 2299 476 2359 510; x_wconf 67' lang='lat' dir='ltr'>im=</span> 
     </span>
     <span class='ocr_line' id='line_1_12' title="bbox 166 543 1623 593; baseline -0.003 -11"><span class='ocrx_word' id='word_1_66' title='bbox 166 558 295 593; x_wconf 84' lang='lat' dir='ltr'>pressa</span> <span class='ocrx_word' id='word_1_67' title='bbox 325 545 500 580; x_wconf 86' lang='lat' dir='ltr'>iussimus</span> <span class='ocrx_word' id='word_1_68' title='bbox 531 544 715 589; x_wconf 80' lang='lat' dir='ltr'>insigniri.</span> <span class='ocrx_word' id='word_1_69' title='bbox 776 545 896 586; x_wconf 81' lang='lat' dir='ltr'>Anno,</span> <span class='ocrx_word' id='word_1_70' title='bbox 930 554 1055 577; x_wconf 76' lang='lat' dir='ltr'>mense</span> <span class='ocrx_word' id='word_1_71' title='bbox 1087 545 1122 576; x_wconf 79' lang='lat' dir='ltr'>et</span> <span class='ocrx_word' id='word_1_72' title='bbox 1158 543 1361 577; x_wconf 73' lang='lat' dir='ltr'>indictiom·</span> <span class='ocrx_word' id='word_1_73' title='bbox 1394 543 1623 588; x_wconf 65' lang='lat' dir='ltr'>subscriptis.</span> 
     </span>
    </p>

    <p class='ocr_par' dir='ltr' id='par_1_9' title="bbox 168 606 2366 732">
     <span class='ocr_line' id='line_1_13' title="bbox 313 606 2366 663; baseline -0.002 -14"><span class='ocrx_word' id='word_1_74' title='bbox 313 608 412 649; x_wconf 84' lang='lat' dir='ltr'>Dat.</span> <span class='ocrx_word' id='word_1_75' title='bbox 452 607 565 663; x_wconf 84' lang='lat' dir='ltr'>apud</span> <span class='ocrx_word' id='word_1_76' title='bbox 599 606 1008 655; x_wconf 86' lang='lat' dir='ltr'>Monteflaseonem,</span> <span class='ocrx_word' id='word_1_77' title='bbox 1052 619 1164 646; x_wconf 86' lang='lat' dir='ltr'>anno</span> <span class='ocrx_word' id='word_1_78' title='bbox 1207 606 1418 646; x_wconf 81' lang='lat' dir='ltr'>dominico</span> <span class='ocrx_word' id='word_1_79' title='bbox 1462 607 1768 647; x_wconf 79' lang='lat' dir='ltr'>incarnationis</span> <span class='ocrx_word' id='word_1_80' title='bbox 1814 608 2038 648; x_wconf 67' lang='lat' dir='ltr'>millesimo</span> <span class='ocrx_word' id='word_1_81' title='bbox 2071 608 2366 648; x_wconf 74' lang='lat' dir='ltr'>ducentesimo</span> 
     </span>
     <span class='ocr_line' id='line_1_14' title="bbox 168 673 1558 732; baseline -0.004 -12"><span class='ocrx_word' id='word_1_82' title='bbox 168 678 388 720; x_wconf 89' lang='lat' dir='ltr'>tricesimo</span> <span class='ocrx_word' id='word_1_83' title='bbox 422 681 588 732; x_wconf 84' lang='lat' dir='ltr'>quarto,</span> <span class='ocrx_word' id='word_1_84' title='bbox 621 675 789 716; x_wconf 67' lang='lat' dir='ltr'>mense*</span> <span class='ocrx_word' id='word_1_85' title='bbox 823 673 1081 729; x_wconf 75' lang='lat' dir='ltr'>Septenibr.,</span> <span class='ocrx_word' id='word_1_86' title='bbox 1115 678 1267 715; x_wconf 85' lang='lat' dir='ltr'>oetave</span> <span class='ocrx_word' id='word_1_87' title='bbox 1303 674 1558 715; x_wconf 75' lang='lat' dir='ltr'>indictionis.</span> 
     </span>
    </p>
   </div>
   <div class='ocr_carea' id='block_1_9' title="bbox 167 834 2373 1383">
    <p class='ocr_par' dir='ltr' id='par_1_10' title="bbox 171 834 2370 883">
     <span class='ocr_line' id='line_1_15' title="bbox 171 834 2370 883; baseline -0.002 -2"><span class='ocrx_word' id='word_1_88' title='bbox 171 837 272 881; x_wconf 83' lang='lat'>185.</span> <span class='ocrx_word' id='word_1_89' title='bbox 303 837 524 881; x_wconf 84' lang='lat' dir='ltr'><em>FORMA</em></span> <span class='ocrx_word' id='word_1_90' title='bbox 560 834 994 878; x_wconf 81' lang='lat' dir='ltr'><em>O()MPR()MISSI</em></span> <span class='ocrx_word' id='word_1_91' title='bbox 1020 834 1575 876; x_wconf 49' lang='lat' dir='ltr'>I,()]1[R,›1RI)ORIJMA</span> <span class='ocrx_word' id='word_1_92' title='bbox 1610 834 1767 876; x_wconf 71' lang='lat' dir='ltr'>PAPA</span> <span class='ocrx_word' id='word_1_93' title='bbox 1807 835 2207 878; x_wconf 61' lang='lat' dir='ltr'>TltANsMJssA.</span> <span class='ocrx_word' id='word_1_94' title='bbox 2242 842 2370 883; x_wconf 68' lang='lat' dir='ltr'><em>(lh-l.)</em></span> 
     </span>
    </p>

    <p class='ocr_par' dir='ltr' id='par_1_11' title="bbox 167 914 2373 1383">
     <span class='ocr_line' id='line_1_16' title="bbox 313 914 2371 969; baseline -0.001 -10"><span class='ocrx_word' id='word_1_95' title='bbox 313 917 441 959; x_wconf 64' lang='lat' dir='ltr'>Dedit</span> <span class='ocrx_word' id='word_1_96' title='bbox 490 916 614 958; x_wconf 57' lang='lat' dir='ltr'>Pcrts</span> <span class='ocrx_word' id='word_1_97' title='bbox 660 930 680 956; x_wconf 81' lang='lat' dir='ltr'>c</span> <span class='ocrx_word' id='word_1_98' title='bbox 725 916 917 968; x_wconf 74' lang='lat' dir='ltr'>Rcyislro</span> <span class='ocrx_word' id='word_1_99' title='bbox 969 915 1164 969; x_wconf 64' lang='lat' dir='ltr'>Grcyore&#39;i.</span> <span class='ocrx_word' id='word_1_100' title='bbox 1196 914 1281 956; x_wconf 83' lang='lat' dir='ltr'>IX.</span> <span class='ocrx_word' id='word_1_101' title='bbox 1331 918 1422 958; x_wconf 83' lang='lat' dir='ltr'>lom.</span> <span class='ocrx_word' id='word_1_102' title='bbox 1458 915 1650 964; x_wconf 55' lang='lat'>[123225</span> <span class='ocrx_word' id='word_1_103' title='bbox 1695 917 1762 956; x_wconf 79' lang='lat' dir='ltr'>lib.</span> <span class='ocrx_word' id='word_1_104' title='bbox 1800 916 1919 965; x_wconf 83' lang='lat' dir='ltr'><em>VIII,</em></span> <span class='ocrx_word' id='word_1_105' title='bbox 1947 920 2042 965; x_wconf 67' lang='grc'>293,</span> <span class='ocrx_word' id='word_1_106' title='bbox 2092 918 2158 957; x_wconf 73' lang='lat' dir='ltr'>edu·</span> <span class='ocrx_word' id='word_1_107' title='bbox 2205 919 2371 957; x_wconf 61' lang='lat' dir='ltr'>lvmma:</span> 
     </span>
     <span class='ocr_line' id='line_1_17' title="bbox 171 984 2372 1041; baseline -0.002 -11"><span class='ocrx_word' id='word_1_108' title='bbox 171 987 335 1030; x_wconf 90' lang='lat' dir='ltr'>Littere</span> <span class='ocrx_word' id='word_1_109' title='bbox 369 987 598 1028; x_wconf 85' lang='lat' dir='ltr'>Societatis</span> <span class='ocrx_word' id='word_1_110' title='bbox 630 984 893 1027; x_wconf 84' lang='lat' dir='ltr'>Lombardie</span> <span class='ocrx_word' id='word_1_111' title='bbox 928 985 1113 1040; x_wconf 90' lang='lat' dir='ltr'>qualiter</span> <span class='ocrx_word' id='word_1_112' title='bbox 1143 989 1307 1039; x_wconf 91' lang='lat' dir='ltr'>ponunt</span> <span class='ocrx_word' id='word_1_113' title='bbox 1341 999 1385 1025; x_wconf 90' lang='lat' dir='ltr'>se</span> <span class='ocrx_word' id='word_1_114' title='bbox 1420 985 1461 1025; x_wconf 92' lang='lat' dir='ltr'>in</span> <span class='ocrx_word' id='word_1_115' title='bbox 1501 985 1720 1026; x_wconf 84' lang='lat' dir='ltr'>voluntate</span> <span class='ocrx_word' id='word_1_116' title='bbox 1755 985 1913 1026; x_wconf 88' lang='lat' dir='ltr'>domini</span> <span class='ocrx_word' id='word_1_117' title='bbox 1950 1001 2076 1041; x_wconf 83' lang='lat' dir='ltr'>pape.</span> <span class='ocrx_word' id='word_1_118' title='bbox 2131 986 2249 1026; x_wconf 59' lang='lat' dir='ltr'>lim-lc</span> <span class='ocrx_word' id='word_1_119' title='bbox 2271 989 2372 1025; x_wconf 55' lang='lat' dir='ltr'>verte</span> 
     </span>
     <span class='ocr_line' id='line_1_18' title="bbox 169 1054 2373 1107; baseline -0.004 -8"><span class='ocrx_word' id='word_1_120' title='bbox 169 1056 429 1098; x_wconf 73' lang='lat' dir='ltr'>Huillardus</span> <span class='ocrx_word' id='word_1_121' title='bbox 467 1059 505 1096; x_wconf 75' lang='lat' dir='ltr'>ct</span> <span class='ocrx_word' id='word_1_122' title='bbox 544 1054 787 1107; x_wconf 63' lang='lat' dir='ltr'>Roclmzbcrgl</span> <span class='ocrx_word' id='word_1_123' title='bbox 828 1057 1097 1103; x_wconf 75' lang='lat' dir='ltr'>neoneeerunl,</span> <span class='ocrx_word' id='word_1_124' title='bbox 1139 1054 1211 1094; x_wconf 63' lang='lat' dir='ltr'>leoz·</span> <span class='ocrx_word' id='word_1_125' title='bbox 1249 1054 1447 1105; x_wconf 70' lang='lat' dir='ltr'>seriptum</span> <span class='ocrx_word' id='word_1_126' title='bbox 1488 1067 1570 1094; x_wconf 77' lang='lat' dir='ltr'>non</span> <span class='ocrx_word' id='word_1_127' title='bbox 1609 1068 1692 1092; x_wconf 66' lang='lat' dir='ltr'>ess-1:</span> <span class='ocrx_word' id='word_1_128' title='bbox 1729 1069 1755 1094; x_wconf 87' lang='grc' dir='ltr'>(ι</span> <span class='ocrx_word' id='word_1_129' title='bbox 1796 1054 2040 1095; x_wconf 39' lang='lat' dir='ltr'>humbro-1115</span> <span class='ocrx_word' id='word_1_130' title='bbox 2083 1055 2305 1105; x_wconf 65' lang='lat' dir='ltr'>Confm&#39;lnm</span> <span class='ocrx_word' id='word_1_131' title='bbox 2339 1057 2373 1092; x_wconf 63' lang='lat' dir='ltr'>r!</span> 
     </span>
     <span class='ocr_line' id='line_1_19' title="bbox 167 1123 2373 1179; baseline -0.002 -13"><span class='ocrx_word' id='word_1_132' title='bbox 167 1126 356 1179; x_wconf 69' lang='lat' dir='ltr'>pontifici</span> <span class='ocrx_word' id='word_1_133' title='bbox 396 1125 586 1173; x_wconf 73' lang='lat' dir='ltr'>missum,</span> <span class='ocrx_word' id='word_1_134' title='bbox 631 1123 702 1163; x_wconf 74' lang='lat' dir='ltr'>sed</span> <span class='ocrx_word' id='word_1_135' title='bbox 734 1123 876 1176; x_wconf 70' lang='lat' dir='ltr'>polius</span> <span class='ocrx_word' id='word_1_136' title='bbox 915 1136 999 1163; x_wconf 74' lang='lat' dir='ltr'>csse</span> <span class='ocrx_word' id='word_1_137' title='bbox 1033 1123 1238 1177; x_wconf 73' lang='lat' dir='ltr'>sormam,</span> <span class='ocrx_word' id='word_1_138' title='bbox 1281 1136 1405 1175; x_wconf 77' lang='lat' dir='ltr'>quam</span> <span class='ocrx_word' id='word_1_139' title='bbox 1451 1123 1533 1174; x_wconf 60' lang='lat' dir='ltr'>ipsv</span> <span class='ocrx_word' id='word_1_140' title='bbox 1577 1123 1715 1163; x_wconf 66' lang='lat' dir='ltr'>iisdem</span> <span class='ocrx_word' id='word_1_141' title='bbox 1741 1123 2038 1175; x_wconf 68' lang='lat' dir='ltr'>2›r.²›·si‹·e&#39;t⁴n‹lam</span> <span class='ocrx_word' id='word_1_142' title='bbox 2073 1124 2373 1167; x_wconf 68' lang='lat' dir='ltr'>lrmcsmisvril:</span> 
     </span>
     <span class='ocr_line' id='line_1_20' title="bbox 171 1190 2372 1248; baseline -0.001 -14"><span class='ocrx_word' id='word_1_143' title='bbox 171 1208 339 1248; x_wconf 75' lang='lat' dir='ltr'>eamque</span> <span class='ocrx_word' id='word_1_144' title='bbox 369 1193 563 1246; x_wconf 71' lang='lat' dir='ltr'>epistolae</span> <span class='ocrx_word' id='word_1_145' title='bbox 596 1192 729 1244; x_wconf 73' lang='lat' dir='ltr'>ipsius</span> <span class='ocrx_word' id='word_1_146' title='bbox 759 1191 816 1232; x_wconf 80' lang='lat' dir='ltr'>acl</span> <span class='ocrx_word' id='word_1_147' title='bbox 846 1194 1019 1233; x_wconf 69' lang='lat' dir='ltr'>rectores</span> <span class='ocrx_word' id='word_1_148' title='bbox 1044 1190 1130 1234; x_wconf 71' lang='lat' dir='ltr'>Oct.</span> <span class='ocrx_word' id='word_1_149' title='bbox 1151 1194 1208 1232; x_wconf 74' lang='lat'>:27</span> <span class='ocrx_word' id='word_1_150' title='bbox 1238 1191 1360 1232; x_wconf 74' lang='lat' dir='ltr'>(latae</span> <span class='ocrx_word' id='word_1_151' title='bbox 1385 1191 1646 1244; x_wconf 61' lang='lat' dir='ltr'>(ltodenbcrq</span> <span class='ocrx_word' id='word_1_152' title='bbox 1672 1192 1705 1239; x_wconf 90' lang='lat' dir='ltr'>I,</span> <span class='ocrx_word' id='word_1_153' title='bbox 1730 1206 1794 1232; x_wconf 78' lang='lat' dir='ltr'>ur.</span> <span class='ocrx_word' id='word_1_154' title='bbox 1820 1196 1902 1230; x_wconf 69' lang='lat' dir='ltr'>mm</span> <span class='ocrx_word' id='word_1_155' title='bbox 1925 1193 1967 1238; x_wconf 85' lang='lat' dir='ltr'>I)</span> <span class='ocrx_word' id='word_1_156' title='bbox 1999 1206 2207 1233; x_wconf 63' lang='grc' dir='ltr'>(ιιιηιιιηυι</span> <span class='ocrx_word' id='word_1_157' title='bbox 2235 1193 2372 1246; x_wconf 64' lang='lat' dir='ltr'>fnisse</span> 
     </span>
     <span class='ocr_line' id='line_1_21' title="bbox 171 1259 2369 1315; baseline -0.002 -10"><span class='ocrx_word' id='word_1_158' title='bbox 171 1277 276 1305; x_wconf 79' lang='lat' dir='ltr'>reor.</span> <span class='ocrx_word' id='word_1_159' title='bbox 308 1287 362 1293; x_wconf 90' lang='lat'>—</span> <span class='ocrx_word' id='word_1_160' title='bbox 395 1262 638 1315; x_wconf 71' lang='lat' dir='ltr'>Rodenbery</span> <span class='ocrx_word' id='word_1_161' title='bbox 670 1261 707 1311; x_wconf 91' lang='grc' dir='ltr'>Ι,</span> <span class='ocrx_word' id='word_1_162' title='bbox 729 1261 813 1300; x_wconf 74' lang='grc'>490</span> <span class='ocrx_word' id='word_1_163' title='bbox 846 1273 910 1302; x_wconf 80' lang='grc' dir='ltr'>ην.</span> <span class='ocrx_word' id='word_1_164' title='bbox 936 1262 1019 1301; x_wconf 80' lang='lat'>603</span> <span class='ocrx_word' id='word_1_165' title='bbox 1047 1260 1109 1303; x_wconf 91' lang='lat' dir='ltr'>II.</span> <span class='ocrx_word' id='word_1_166' title='bbox 1172 1259 1624 1302; x_wconf 63' lang='lat' dir='ltr'>flatum-«l-Rreleolles</span> <span class='ocrx_word' id='word_1_167' title='bbox 1661 1260 1687 1301; x_wconf 91' lang='lat' dir='ltr'><em>I</em></span> <span class='ocrx_word' id='word_1_168' title='bbox 1699 1259 1738 1310; x_wconf 75' lang='lat' dir='ltr'>V,</span> <span class='ocrx_word' id='word_1_169' title='bbox 1761 1263 1858 1302; x_wconf 63' lang='lat'>193.</span> <span class='ocrx_word' id='word_1_170' title='bbox 1921 1260 2113 1310; x_wconf 66' lang='lat' dir='ltr'>Bolenmr,</span> <span class='ocrx_word' id='word_1_171' title='bbox 2142 1261 2240 1314; x_wconf 37' lang='lat' dir='ltr'>Ite-«J.</span> <span class='ocrx_word' id='word_1_172' title='bbox 2277 1262 2369 1312; x_wconf 64' lang='lat' dir='ltr'>Inep.</span> 
     </span>
     <span class='ocr_line' id='line_1_22' title="bbox 183 1330 2233 1383; baseline -0 -10"><span class='ocrx_word' id='word_1_173' title='bbox 183 1332 227 1383; x_wconf 87' lang='lat' dir='ltr'>V,</span> <span class='ocrx_word' id='word_1_174' title='bbox 250 1333 404 1374; x_wconf 83' lang='lat'><em>13175.</em></span> <span class='ocrx_word' id='word_1_175' title='bbox 2023 1330 2091 1382; x_wconf 75' lang='grc' dir='ltr'><em>(Ι).</em></span> <span class='ocrx_word' id='word_1_176' title='bbox 2115 1334 2233 1379; x_wconf 63' lang='lat'>3055.)</span> 
     </span>
    </p>
   </div>
   <div class='ocr_carea' id='block_1_10' title="bbox 175 1420 2386 2864">
    <p class='ocr_par' dir='ltr' id='par_1_12' title="bbox 175 1420 2386 2864">
     <span class='ocr_line' id='line_1_23' title="bbox 317 1420 2375 1477; baseline -0.001 -13"><span class='ocrx_word' id='word_1_177' title='bbox 317 1423 477 1464; x_wconf 84' lang='lat' dir='ltr'>Notum</span> <span class='ocrx_word' id='word_1_178' title='bbox 512 1423 568 1463; x_wconf 88' lang='lat' dir='ltr'>sit</span> <span class='ocrx_word' id='word_1_179' title='bbox 599 1422 800 1462; x_wconf 90' lang='lat' dir='ltr'>omnibus</span> <span class='ocrx_word' id='word_1_180' title='bbox 834 1426 1059 1477; x_wconf 82' lang='lat' dir='ltr'>presentes</span> <span class='ocrx_word' id='word_1_181' title='bbox 1094 1420 1260 1462; x_wconf 80' lang='lat' dir='ltr'>litteras</span> <span class='ocrx_word' id='word_1_182' title='bbox 1303 1420 1581 1475; x_wconf 81' lang='lat' dir='ltr'>inspecturis.</span> <span class='ocrx_word' id='word_1_183' title='bbox 1624 1420 1736 1475; x_wconf 85' lang='lat' dir='ltr'>quod</span> <span class='ocrx_word' id='word_1_184' title='bbox 1770 1435 1845 1461; x_wconf 88' lang='lat' dir='ltr'>nos</span> <span class='ocrx_word' id='word_1_185' title='bbox 1880 1426 2091 1463; x_wconf 82' lang='lat' dir='ltr'>rectores.</span> <span class='ocrx_word' id='word_1_186' title='bbox 2136 1427 2375 1476; x_wconf 71' lang='lat' dir='ltr'>potestates</span> 
     </span>
     <span class='ocr_line' id='line_1_24' title="bbox 175 1489 2374 1545; baseline -0.003 -11"><span class='ocrx_word' id='word_1_187' title='bbox 175 1498 219 1535; x_wconf 90' lang='lat' dir='ltr'>et</span> <span class='ocrx_word' id='word_1_188' title='bbox 252 1492 434 1534; x_wconf 83' lang='lat' dir='ltr'>consilia</span> <span class='ocrx_word' id='word_1_189' title='bbox 467 1492 686 1533; x_wconf 83' lang='lat' dir='ltr'>civitatum</span> <span class='ocrx_word' id='word_1_190' title='bbox 722 1491 950 1532; x_wconf 84' lang='lat' dir='ltr'>Societatis</span> <span class='ocrx_word' id='word_1_191' title='bbox 974 1490 1237 1531; x_wconf 83' lang='lat' dir='ltr'>Lombardie</span> <span class='ocrx_word' id='word_1_192' title='bbox 1271 1504 1325 1531; x_wconf 77' lang='lat' dir='ltr'>ex</span> <span class='ocrx_word' id='word_1_193' title='bbox 1358 1489 1519 1539; x_wconf 84' lang='lat' dir='ltr'>debito,</span> <span class='ocrx_word' id='word_1_194' title='bbox 1553 1504 1634 1543; x_wconf 90' lang='lat' dir='ltr'>quo</span> <span class='ocrx_word' id='word_1_195' title='bbox 1670 1495 1867 1530; x_wconf 91' lang='lat' dir='ltr'>tenemur</span> <span class='ocrx_word' id='word_1_196' title='bbox 1901 1495 2102 1545; x_wconf 82' lang='lat' dir='ltr'>tanquam</span> <span class='ocrx_word' id='word_1_197' title='bbox 2137 1491 2209 1530; x_wconf 78' lang='lat' dir='ltr'>filii</span> <span class='ocrx_word' id='word_1_198' title='bbox 2241 1491 2374 1531; x_wconf 78' lang='lat' dir='ltr'>‹levo-</span> 
     </span>
     <span class='ocr_line' id='line_1_25' title="bbox 175 1558 2377 1616; baseline -0.003 -13"><span class='ocrx_word' id='word_1_199' title='bbox 175 1562 304 1604; x_wconf 81' lang='lat' dir='ltr'>tionis</span> <span class='ocrx_word' id='word_1_200' title='bbox 343 1561 515 1602; x_wconf 86' lang='lat' dir='ltr'>efficere</span> <span class='ocrx_word' id='word_1_201' title='bbox 548 1574 629 1616; x_wconf 88' lang='lat' dir='ltr'>que</span> <span class='ocrx_word' id='word_1_202' title='bbox 675 1560 728 1602; x_wconf 88' lang='lat' dir='ltr'>ad</span> <span class='ocrx_word' id='word_1_203' title='bbox 768 1559 974 1601; x_wconf 84' lang='lat' dir='ltr'>honorem</span> <span class='ocrx_word' id='word_1_204' title='bbox 1017 1564 1166 1600; x_wconf 89' lang='lat' dir='ltr'>sancte</span> <span class='ocrx_word' id='word_1_205' title='bbox 1200 1558 1397 1599; x_wconf 81' lang='lat' dir='ltr'>Romane</span> <span class='ocrx_word' id='word_1_206' title='bbox 1440 1559 1623 1599; x_wconf 90' lang='lat' dir='ltr'>ecclesie</span> <span class='ocrx_word' id='word_1_207' title='bbox 1665 1559 1812 1599; x_wconf 80' lang='lat' dir='ltr'>matris</span> <span class='ocrx_word' id='word_1_208' title='bbox 1847 1565 1993 1600; x_wconf 85' lang='lat' dir='ltr'>nostre</span> <span class='ocrx_word' id='word_1_209' title='bbox 2027 1560 2190 1615; x_wconf 75' lang='lat' dir='ltr'>possint</span> <span class='ocrx_word' id='word_1_210' title='bbox 2224 1561 2377 1600; x_wconf 81' lang='lat' dir='ltr'>merito</span> 
     </span>
     <span class='ocr_line' id='line_1_26' title="bbox 175 1628 2376 1683; baseline -0.003 -10"><span class='ocrx_word' id='word_1_211' title='bbox 175 1630 437 1681; x_wconf 87' lang='lat' dir='ltr'>redundare,</span> <span class='ocrx_word' id='word_1_212' title='bbox 481 1631 602 1671; x_wconf 83' lang='lat' dir='ltr'>iuxta</span> <span class='ocrx_word' id='word_1_213' title='bbox 641 1629 868 1671; x_wconf 87' lang='lat' dir='ltr'>eonsilium</span> <span class='ocrx_word' id='word_1_214' title='bbox 911 1634 954 1670; x_wconf 89' lang='lat' dir='ltr'>et</span> <span class='ocrx_word' id='word_1_215' title='bbox 999 1628 1362 1669; x_wconf 86' lang='lat' dir='ltr'>submonitionem</span> <span class='ocrx_word' id='word_1_216' title='bbox 1403 1628 1535 1683; x_wconf 82' lang='lat' dir='ltr'>ipsius</span> <span class='ocrx_word' id='word_1_217' title='bbox 1569 1641 1719 1668; x_wconf 88' lang='lat' dir='ltr'>omnes</span> <span class='ocrx_word' id='word_1_218' title='bbox 1754 1629 1976 1682; x_wconf 79' lang='lat' dir='ltr'>querelas,</span> <span class='ocrx_word' id='word_1_219' title='bbox 2018 1643 2125 1682; x_wconf 82' lang='lat' dir='ltr'>quas</span> <span class='ocrx_word' id='word_1_220' title='bbox 2168 1629 2376 1670; x_wconf 62' lang='lat' dir='ltr'>habemus·</span> 
     </span>
     <span class='ocr_line' id='line_1_27' title="bbox 175 1696 2377 1754; baseline -0.002 -12"><span class='ocrx_word' id='word_1_221' title='bbox 175 1700 385 1742; x_wconf 86' lang='lat' dir='ltr'>adversus</span> <span class='ocrx_word' id='word_1_222' title='bbox 417 1699 743 1742; x_wconf 88' lang='lat' dir='ltr'>serenissimum</span> <span class='ocrx_word' id='word_1_223' title='bbox 776 1698 1011 1754; x_wconf 90' lang='lat' dir='ltr'>principem</span> <span class='ocrx_word' id='word_1_224' title='bbox 1043 1697 1260 1738; x_wconf 91' lang='lat' dir='ltr'>dominum</span> <span class='ocrx_word' id='word_1_225' title='bbox 1284 1696 1559 1737; x_wconf 83' lang='lat' dir='ltr'>Frederieum</span> <span class='ocrx_word' id='word_1_226' title='bbox 1594 1697 1898 1752; x_wconf 82' lang='lat' dir='ltr'>imperatorem</span> <span class='ocrx_word' id='word_1_227' title='bbox 1933 1712 2106 1752; x_wconf 79' lang='lat' dir='ltr'>semper</span> <span class='ocrx_word' id='word_1_228' title='bbox 2131 1702 2377 1750; x_wconf 79' lang='lat' dir='ltr'>augustum.</span> 
     </span>
     <span class='ocr_line' id='line_1_28' title="bbox 175 1766 2378 1823; baseline -0.002 -13"><span class='ocrx_word' id='word_1_229' title='bbox 175 1769 415 1812; x_wconf 85' lang='lat' dir='ltr'>Ierusalem</span> <span class='ocrx_word' id='word_1_230' title='bbox 457 1774 500 1809; x_wconf 89' lang='lat' dir='ltr'>et</span> <span class='ocrx_word' id='word_1_231' title='bbox 540 1767 684 1810; x_wconf 84' lang='lat' dir='ltr'>Sicilie</span> <span class='ocrx_word' id='word_1_232' title='bbox 724 1781 872 1823; x_wconf 88' lang='lat' dir='ltr'>regem</span> <span class='ocrx_word' id='word_1_233' title='bbox 922 1768 1134 1808; x_wconf 87' lang='lat' dir='ltr'>illustrem</span> <span class='ocrx_word' id='word_1_234' title='bbox 1177 1767 1376 1817; x_wconf 84' lang='lat' dir='ltr'>consilio,</span> <span class='ocrx_word' id='word_1_235' title='bbox 1423 1766 1676 1821; x_wconf 81' lang='lat' dir='ltr'>provisioni,</span> <span class='ocrx_word' id='word_1_236' title='bbox 1719 1767 2016 1821; x_wconf 86' lang='lat' dir='ltr'>compositioni</span> <span class='ocrx_word' id='word_1_237' title='bbox 2059 1771 2101 1807; x_wconf 89' lang='lat' dir='ltr'>et</span> <span class='ocrx_word' id='word_1_238' title='bbox 2144 1766 2378 1807; x_wconf 81' lang='lat' dir='ltr'>laudationi</span> 
     </span>
     <span class='ocr_line' id='line_1_29' title="bbox 176 1834 2379 1892; baseline -0.003 -12"><span class='ocrx_word' id='word_1_239' title='bbox 176 1838 338 1880; x_wconf 89' lang='lat' dir='ltr'>domini</span> <span class='ocrx_word' id='word_1_240' title='bbox 371 1837 570 1892; x_wconf 82' lang='lat' dir='ltr'>Gregorii</span> <span class='ocrx_word' id='word_1_241' title='bbox 603 1837 686 1878; x_wconf 91' lang='lat' dir='ltr'>Dei</span> <span class='ocrx_word' id='word_1_242' title='bbox 718 1837 859 1891; x_wconf 86' lang='lat' dir='ltr'>gratia</span> <span class='ocrx_word' id='word_1_243' title='bbox 890 1837 1044 1877; x_wconf 89' lang='lat' dir='ltr'>summi</span> <span class='ocrx_word' id='word_1_244' title='bbox 1077 1836 1292 1891; x_wconf 89' lang='lat' dir='ltr'>pontificis</span> <span class='ocrx_word' id='word_1_245' title='bbox 1325 1839 1367 1876; x_wconf 92' lang='lat' dir='ltr'>et</span> <span class='ocrx_word' id='word_1_246' title='bbox 1396 1834 1589 1876; x_wconf 88' lang='lat' dir='ltr'>eiusdem</span> <span class='ocrx_word' id='word_1_247' title='bbox 1614 1835 1797 1876; x_wconf 82' lang='lat' dir='ltr'>ecclesie</span> <span class='ocrx_word' id='word_1_248' title='bbox 1832 1849 1906 1890; x_wconf 88' lang='lat' dir='ltr'>pro</span> <span class='ocrx_word' id='word_1_249' title='bbox 1933 1836 2238 1876; x_wconf 85' lang='lat' dir='ltr'>reformatione</span> <span class='ocrx_word' id='word_1_250' title='bbox 2262 1837 2379 1891; x_wconf 63' lang='lat' dir='ltr'>pacis·</span> 
     </span>
     <span class='ocr_line' id='line_1_30' title="bbox 175 1904 2377 1960; baseline -0.003 -10"><span class='ocrx_word' id='word_1_251' title='bbox 175 1912 219 1950; x_wconf 87' lang='lat' dir='ltr'>et</span> <span class='ocrx_word' id='word_1_252' title='bbox 258 1913 373 1950; x_wconf 88' lang='lat' dir='ltr'>statu</span> <span class='ocrx_word' id='word_1_253' title='bbox 415 1906 676 1949; x_wconf 87' lang='lat' dir='ltr'>Lombardie</span> <span class='ocrx_word' id='word_1_254' title='bbox 720 1906 1043 1948; x_wconf 82' lang='lat' dir='ltr'>committimus.</span> <span class='ocrx_word' id='word_1_255' title='bbox 1120 1905 1165 1946; x_wconf 81' lang='lat' dir='ltr'>Si</span> <span class='ocrx_word' id='word_1_256' title='bbox 1206 1904 1307 1960; x_wconf 90' lang='lat' dir='ltr'>quid</span> <span class='ocrx_word' id='word_1_257' title='bbox 1340 1905 1469 1945; x_wconf 86' lang='lat' dir='ltr'>etiam</span> <span class='ocrx_word' id='word_1_258' title='bbox 1516 1918 1591 1959; x_wconf 90' lang='lat' dir='ltr'>per</span> <span class='ocrx_word' id='word_1_259' title='bbox 1635 1919 1709 1945; x_wconf 84' lang='lat' dir='ltr'>nos</span> <span class='ocrx_word' id='word_1_260' title='bbox 1743 1904 1784 1945; x_wconf 92' lang='lat' dir='ltr'>in</span> <span class='ocrx_word' id='word_1_261' title='bbox 1829 1904 2039 1945; x_wconf 83' lang='lat' dir='ltr'>lesionem</span> <span class='ocrx_word' id='word_1_262' title='bbox 2074 1905 2139 1945; x_wconf 87' lang='lat' dir='ltr'>vel</span> <span class='ocrx_word' id='word_1_263' title='bbox 2181 1904 2377 1944; x_wconf 84' lang='lat' dir='ltr'>iniuriam</span> 
     </span>
     <span class='ocr_line' id='line_1_31' title="bbox 176 1972 2377 2034; baseline -0.004 -15"><span class='ocrx_word' id='word_1_264' title='bbox 176 1977 452 2034; x_wconf 87' lang='lat' dir='ltr'>imperatoris</span> <span class='ocrx_word' id='word_1_265' title='bbox 494 1976 690 2018; x_wconf 90' lang='lat' dir='ltr'>eiusdem</span> <span class='ocrx_word' id='word_1_266' title='bbox 733 1975 893 2016; x_wconf 87' lang='lat' dir='ltr'>factum</span> <span class='ocrx_word' id='word_1_267' title='bbox 931 1980 1017 2025; x_wconf 90' lang='lat' dir='ltr'>est,</span> <span class='ocrx_word' id='word_1_268' title='bbox 1060 1979 1194 2015; x_wconf 88' lang='lat' dir='ltr'>totum</span> <span class='ocrx_word' id='word_1_269' title='bbox 1241 1974 1477 2029; x_wconf 87' lang='lat' dir='ltr'>provisioni</span> <span class='ocrx_word' id='word_1_270' title='bbox 1511 1978 1553 2014; x_wconf 92' lang='lat' dir='ltr'>et</span> <span class='ocrx_word' id='word_1_271' title='bbox 1590 1973 1764 2014; x_wconf 80' lang='lat' dir='ltr'>arbitrio</span> <span class='ocrx_word' id='word_1_272' title='bbox 1798 1972 1989 2028; x_wconf 87' lang='lat' dir='ltr'>predicte</span> <span class='ocrx_word' id='word_1_273' title='bbox 2023 1973 2209 2014; x_wconf 82' lang='lat' dir='ltr'>ecclesie</span> <span class='ocrx_word' id='word_1_274' title='bbox 2245 1973 2377 2013; x_wconf 80' lang='lat' dir='ltr'>libero</span> 
     </span>
     <span class='ocr_line' id='line_1_32' title="bbox 179 2041 2381 2099; baseline -0.005 -10"><span class='ocrx_word' id='word_1_275' title='bbox 179 2047 381 2089; x_wconf 86' lang='lat' dir='ltr'>duximus</span> <span class='ocrx_word' id='word_1_276' title='bbox 427 2045 803 2097; x_wconf 88' lang='lat' dir='ltr'>committendum,</span> <span class='ocrx_word' id='word_1_277' title='bbox 846 2045 1126 2086; x_wconf 90' lang='lat' dir='ltr'>nihilominus</span> <span class='ocrx_word' id='word_1_278' title='bbox 1165 2043 1428 2099; x_wconf 84' lang='lat' dir='ltr'>generaliter</span> <span class='ocrx_word' id='word_1_279' title='bbox 1466 2043 1629 2091; x_wconf 86' lang='lat' dir='ltr'>omnia,</span> <span class='ocrx_word' id='word_1_280' title='bbox 1676 2056 1730 2083; x_wconf 83' lang='lat' dir='ltr'>ex</span> <span class='ocrx_word' id='word_1_281' title='bbox 1769 2041 1925 2097; x_wconf 89' lang='lat' dir='ltr'>quibus</span> <span class='ocrx_word' id='word_1_282' title='bbox 1969 2042 2035 2082; x_wconf 94' lang='lat' dir='ltr'>vel</span> <span class='ocrx_word' id='word_1_283' title='bbox 2079 2047 2256 2097; x_wconf 88' lang='lat' dir='ltr'>propter</span> <span class='ocrx_word' id='word_1_284' title='bbox 2299 2055 2381 2096; x_wconf 76' lang='lat' dir='ltr'>quo</span> 
     </span>
     <span class='ocr_line' id='line_1_33' title="bbox 176 2111 2381 2172; baseline -0.004 -14"><span class='ocrx_word' id='word_1_285' title='bbox 176 2117 290 2158; x_wconf 87' lang='lat' dir='ltr'>inter</span> <span class='ocrx_word' id='word_1_286' title='bbox 319 2130 396 2158; x_wconf 92' lang='lat' dir='ltr'>nos</span> <span class='ocrx_word' id='word_1_287' title='bbox 429 2121 471 2157; x_wconf 94' lang='lat' dir='ltr'>et</span> <span class='ocrx_word' id='word_1_288' title='bbox 502 2117 808 2172; x_wconf 83' lang='lat' dir='ltr'>imperatorem</span> <span class='ocrx_word' id='word_1_289' title='bbox 840 2113 1024 2155; x_wconf 90' lang='lat' dir='ltr'>eundem</span> <span class='ocrx_word' id='word_1_290' title='bbox 1058 2113 1203 2168; x_wconf 85' lang='lat' dir='ltr'>aliqua</span> <span class='ocrx_word' id='word_1_291' title='bbox 1236 2111 1453 2154; x_wconf 80' lang='lat' dir='ltr'>discordia</span> <span class='ocrx_word' id='word_1_292' title='bbox 1486 2112 1694 2153; x_wconf 88' lang='lat' dir='ltr'>haetenus</span> <span class='ocrx_word' id='word_1_293' title='bbox 1728 2116 1794 2152; x_wconf 89' lang='lat' dir='ltr'>est</span> <span class='ocrx_word' id='word_1_294' title='bbox 1826 2116 1993 2154; x_wconf 77' lang='lat' dir='ltr'>exorta,</span> <span class='ocrx_word' id='word_1_295' title='bbox 2028 2111 2069 2151; x_wconf 91' lang='lat' dir='ltr'>in</span> <span class='ocrx_word' id='word_1_296' title='bbox 2095 2111 2313 2151; x_wconf 88' lang='lat' dir='ltr'>voluntate</span> <span class='ocrx_word' id='word_1_297' title='bbox 2339 2117 2381 2150; x_wconf 88' lang='lat' dir='ltr'>et</span> 
     </span>
     <span class='ocr_line' id='line_1_34' title="bbox 180 2179 2378 2242; baseline -0.004 -15"><span class='ocrx_word' id='word_1_298' title='bbox 180 2185 449 2227; x_wconf 87' lang='lat' dir='ltr'>ordinatione</span> <span class='ocrx_word' id='word_1_299' title='bbox 482 2184 724 2242; x_wconf 86' lang='lat' dir='ltr'>apostolica</span> <span class='ocrx_word' id='word_1_300' title='bbox 755 2183 935 2224; x_wconf 88' lang='lat' dir='ltr'>firmiter</span> <span class='ocrx_word' id='word_1_301' title='bbox 967 2186 1251 2238; x_wconf 72' lang='lat' dir='ltr'>exponentes,</span> <span class='ocrx_word' id='word_1_302' title='bbox 1286 2181 1400 2236; x_wconf 90' lang='lat' dir='ltr'>quod</span> <span class='ocrx_word' id='word_1_303' title='bbox 1434 2180 1640 2236; x_wconf 88' lang='lat' dir='ltr'>quidquid</span> <span class='ocrx_word' id='word_1_304' title='bbox 1675 2194 1730 2221; x_wconf 87' lang='lat' dir='ltr'>ex</span> <span class='ocrx_word' id='word_1_305' title='bbox 1763 2179 1842 2220; x_wconf 88' lang='lat' dir='ltr'>hoe</span> <span class='ocrx_word' id='word_1_306' title='bbox 1877 2180 2141 2221; x_wconf 89' lang='lat' dir='ltr'>consuluerit</span> <span class='ocrx_word' id='word_1_307' title='bbox 2165 2184 2208 2221; x_wconf 90' lang='lat' dir='ltr'>et</span> <span class='ocrx_word' id='word_1_308' title='bbox 2232 2179 2378 2219; x_wconf 86' lang='lat' dir='ltr'>lauda-</span> 
     </span>
     <span class='ocr_line' id='line_1_35' title="bbox 180 2249 2377 2306; baseline -0.003 -10"><span class='ocrx_word' id='word_1_309' title='bbox 180 2255 302 2306; x_wconf 87' lang='lat' dir='ltr'>verit,</span> <span class='ocrx_word' id='word_1_310' title='bbox 337 2259 477 2296; x_wconf 87' lang='lat' dir='ltr'>ratum</span> <span class='ocrx_word' id='word_1_311' title='bbox 511 2258 554 2296; x_wconf 88' lang='lat' dir='ltr'>et</span> <span class='ocrx_word' id='word_1_312' title='bbox 584 2254 753 2294; x_wconf 90' lang='lat' dir='ltr'>firmum</span> <span class='ocrx_word' id='word_1_313' title='bbox 787 2258 938 2294; x_wconf 89' lang='lat' dir='ltr'>tenere</span> <span class='ocrx_word' id='word_1_314' title='bbox 963 2252 1158 2292; x_wconf 87' lang='lat' dir='ltr'>volumus</span> <span class='ocrx_word' id='word_1_315' title='bbox 1182 2256 1225 2292; x_wconf 92' lang='lat' dir='ltr'>et</span> <span class='ocrx_word' id='word_1_316' title='bbox 1254 2251 1428 2291; x_wconf 87' lang='lat' dir='ltr'>habere.</span> <span class='ocrx_word' id='word_1_317' title='bbox 1483 2249 1656 2290; x_wconf 86' lang='lat' dir='ltr'>Modum</span> <span class='ocrx_word' id='word_1_318' title='bbox 1691 2250 1820 2290; x_wconf 87' lang='lat' dir='ltr'>etiam</span> <span class='ocrx_word' id='word_1_319' title='bbox 1844 2250 2091 2290; x_wconf 90' lang='lat' dir='ltr'>cautionum</span> <span class='ocrx_word' id='word_1_320' title='bbox 2117 2254 2159 2289; x_wconf 90' lang='lat' dir='ltr'>et</span> <span class='ocrx_word' id='word_1_321' title='bbox 2182 2249 2377 2289; x_wconf 83' lang='lat' dir='ltr'>formam.</span> 
     </span>
     <span class='ocr_line' id='line_1_36' title="bbox 182 2317 2385 2379; baseline -0.005 -14"><span class='ocrx_word' id='word_1_322' title='bbox 182 2325 217 2365; x_wconf 87' lang='lat' dir='ltr'>si</span> <span class='ocrx_word' id='word_1_323' title='bbox 251 2338 333 2379; x_wconf 91' lang='lat' dir='ltr'>que</span> <span class='ocrx_word' id='word_1_324' title='bbox 366 2324 616 2365; x_wconf 85' lang='lat' dir='ltr'>necessaria</span> <span class='ocrx_word' id='word_1_325' title='bbox 648 2322 909 2363; x_wconf 89' lang='lat' dir='ltr'>videbuntur</span> <span class='ocrx_word' id='word_1_326' title='bbox 938 2320 1176 2376; x_wconf 85' lang='lat' dir='ltr'>prestanda</span> <span class='ocrx_word' id='word_1_327' title='bbox 1208 2320 1332 2361; x_wconf 89' lang='lat' dir='ltr'>nobis</span> <span class='ocrx_word' id='word_1_328' title='bbox 1367 2319 1419 2360; x_wconf 89' lang='lat' dir='ltr'>ab</span> <span class='ocrx_word' id='word_1_329' title='bbox 1453 2333 1502 2360; x_wconf 91' lang='lat' dir='ltr'>eo</span> <span class='ocrx_word' id='word_1_330' title='bbox 1536 2319 1603 2360; x_wconf 92' lang='lat' dir='ltr'>vel</span> <span class='ocrx_word' id='word_1_331' title='bbox 1636 2318 1715 2373; x_wconf 87' lang='lat' dir='ltr'>ipsi</span> <span class='ocrx_word' id='word_1_332' title='bbox 1748 2332 1825 2373; x_wconf 90' lang='lat' dir='ltr'>per</span> <span class='ocrx_word' id='word_1_333' title='bbox 1859 2332 1933 2358; x_wconf 84' lang='lat' dir='ltr'>nos</span> <span class='ocrx_word' id='word_1_334' title='bbox 1967 2332 2041 2373; x_wconf 89' lang='lat' dir='ltr'>pro</span> <span class='ocrx_word' id='word_1_335' title='bbox 2065 2332 2210 2358; x_wconf 89' lang='lat' dir='ltr'>eorum</span> <span class='ocrx_word' id='word_1_336' title='bbox 2235 2317 2385 2356; x_wconf 76' lang='lat' dir='ltr'>obscr-</span> 
     </span>
     <span class='ocr_line' id='line_1_37' title="bbox 182 2385 2386 2448; baseline -0.005 -13"><span class='ocrx_word' id='word_1_337' title='bbox 182 2395 351 2435; x_wconf 86' lang='lat' dir='ltr'>vatione</span> <span class='ocrx_word' id='word_1_338' title='bbox 384 2407 466 2448; x_wconf 93' lang='lat' dir='ltr'>que</span> <span class='ocrx_word' id='word_1_339' title='bbox 497 2393 610 2434; x_wconf 90' lang='lat' dir='ltr'>inter</span> <span class='ocrx_word' id='word_1_340' title='bbox 641 2405 718 2433; x_wconf 90' lang='lat' dir='ltr'>nes</span> <span class='ocrx_word' id='word_1_341' title='bbox 752 2396 794 2432; x_wconf 88' lang='lat' dir='ltr'>et</span> <span class='ocrx_word' id='word_1_342' title='bbox 825 2391 1041 2446; x_wconf 81' lang='lat' dir='ltr'>prefatum</span> <span class='ocrx_word' id='word_1_343' title='bbox 1076 2391 1381 2445; x_wconf 85' lang='lat' dir='ltr'>imperatorem</span> <span class='ocrx_word' id='word_1_344' title='bbox 1415 2388 1600 2430; x_wconf 86' lang='lat' dir='ltr'>ecclesia</span> <span class='ocrx_word' id='word_1_345' title='bbox 1632 2387 1806 2428; x_wconf 80' lang='lat' dir='ltr'>duxerit</span> <span class='ocrx_word' id='word_1_346' title='bbox 1843 2386 2071 2427; x_wconf 82' lang='lat' dir='ltr'>statuenda</span> <span class='ocrx_word' id='word_1_347' title='bbox 2106 2386 2157 2427; x_wconf 89' lang='lat' dir='ltr'>de</span> <span class='ocrx_word' id='word_1_348' title='bbox 2188 2385 2386 2425; x_wconf 70' lang='lat' dir='ltr'>omnibus</span> 
     </span>
     <span class='ocr_line' id='line_1_38' title="bbox 181 2453 2379 2519; baseline -0.005 -15"><span class='ocrx_word' id='word_1_349' title='bbox 181 2462 457 2519; x_wconf 86' lang='lat' dir='ltr'>supradictis,</span> <span class='ocrx_word' id='word_1_350' title='bbox 499 2462 694 2503; x_wconf 87' lang='lat' dir='ltr'>similiter</span> <span class='ocrx_word' id='word_1_351' title='bbox 726 2461 767 2501; x_wconf 93' lang='lat' dir='ltr'>in</span> <span class='ocrx_word' id='word_1_352' title='bbox 802 2464 939 2501; x_wconf 89' lang='lat' dir='ltr'>totum</span> <span class='ocrx_word' id='word_1_353' title='bbox 973 2460 1279 2501; x_wconf 87' lang='lat' dir='ltr'>committimus</span> <span class='ocrx_word' id='word_1_354' title='bbox 1312 2458 1544 2514; x_wconf 90' lang='lat' dir='ltr'>provisioni</span> <span class='ocrx_word' id='word_1_355' title='bbox 1578 2462 1620 2498; x_wconf 91' lang='lat' dir='ltr'>et</span> <span class='ocrx_word' id='word_1_356' title='bbox 1652 2457 1828 2498; x_wconf 89' lang='lat' dir='ltr'>arbitrio</span> <span class='ocrx_word' id='word_1_357' title='bbox 1863 2456 2018 2511; x_wconf 88' lang='lat' dir='ltr'>prefati</span> <span class='ocrx_word' id='word_1_358' title='bbox 2054 2455 2205 2495; x_wconf 79' lang='lat' dir='ltr'>summi</span> <span class='ocrx_word' id='word_1_359' title='bbox 2242 2453 2379 2508; x_wconf 80' lang='lat' dir='ltr'>ponti-</span> 
     </span>
     <span class='ocr_line' id='line_1_39' title="bbox 182 2522 2383 2587; baseline -0.005 -14"><span class='ocrx_word' id='word_1_360' title='bbox 182 2531 274 2573; x_wconf 89' lang='lat' dir='ltr'>ficis</span> <span class='ocrx_word' id='word_1_361' title='bbox 319 2532 453 2587; x_wconf 85' lang='lat' dir='ltr'>patris</span> <span class='ocrx_word' id='word_1_362' title='bbox 494 2532 649 2582; x_wconf 89' lang='lat' dir='ltr'>nostri,</span> <span class='ocrx_word' id='word_1_363' title='bbox 698 2531 760 2571; x_wconf 92' lang='lat' dir='ltr'>ita</span> <span class='ocrx_word' id='word_1_364' title='bbox 799 2535 846 2571; x_wconf 90' lang='lat' dir='ltr'>ut</span> <span class='ocrx_word' id='word_1_365' title='bbox 883 2544 959 2571; x_wconf 91' lang='lat' dir='ltr'>nos</span> <span class='ocrx_word' id='word_1_366' title='bbox 999 2529 1294 2579; x_wconf 78' lang='lat' dir='ltr'>cautionibus,</span> <span class='ocrx_word' id='word_1_367' title='bbox 1333 2542 1440 2583; x_wconf 85' lang='lat' dir='ltr'>quas</span> <span class='ocrx_word' id='word_1_368' title='bbox 1480 2526 1655 2582; x_wconf 86' lang='lat' dir='ltr'>proinde</span> <span class='ocrx_word' id='word_1_369' title='bbox 1697 2525 1932 2581; x_wconf 84' lang='lat' dir='ltr'>providerit</span> <span class='ocrx_word' id='word_1_370' title='bbox 1973 2538 2068 2565; x_wconf 87' lang='lat' dir='ltr'>csse</span> <span class='ocrx_word' id='word_1_371' title='bbox 2114 2522 2383 2578; x_wconf 70' lang='lat' dir='ltr'>prestandas.</span> 
     </span>
     <span class='ocr_line' id='line_1_40' title="bbox 183 2591 2380 2656; baseline -0.006 -14"><span class='ocrx_word' id='word_1_372' title='bbox 183 2601 419 2643; x_wconf 84' lang='lat' dir='ltr'>debeamus</span> <span class='ocrx_word' id='word_1_373' title='bbox 452 2614 528 2656; x_wconf 87' lang='lat' dir='ltr'>pre</span> <span class='ocrx_word' id='word_1_374' title='bbox 561 2604 683 2656; x_wconf 86' lang='lat' dir='ltr'>parte</span> <span class='ocrx_word' id='word_1_375' title='bbox 716 2603 863 2641; x_wconf 86' lang='lat' dir='ltr'>nostra</span> <span class='ocrx_word' id='word_1_376' title='bbox 897 2613 992 2640; x_wconf 88' lang='lat' dir='ltr'>esse</span> <span class='ocrx_word' id='word_1_377' title='bbox 1027 2598 1239 2648; x_wconf 90' lang='lat' dir='ltr'>contenti,</span> <span class='ocrx_word' id='word_1_378' title='bbox 1272 2602 1318 2639; x_wconf 92' lang='lat' dir='ltr'>ut</span> <span class='ocrx_word' id='word_1_379' title='bbox 1352 2603 1495 2638; x_wconf 86' lang='lat' dir='ltr'>tamen</span> <span class='ocrx_word' id='word_1_380' title='bbox 1529 2600 1570 2636; x_wconf 91' lang='lat' dir='ltr'>et</span> <span class='ocrx_word' id='word_1_381' title='bbox 1603 2595 1695 2650; x_wconf 87' lang='lat' dir='ltr'>ipse</span> <span class='ocrx_word' id='word_1_382' title='bbox 1730 2595 1853 2635; x_wconf 82' lang='lat' dir='ltr'>nobis</span> <span class='ocrx_word' id='word_1_383' title='bbox 1887 2609 1962 2649; x_wconf 86' lang='lat' dir='ltr'>pro</span> <span class='ocrx_word' id='word_1_384' title='bbox 1996 2599 2117 2648; x_wconf 85' lang='lat' dir='ltr'>parte</span> <span class='ocrx_word' id='word_1_385' title='bbox 2152 2591 2380 2631; x_wconf 68' lang='lat' dir='ltr'>Societatis</span> 
     </span>
     <span class='ocr_line' id='line_1_41' title="bbox 182 2659 2381 2725; baseline -0.006 -13"><span class='ocrx_word' id='word_1_386' title='bbox 182 2674 330 2712; x_wconf 90' lang='lat' dir='ltr'>nostre</span> <span class='ocrx_word' id='word_1_387' title='bbox 363 2684 436 2711; x_wconf 86' lang='lat' dir='ltr'>eas</span> <span class='ocrx_word' id='word_1_388' title='bbox 467 2675 661 2725; x_wconf 86' lang='lat' dir='ltr'>prestare</span> <span class='ocrx_word' id='word_1_389' title='bbox 696 2669 855 2710; x_wconf 88' lang='lat' dir='ltr'>debeat</span> <span class='ocrx_word' id='word_1_390' title='bbox 900 2668 1141 2715; x_wconf 85' lang='lat' dir='ltr'>cautiones,</span> <span class='ocrx_word' id='word_1_391' title='bbox 1184 2681 1289 2722; x_wconf 89' lang='lat' dir='ltr'>quas</span> <span class='ocrx_word' id='word_1_392' title='bbox 1330 2666 1454 2706; x_wconf 83' lang='lat' dir='ltr'>nobis</span> <span class='ocrx_word' id='word_1_393' title='bbox 1501 2665 1685 2706; x_wconf 84' lang='lat' dir='ltr'>ecclesia</span> <span class='ocrx_word' id='word_1_394' title='bbox 1720 2663 1873 2703; x_wconf 82' lang='lat' dir='ltr'>viderit</span> <span class='ocrx_word' id='word_1_395' title='bbox 1907 2677 2004 2703; x_wconf 77' lang='lat' dir='ltr'>csse</span> <span class='ocrx_word' id='word_1_396' title='bbox 2038 2662 2252 2701; x_wconf 71' lang='lat' dir='ltr'>efficaces.</span> <span class='ocrx_word' id='word_1_397' title='bbox 2316 2659 2381 2698; x_wconf 79' lang='lat' dir='ltr'>Ad</span> 
     </span>
     <span class='ocr_line' id='line_1_42' title="bbox 184 2731 2385 2791; baseline -0.006 -10"><span class='ocrx_word' id='word_1_398' title='bbox 184 2740 306 2781; x_wconf 88' lang='lat' dir='ltr'>euius</span> <span class='ocrx_word' id='word_1_399' title='bbox 334 2739 395 2780; x_wconf 89' lang='lat' dir='ltr'>rei</span> <span class='ocrx_word' id='word_1_400' title='bbox 425 2739 678 2780; x_wconf 88' lang='lat' dir='ltr'>memoriam</span> <span class='ocrx_word' id='word_1_401' title='bbox 703 2743 745 2780; x_wconf 90' lang='lat' dir='ltr'>et</span> <span class='ocrx_word' id='word_1_402' title='bbox 769 2737 969 2779; x_wconf 87' lang='lat' dir='ltr'>stabilem</span> <span class='ocrx_word' id='word_1_403' title='bbox 995 2737 1242 2778; x_wconf 86' lang='lat' dir='ltr'>firmitatem</span> <span class='ocrx_word' id='word_1_404' title='bbox 1265 2749 1445 2791; x_wconf 84' lang='lat' dir='ltr'>presens</span> <span class='ocrx_word' id='word_1_405' title='bbox 1471 2734 1674 2789; x_wconf 87' lang='lat' dir='ltr'>scriptum</span> <span class='ocrx_word' id='word_1_406' title='bbox 1700 2733 1790 2773; x_wconf 82' lang='lat' dir='ltr'>fieri</span> <span class='ocrx_word' id='word_1_407' title='bbox 1817 2737 1858 2772; x_wconf 86' lang='lat' dir='ltr'>et</span> <span class='ocrx_word' id='word_1_408' title='bbox 1881 2731 2116 2785; x_wconf 77' lang='lat' dir='ltr'>sigillorum</span> <span class='ocrx_word' id='word_1_409' title='bbox 2142 2735 2385 2770; x_wconf 70' lang='lat' dir='ltr'>nostrorum</span> 
     </span>
     <span class='ocr_line' id='line_1_43' title="bbox 186 2808 866 2864; baseline 0 -15"><span class='ocrx_word' id='word_1_410' title='bbox 186 2809 365 2850; x_wconf 82' lang='lat' dir='ltr'>fecimus</span> <span class='ocrx_word' id='word_1_411' title='bbox 397 2808 661 2864; x_wconf 87' lang='lat' dir='ltr'>appensione</span> <span class='ocrx_word' id='word_1_412' title='bbox 696 2808 866 2849; x_wconf 89' lang='lat' dir='ltr'>muniri.</span> 
     </span>
    </p>
   </div>
   <div class='ocr_carea' id='block_1_11' title="bbox 457 3067 2119 3250">
    <p class='ocr_par' dir='ltr' id='par_1_13' title="bbox 457 3067 2119 3250">
     <span class='ocr_line' id='line_1_44' title="bbox 541 3067 2047 3146; baseline -0.007 0"><span class='ocrx_word' id='word_1_413' title='bbox 541 3078 670 3146; x_wconf 80' lang='lat'>186.</span> <span class='ocrx_word' id='word_1_414' title='bbox 724 3071 1262 3145; x_wconf 75' lang='lat' dir='ltr'>FAOULTAS</span> <span class='ocrx_word' id='word_1_415' title='bbox 1316 3067 2047 3142; x_wconf 74' lang='lat' dir='ltr'><strong>OOMPONENDI</strong></span> 
     </span>
     <span class='ocr_line' id='line_1_45' title="bbox 457 3170 2119 3250; baseline -0.007 0"><span class='ocrx_word' id='word_1_416' title='bbox 457 3179 687 3250; x_wconf 81' lang='lat' dir='ltr'>CUM</span> <span class='ocrx_word' id='word_1_417' title='bbox 739 3176 1174 3248; x_wconf 83' lang='lat' dir='ltr'>OTTONE</span> <span class='ocrx_word' id='word_1_418' title='bbox 1235 3174 1379 3245; x_wconf 83' lang='lat' dir='ltr'>DE</span> <span class='ocrx_word' id='word_1_419' title='bbox 1432 3170 2119 3244; x_wconf 76' lang='lat' dir='ltr'><strong>LUNEBURUH.</strong></span> 
     </span>
    </p>
   </div>
   <div class='ocr_carea' id='block_1_12' title="bbox 1135 3300 1451 3356">
    <p class='ocr_par' dir='ltr' id='par_1_14' title="bbox 1135 3300 1451 3356">
     <span class='ocr_line' id='line_1_46' title="bbox 1135 3300 1451 3356; baseline -0.003 -10"><span class='ocrx_word' id='word_1_420' title='bbox 1135 3300 1278 3346; x_wconf 68' lang='lat'><strong>1234.</strong></span> <span class='ocrx_word' id='word_1_421' title='bbox 1317 3300 1451 3356; x_wconf 85' lang='lat' dir='ltr'>Sept.</span> 
     </span>
    </p>
   </div>
   <div class='ocr_carea' id='block_1_13' title="bbox 191 3414 2390 3616">
    <p class='ocr_par' dir='ltr' id='par_1_15' title="bbox 191 3414 2390 3616">
     <span class='ocr_line' id='line_1_47' title="bbox 335 3414 2390 3480; baseline -0.008 -12"><span class='ocrx_word' id='word_1_422' title='bbox 335 3426 620 3480; x_wconf 73' lang='lat' dir='ltr'>Apoyraplzon</span> <span class='ocrx_word' id='word_1_423' title='bbox 651 3425 854 3468; x_wconf 73' lang='lat' dir='ltr'>tabularii</span> <span class='ocrx_word' id='word_1_424' title='bbox 883 3424 988 3477; x_wconf 72' lang='lat' dir='ltr'>reyii</span> <span class='ocrx_word' id='word_1_425' title='bbox 1018 3421 1337 3469; x_wconf 76' lang='lat' dir='ltr'>Hamzoverani,</span> <span class='ocrx_word' id='word_1_426' title='bbox 1369 3420 1479 3472; x_wconf 77' lang='lat' dir='ltr'>quod</span> <span class='ocrx_word' id='word_1_427' title='bbox 1507 3419 1572 3459; x_wconf 75' lang='lat' dir='ltr'>vir</span> <span class='ocrx_word' id='word_1_428' title='bbox 1593 3419 1763 3470; x_wconf 76' lang='lat' dir='ltr'>qnidam</span> <span class='ocrx_word' id='word_1_429' title='bbox 1785 3419 1925 3458; x_wconf 67' lang='lat' dir='ltr'>doetus</span> <span class='ocrx_word' id='word_1_430' title='bbox 1955 3416 2109 3457; x_wconf 69' lang='lat' dir='ltr'>saeculi</span> <span class='ocrx_word' id='word_1_431' title='bbox 2128 3414 2307 3456; x_wconf 88' lang='lat' dir='ltr'><strong><em>XVIII.</em></strong></span> <span class='ocrx_word' id='word_1_432' title='bbox 2340 3427 2390 3452; x_wconf 72' lang='lat' dir='ltr'>esc</span> 
     </span>
     <span class='ocr_line' id='line_1_48' title="bbox 192 3482 2387 3549; baseline -0.008 -12"><span class='ocrx_word' id='word_1_433' title='bbox 192 3496 447 3549; x_wconf 73' lang='lat' dir='ltr'>autoyrapho</span> <span class='ocrx_word' id='word_1_434' title='bbox 486 3510 615 3548; x_wconf 79' lang='lat' dir='ltr'>usque</span> <span class='ocrx_word' id='word_1_435' title='bbox 654 3496 710 3536; x_wconf 81' lang='lat' dir='ltr'>ad</span> <span class='ocrx_word' id='word_1_436' title='bbox 740 3509 779 3536; x_wconf 81' lang='lat' dir='ltr'>a.</span> <span class='ocrx_word' id='word_1_437' title='bbox 804 3496 914 3535; x_wconf 78' lang='lat'><em>1330</em></span> <span class='ocrx_word' id='word_1_438' title='bbox 947 3494 990 3533; x_wconf 70' lang='lat' dir='ltr'>ln</span> <span class='ocrx_word' id='word_1_439' title='bbox 1022 3491 1232 3533; x_wconf 76' lang='lat' dir='ltr'>tabulario</span> <span class='ocrx_word' id='word_1_440' title='bbox 1269 3489 1556 3530; x_wconf 74' lang='lat' dir='ltr'>serenissimae</span> <span class='ocrx_word' id='word_1_441' title='bbox 1594 3487 1737 3527; x_wconf 70' lang='lat' dir='ltr'>(lomus</span> <span class='ocrx_word' id='word_1_442' title='bbox 1768 3486 1960 3538; x_wconf 74' lang='lat' dir='ltr'>Wclficae</span> <span class='ocrx_word' id='word_1_443' title='bbox 1993 3486 2202 3524; x_wconf 68' lang='lat' dir='ltr'>asservato</span> <span class='ocrx_word' id='word_1_444' title='bbox 2227 3482 2387 3536; x_wconf 71' lang='lat' dir='ltr'>fecerat</span> 
     </span>
     <span class='ocr_line' id='line_1_49' title="bbox 191 3550 2389 3616; baseline -0.007 -12"><span class='ocrx_word' id='word_1_445' title='bbox 191 3567 231 3604; x_wconf 78' lang='lat' dir='ltr'>et</span> <span class='ocrx_word' id='word_1_446' title='bbox 258 3579 298 3606; x_wconf 84' lang='lat' dir='ltr'>a.</span> <span class='ocrx_word' id='word_1_447' title='bbox 322 3566 433 3605; x_wconf 88' lang='grc'><em>1801</em></span> <span class='ocrx_word' id='word_1_448' title='bbox 464 3578 515 3605; x_wconf 73' lang='lat' dir='ltr'>esc</span> <span class='ocrx_word' id='word_1_449' title='bbox 549 3566 639 3616; x_wconf 78' lang='lat' dir='ltr'>ipso</span> <span class='ocrx_word' id='word_1_450' title='bbox 669 3563 989 3605; x_wconf 75' lang='lat' dir='ltr'>emendaverunt</span> <span class='ocrx_word' id='word_1_451' title='bbox 1019 3561 1101 3602; x_wconf 72' lang='lat' dir='ltr'>viri</span> <span class='ocrx_word' id='word_1_452' title='bbox 1132 3560 1179 3601; x_wconf 79' lang='lat' dir='ltr'>cl.</span> <span class='ocrx_word' id='word_1_453' title='bbox 1203 3558 1385 3600; x_wconf 73' lang='lat' dir='ltr'>Kestner</span> <span class='ocrx_word' id='word_1_454' title='bbox 1415 3560 1452 3597; x_wconf 77' lang='lat' dir='ltr'>et</span> <span class='ocrx_word' id='word_1_455' title='bbox 1482 3554 1956 3603; x_wconf 61' lang='lat' dir='ltr'>Schmidt-Phiseldeclc‚</span> <span class='ocrx_word' id='word_1_456' title='bbox 1998 3552 2242 3603; x_wconf 72' lang='lat' dir='ltr'>exemplavit</span> <span class='ocrx_word' id='word_1_457' title='bbox 2274 3550 2308 3590; x_wconf 80' lang='lat' dir='ltr'>b.</span> <span class='ocrx_word' id='word_1_458' title='bbox 2335 3563 2389 3589; x_wconf 82' lang='lat' dir='ltr'>m.</span> 
     </span>
    </p>
   </div>
   <div class='ocr_carea' id='block_1_14' title="bbox 331 3663 2119 3749">
    <p class='ocr_par' dir='ltr' id='par_1_16' title="bbox 331 3663 2119 3749">
     <span class='ocr_line' id='line_1_50' title="bbox 331 3663 1017 3713; baseline -0.012 -9"><span class='ocrx_word' id='word_1_459' title='bbox 331 3667 418 3704; x_wconf 83' lang='lat'>184.</span> <span class='ocrx_word' id='word_1_460' title='bbox 449 3668 482 3710; x_wconf 86' lang='lat' dir='ltr'>h)</span> <span class='ocrx_word' id='word_1_461' title='bbox 509 3669 649 3713; x_wconf 82' lang='lat' dir='ltr'>provide</span> <span class='ocrx_word' id='word_1_462' title='bbox 666 3667 698 3701; x_wconf 79' lang='lat'>2.</span> <span class='ocrx_word' id='word_1_463' title='bbox 816 3665 840 3708; x_wconf 86' lang='lat' dir='ltr'>i)</span> <span class='ocrx_word' id='word_1_464' title='bbox 866 3663 970 3698; x_wconf 80' lang='lat' dir='ltr'>mens’</span> <span class='ocrx_word' id='word_1_465' title='bbox 989 3663 1017 3696; x_wconf 90' lang='lat'>1.</span> 
     </span>
     <span class='ocr_line' id='line_1_51' title="bbox 2050 3715 2119 3749; baseline 0.014 -1"><span class='ocrx_word' id='word_1_466' title='bbox 2050 3715 2119 3749; x_wconf 74' lang='grc'>29*</span> 
     </span>
    </p>
   </div>
  </div>
 </body>
</html>
