2558 3970
110 890 142 915 10

109 1369 140 1394 15

107 1733 142 1758 20

105 2128 136 2155 2⁵

106 2471 139 2497 30

107 2816 139 2842 35

108 3164 142 3189 40

107 3515 140 3540 45

621 134 853 169 RICHARDI
880 135 1023 170 REGIS
1049 136 1478 172 CONSTITUTIONES.
1530 139 1629 174 1257.
1679 140 1835 174 N1·.385.
1863 141 1938 175 386.
2293 145 2373 184 485

184 248 432 304 solempnes
454 249 598 290 vocari
629 249 810 292 fecimus
834 254 877 291 et
904 252 1082 303 moneri,
1117 252 1228 307 quod
1254 254 1451 295 venirent
1474 254 1525 295 ad
1551 256 1820 297 tractandum
1847 262 1888 298 et
1913 256 2158 311 eligendum
2183 271 2371 298 commu-

182 318 295 359 niter
336 331 483 373 regem
514 317 827 364 Romanorum:
872 321 943 375 qui
985 321 1085 362 lieet
1125 322 1319 376 requisiti
1353 328 1396 363 et
1429 326 1648 379 expectati
1683 340 1815 381 usque
1851 328 1890 367 in
1928 340 2022 367 sero
2056 340 2133 368 nec
2166 332 2375 368 venerunt

182 399 263 427 nec
295 386 410 428 vices
455 401 555 428 suas
595 388 812 443 aliquibus
851 390 1171 431 commiserunt.
1235 391 1414 446 Propter
1447 393 1558 447 quod
1593 408 1687 434 eum
1732 410 1809 435 nec
1853 396 2052 450 princeps
2086 397 2262 437 illustris
2297 411 2372 437 rex

182 454 364 496 Boemie
396 469 475 497 nec
507 456 697 498 marchio
731 456 783 499 de
813 457 1125 513 Brandeburge
1160 458 1212 499 ad
1247 459 1358 500 diem
1393 465 1436 501 et
1470 461 1605 502 locum
1642 464 1859 504 venissent
1893 478 1968 504 nee
1995 465 2108 505 vices
2138 480 2235 506 suas
2260 480 2372 506 com-

181 524 419 576 misissent,
460 538 540 566 nec
583 526 710 566 etiam
743 527 888 581 aliqua
919 528 1148 568 excusacio
1182 530 1442 583 processerit
1484 544 1559 585 pro
1594 531 1776 575 eisdem.
1811 546 1904 572 eum
1939 534 1999 573 sic
2034 548 2166 588 penes
2200 550 2276 575 nos
2310 536 2374 575 ius

178 592 354 648 plenum
394 595 648 636 remanserit
686 595 896 650 eligendi,
939 596 1159 637 dominum
1200 596 1433 638 Ricardum
1477 599 1674 639 comitem
1718 599 1954 644 cornubie.
1996 603 2172 643 fratrem
2214 603 2372 643 domini

179 662 412 718 H(einrici)
458 663 573 719 regis
614 664 772 720 Anglie
814 665 1114 717 illustrissimi,
1159 670 1246 707 tam
1295 681 1457 707 morum
1510 682 1635 722 quam
1686 671 1856 723 generis
1899 672 2102 726 precipue
2153 672 2374 712 nobilitat«-

178 732 433 787 pollentem,
475 733 686 788 elegimus
734 734 775 775 in
826 749 971 789 regem
1013 734 1320 778 Romanorum.
1394 736 1507 777 Iline
1556 743 1620 777 est
1669 738 1780 792 quod
1827 740 2152 782 11niv‹·1·sitat0111
2188 749 2372 782 vestram

178 800 415 856 rogandam
447 801 649 844 duximus
683 807 726 844 et
758 804 1038 856 monendam,
1080 805 1281 859 quatinus
1316 820 1412 846 cum
1455 820 1532 861 per
1571 807 1704 861 ipsius
1740 808 2016 850 industriam.
2053 810 2103 850 de
2137 825 2219 865 qua
2252 812 2375 852 nobis

177 870 306 925 plene
346 875 533 921 constat,
578 872 713 927 possit
751 872 974 927 imperium
1013 873 1245 928 gubernari
1288 878 1330 915 et
1371 874 1540 929 plenius
1579 875 1833 931 disponente
1878 878 2098 918 Altissimo
2142 880 2373 922 reformari.

179 939 320 981 eidem
353 939 542 982 fideliter
574 945 617 981 et
649 940 801 982 devote
833 941 970 983 modis
1004 942 1203 983 omnibus
1228 943 1385 998 quibus
1420 945 1616 998 poteritis
1641 945 1875 986 intendatis
1901 952 1942 987 et
1974 952 2174 1002 tanquam
2200 949 2372 989 ‹lomim›

178 1008 219 1049 in
251 1008 448 1050 omnibus
480 1009 657 1052 obedire
685 1011 856 1051 curetis.
911 1011 962 1052 In
986 1012 1106 1053 cuius
1133 1013 1191 1053 rei
1217 1013 1510 1054 testimonium
1538 1014 1683 1068 sigilla
1708 1019 1852 1055 nostra
1876 1016 2150 1070 presentibus
2175 1018 2374 1059 «luximus

179 1077 446 1133 apponenda.

322 1147 436 1188 Data
468 1147 536 1188 die
569 1152 612 1189 et
643 1163 756 1189 anno
789 1149 1006 1205 predictis,
1059 1150 1236 1192 Valete!

270 1353 373 1398 386.
411 1356 733 1399 RICHARDI
761 1356 1014 1400 OOMITIS
1048 1357 1485 1400 GLOCESTRIAE
1511 1360 1595 1400 ET
1622 1359 1928 1402 IOHANNIS
1958 1361 2290 1405 PROMISSJO

479 1425 572 1468 DE
597 1425 835 1469 FEUDIS
866 1427 952 1468 ΕΤ
979 1426 1281 1470 PRAEDHS
1315 1427 1671 1471 ‹JONRADINL
1736 1432 1856 1471 1:257.
1891 1432 1986 1474 Ian.
2007 1433 2073 1473 25.

318 1506 558 1549 Edideremt
587 1507 865 1549 Illomementa
901 1508 1035 1549 Boz'ca
1070 1509 1218 1560 XXX,
1243 1512 1279 1560 1,
1301 1511 1386 1550 5¹2&
1416 1523 1483 1552 nr.
1506 1512 1590 1550 800
1632 1525 1684 1550 esc
1721 1511 1954 1553 authentico
1993 1513 2197 1554 tabularii
2233 1514 2376 1554 domus

175 1576 312 1630 regiae
345 1576 613 1627 Bawamae,
647 1576 756 1630 quod
784 1590 897 1619 mmo
928 1579 1106 1630 reperiri
1135 1592 1218 1620 non
1243 1582 1401 1633 potest;
1432 1579 1688 1631 appendebat
1712 1580 1999 1635 smyrnensem
2021 1583 2152 1634 siqulc'
2174 1584 2376 1625 Iohannis

175 1645 224 1687 dc
254 1645 434 1687 Avcsm's
478 1659 568 1687 eum
609 1647 912 1699 contrasiyillo,
962 1647 1101 1700 siyillo
1139 1648 1345 1689 Richards
1385 1649 1543 1689 comitis
1588 1649 1671 1689 iam
1709 1649 1929 1703 deperdito.
1992 1653 2291 1704 Auloyraplzmz
2334 1653 2376 1692 in

175 1728 277 1757 usus
297 1716 418 1757 vertit
439 1716 563 1756 etiam
583 1715 799 1769 Hei-mayr
821 1716 1008 1758 ‘Wiener
1030 1716 1305 1758 Jahrbicclcer'
1330 1716 1494 1768 XLIV,
1526 1718 1815 1771 Anzcisyeblatt
1841 1720 1891 1759 15
1915 1733 1980 1762 nr.
2000 1723 2069 1762 31.
2102 1745 2152 1750 —-
2182 1721 2375 1769 Roma-r,

175 1783 275 1839 Req.
307 1785 406 1838 imp.
431 1785 584 1827 11775.
2000 1788 2069 1842 (P.
2092 1789 2234 1841 deest.)

319 1900 407 1942 Nos
438 1901 723 1943 Ritschardus
757 1916 901 1943 comes
934 1902 987 1944 de
1021 1901 1244 1945 Glohziter
1276 1907 1319 1945 et
1342 1903 1559 1945 Iohannes
1593 1903 1645 1945 de
1673 1904 1871 1945 Auennis
1904 1905 2041 1955 miles,
2077 1905 2189 1947 filius
2222 1907 2377 1962 primo-

175 1971 347 2026 genitus
380 1971 437 2013 M.
480 1972 700 2012 comitisse
740 1971 965 2023 Flandrie,
1019 1973 1259 2014 existentes
1310 1973 1511 2028 legitimi,
1564 1974 1825 2029 sollempnes
1873 1980 1915 2015 et
1965 1976 2195 2016 auctentici
2238 1977 2376 2016 nuncii

173 2041 353 2082 illustris
398 2041 476 2082 viri
520 2040 678 2082 domini
711 2040 931 2082 Ritshardi
963 2041 1255 2083 Romanorum
1300 2043 1341 2083 in
1381 2057 1526 2097 regem
1568 2042 1713 2088 electi,
1759 2043 1902 2084 fratris
1936 2045 2050 2098 regis
2083 2045 2262 2099 Anglie,
2304 2059 2378 2100 pro

175 2110 363 2166 negotiis
396 2111 484 2152 suis
517 2111 559 2151 in
593 2110 789 2166 partibus
813 2111 1072 2152 Alemannie
1101 2110 1398 2167 disponendis,
1431 2112 1625 2167 presenti
1650 2112 1808 2168 scripto
1839 2113 2091 2168 profitemur
2114 2118 2157 2155 et
2180 2118 2378 2155 constare

173 2181 370 2222 volumus
410 2180 623 2221 universis
662 2185 748 2221 tam
789 2181 1065 2237 presentibus
1097 2194 1226 2236 quam
1267 2182 1442 2234 futuris,
1487 2181 1599 2237 quod
1633 2195 1711 2222 nos
1753 2182 1879 2222 tactis
1915 2184 2199 2223 sacrosanctis
2233 2198 2376 2224 ewan-

175 2249 299 2304 geliis
341 2249 576 2291 iuravimus
624 2249 667 2290 in
715 2250 902 2291 animam
948 2249 1130 2305 predicti
1169 2249 1335 2291 domini
1373 2250 1424 2292 R.
1465 2250 1760 2292 Romanorum
1804 2251 1844 2291 in
1887 2266 2035 2306 regem
2079 2252 2225 2299 electi,
2269 2252 2378 2306 quod

175 2331 302 2373 quam
335 2319 417 2360 cito
448 2318 560 2360 idem
595 2317 794 2359 dominus
828 2319 995 2360 electus
1028 2319 1069 2359 in
1102 2333 1249 2375 regem
1273 2318 1569 2361 Romanorum
1600 2324 1828 2361 coronatus
1862 2321 2002 2371 fuerit,
2035 2320 2208 2361 domino
2232 2320 2376 2361 Chvn-

174 2387 277 2428 rado
316 2402 451 2444 puero
489 2388 636 2429 inclito
675 2387 918 2430 Ierusalem
957 2393 1000 2429 et
1037 2387 1184 2430 Sicilie
1226 2390 1318 2444 regi
1360 2404 1409 2430 ac
1450 2390 1548 2431 duci
1582 2390 1743 2431 Sueuie
1783 2390 1924 2445 ipsum
1965 2389 2167 2431 ducatum
2203 2390 2378 2437 Sueuie,

176 2461 378 2498 cessante
412 2457 527 2498 omni
558 2458 852 2513 protractione
886 2471 935 2499 ac
968 2457 1321 2510 contradictione,
1356 2472 1452 2499 eum
1477 2459 1676 2500 omnibus
1708 2459 1955 2511 honoribus,
1988 2459 2153 2500 iuribus
2178 2464 2220 2500 et
2246 2460 2377 2514 perti-

174 2527 329 2568 nentiis
361 2527 448 2568 suis
480 2527 607 2568 titulo
642 2527 834 2568 conferat
866 2527 1039 2569 feodali.
1101 2526 1381 2569 Includentes
1414 2528 1716 2570 nichilominus
1750 2529 1990 2569 iuramento
2013 2532 2158 2569 nostro
2191 2528 2375 2583 prestito

175 2595 304 2637 etiam
336 2597 378 2638 in
410 2597 599 2638 animam
632 2596 870 2653 supradicti
903 2595 954 2637 R.
988 2595 1284 2638 Romanorum
1318 2597 1360 2638 in
1393 2611 1543 2653 regem
1576 2598 1717 2648 electi,
1751 2597 1862 2653 quod
1895 2598 1988 2652 ipse
2022 2598 2187 2638 electus
2212 2610 2373 2637 memo-

174 2669 314 2707 ratum
338 2665 615 2708 Chvnradum
648 2680 830 2723 puerum
862 2666 905 2707 in
936 2666 1135 2707 omnibus
1169 2666 1263 2707 aliis
1295 2667 1420 2708 bonis
1445 2668 1533 2708 suis
1558 2671 1645 2708 tam
1678 2667 2053 2723 patrimonialibus
2078 2680 2203 2722 quam
2227 2665 2374 2707 feoda-

172 2734 305 2788 libus,
347 2735 438 2777 sive
479 2750 558 2792 per
597 2736 919 2778 successionem
962 2735 1268 2777 hereditariam
1309 2737 1400 2778 sive
1446 2751 1523 2793 per
1563 2738 1822 2793 emptionem
1866 2740 1939 2777 aut
1981 2736 2065 2776 alio
2107 2748 2376 2790 quocumque

175 2805 304 2847 modo
342 2805 524 2857 habitis,
565 2819 647 2862 que
686 2806 740 2847 ab
779 2819 860 2847 avo
893 2820 969 2847 suo
1002 2806 1176 2847 domino
1207 2805 1429 2847 Friderico
1463 2806 1759 2848 Romanorum
1792 2805 2007 2862 quondam
2040 2805 2301 2860 imperatore
2335 2808 2376 2844 et

175 2888 200 2915 a
230 2879 353 2931 patre
387 2889 463 2917 suo
495 2874 668 2917 domino
702 2874 934 2916 Chvnrado
966 2874 1184 2930 quondam
1215 2874 1507 2917 Romanorum
1542 2876 1583 2916 in
1616 2889 1760 2930 regem
1795 2875 1933 2916 electo
1967 2888 2016 2915 ac
2050 2874 2178 2914 etiam
2202 2874 2255 2914 ab
2280 2873 2375 2913 aliis

174 2944 524 3000 progenitoribus
568 2945 656 2987 suis
698 2944 751 2986 ad
792 2945 932 3001 ipsum
970 2944 1174 2986 devoluta
1215 2949 1334 2997 sunt,
1376 2945 1466 2986 sive
1499 2945 1739 2986 consistant
1779 2944 1821 2984 in
1861 2943 2105 2984 hominibus
2146 2942 2374 2987 nobilibus.v

174 3013 361 3055 fassallis
402 3018 446 3056 et
484 3015 620 3056 servis
662 3018 735 3056 aut
785 3015 916 3056 etiam
958 3014 1001 3055 in
1039 3013 1239 3056 dominiis
1279 3018 1513 3066 terrarum,
1558 3014 1800 3065 civitatum,
1842 3017 2095 3062 castrorum,
2139 3011 2374 3067 opidorum,

174 3083 375 3125 villarum
409 3087 452 3126 et
484 3084 665 3126 aliorum
689 3097 1057 3140 quorumcumque
1090 3083 1315 3135 bonorum,
1349 3083 1609 3139 ubicumque
1633 3083 1717 3124 sint
1749 3083 1843 3135 sita,
1875 3085 2028 3136 gravet
2060 3081 2305 3122 nullatenus
2331 3085 2374 3121 et

176 3152 414 3207 perturbet.
484 3153 623 3196 Immo
665 3153 912 3210 supradicta
950 3153 1094 3194 omnia
1136 3152 1269 3204 bona,
1316 3153 1408 3194 iure
1446 3152 1665 3195 mediante
1707 3153 1774 3193 vel
1813 3150 2026 3192 amicabili
2068 3151 2374 3206 compositione

176 3221 514 3275 interveniente,
556 3223 806 3279 sepedictus
839 3223 890 3264 R.
925 3222 1220 3264 Romanorum
1251 3222 1293 3262 in
1326 3236 1475 3277 regem
1509 3222 1675 3263 electus
1708 3220 1958 3261 nominatim
1992 3233 2016 3260 a
2049 3219 2175 3260 bonis
2208 3219 2372 3274 imperii

177 3289 444 3347 distinguere
475 3296 649 3334 tenetur
680 3296 724 3334 et
755 3292 997 3347 sepefatum
1020 3290 1297 3332 Ohvnradum
1319 3304 1502 3346 puerum
1526 3289 1760 3332 eorundem
1784 3289 1927 3330 facere
1954 3288 2142 3342 quietum
2167 3292 2210 3328 et
2231 3287 2371 3341 legiti-

176 3373 292 3401 mum
331 3375 645 3416 possessorem.
714 3361 784 3403 Ad
823 3362 956 3403 robur
995 3361 1126 3402 etiam
1179 3359 1470 3415 predictorum
1510 3360 1552 3400 in
1592 3364 1812 3414 posterum
1860 3357 2088 3398 valiturum
2133 3356 2374 3412 prelibatus

176 3427 228 3472 R.
259 3429 554 3472 Romanorum
592 3431 636 3472 in
676 3445 825 3486 regem
865 3430 1030 3472 electus
1078 3429 1372 3485 suprascripta
1412 3429 1555 3469 omnia
1595 3427 1832 3483 privilegiis
1877 3426 1963 3466 suis
2003 3438 2097 3465 cum
2133 3425 2372 3480 apositione

177 3499 335 3553 regalis
377 3499 508 3555 sigilli
547 3500 613 3541 sui
655 3500 926 3542 confirmabit
966 3499 1057 3539 sine
1092 3497 1190 3539 dolo
1224 3502 1266 3539 et
1304 3497 1454 3539 fraude
1487 3496 1794 3538 inviolabiliter
1826 3493 2109 3536 observanda.
2169 3493 2219 3534 In
2253 3494 2373 3534 cuius

178 3567 241 3608 rei
283 3568 580 3610 testimonium
621 3572 664 3610 et
704 3568 902 3610 stabilem
945 3567 1190 3609 firmitatem
1232 3570 1479 3622 presentem
1520 3565 1709 3607 litteram
1750 3578 1845 3605 cum
1886 3563 2169 3604 annotacione
2203 3562 2371 3602 testium

180 3636 309 3678 scribi
342 3637 523 3679 fecimus
556 3639 793 3693 sigillorum
825 3642 1067 3678 nostrorum
1102 3636 1337 3677 munimine
1370 3635 1630 3676 roboratam.
