2558 3970
104 933 136 958 10

103 1277 134 1302 15

102 1627 134 1652 20

98 1978 130 2004 25

101 2324 134 2350 30

542 177 774 213 RICHARDI
801 177 944 212 REGIS
971 179 1402 216 coNs'l'l'lU'l'l‹mli-5.
1457 182 1552 215 1:257.
1598 183 1690 216 1265».
1745 183 1807 218 δι’.
1825 186 1900 217 ΜΗ,
1928 185 2005 217 355».
2291 189 2369 226 457

318 292 443 340 Quod
476 298 624 334 eontra
654 294 973 348 privilegiorum
1009 300 1245 335 vestrorum
1280 302 1472 338 tenorem
1509 298 1627 338 vobis
1664 306 1748 339 tam
1782 314 1804 338 a
1832 301 2134 340 Cameracensi
2168 301 2370 356 episcopo

174 375 301 418 quam
340 376 365 402 a
404 360 710 404 Cameracensi
753 363 939 404 ecclesia
983 377 1286 405 concessorum
1338 364 1653 407 Cameracense
1703 369 1957 423 capitulum,
2008 369 2116 410 sieut
2165 370 2370 412 asseritis.

173 431 390 472 iniuriosis
430 432 640 473 molestiis
679 445 756 473 vos
801 432 975 487 fatigat,
1022 446 1154 487 grave
1194 434 1388 475 ducimus
1431 440 1471 475 et
1504 437 1755 478 molestum.
1798 437 1980 478 libenter
2019 438 2069 478 ad
2113 438 2191 479 hoc
2225 452 2370 479 curam

174 504 366 542 nostram
400 504 445 542 et
476 514 676 556 operam,
709 502 742 548 si
775 501 958 543 facultas
991 502 1114 543 nobis
1149 503 1398 557 specialiter
1432 504 1696 559 indulgeret.
1739 506 1927 560 dirigere
1962 508 2206 562 cupientes,
2241 512 2287 548 ut
2317 506 2370 547 ad

175 570 380 612 honorem
403 569 486 612 Dei
511 575 553 612 et
575 572 931 626 tranquillitatem
956 576 1143 613 vestram
1172 572 1414 614 huiusmodi
1440 575 1551 615 inter
1575 589 1649 615 vos
1674 575 1868 616 turbae-io
1894 576 2131 618 sedaretur.
2184 576 2368 617 Verum-

171 643 317 681 tamen
350 639 459 680 scire
494 653 570 681 vos
605 640 816 691 volumus,
849 640 962 696 quod
1002 641 1158 681 iustam
1194 641 1317 682 nobis
1352 643 1593 698 relinquitis
1627 643 1679 685 de
1705 645 1826 685 vobis
1861 647 2081 686 materiam
2107 646 2369 700 querelandi,

171 722 268 750 cum
308 708 440 750 nobili
480 709 568 750 viro
608 709 791 750 Iohanni
835 709 887 751 de
929 710 1126 751 Avesnes
1168 709 1326 752 dilecto
1367 712 1565 753 familiari
1605 718 1647 753 et
1689 715 1934 754 consiliario
1974 720 2140 760 nostro,
2183 714 2233 754 ad
2277 715 2367 754 uni-

171 777 388 820 versitatis
422 782 565 819 vestre
606 779 879 834 presenciam
920 793 998 834 pro
1038 779 1253 834 exigendo
1293 785 1336 822 ct
1375 781 1623 836 recipiendo
1657 798 1681 823 a
1715 784 1836 824 vobis
1878 790 2022 824 nostro
2061 784 2231 824 nominc
2266 784 2368 824 fide-

172 847 305 889 litatis
338 847 462 888 nobis
495 847 643 890 debite
676 849 916 890 iuramento
950 863 975 889 a
1012 849 1270 891 celsitudine
1303 855 1449 891 nostra
1472 852 1616 901 misso,
1651 851 1894 893 huiusmodi
1919 853 2202 893 iuramentum
2229 859 2372 908 preter

173 930 328 972 equum
369 921 413 958 et
451 915 615 958 licitum
654 916 975 972 denegaveritis
1018 918 1241 960 exhibere.
1306 918 1366 960 Ut
1408 919 1537 974 igitur
1579 921 1925 962 mansuetudinis
1966 927 2108 961 nostre
2141 922 2371 962 clementia

170 987 281 1028 hanc
317 986 360 1027 in
392 986 512 1028 vobis
545 1000 630 1028 non
668 986 857 1028 debitam
891 988 1036 1029 valeat
1067 987 1260 1029 emollire
1297 987 1527 1034 duriciam,
1563 990 1718 1031 iterato
1752 990 1936 1031 eundem
1971 990 2157 1031 nobilem
2191 990 2243 1031 ad
2277 992 2368 1031 uni—

170 1055 388 1098 versitatis
411 1059 556 1097 vestre
592 1056 856 1111 presentiam
888 1056 1091 1098 duximus
1124 1056 1446 1106 destinandum,
1479 1058 1758 1113 prudenciam
1784 1065 1969 1100 vestram
2001 1066 2204 1114 rogantes
2229 1065 2367 1100 atten-

169 1126 259 1168 cius
300 1130 342 1166 et
381 1129 604 1167 monentes
644 1140 694 1167 ac
727 1140 804 1182 per
842 1126 990 1176 fidem,
1032 1141 1116 1183 qua
1148 1142 1270 1169 sacro
1304 1127 1498 1169 Romano
1537 1130 1701 1170 astricti
1736 1131 1840 1170 estis
1875 1130 2076 1184 imperio,
2119 1129 2370 1183 diligencius

171 1195 447 1237 obsecrantes
481 1194 688 1250 vobisque
722 1195 1026 1237 nichilominus
1054 1197 1310 1239 auctoritate
1351 1198 1473 1252 regia
1506 1197 1686 1239 firmiter
1718 1198 2006 1252 iniungentes,
2039 1199 2239 1253 quatinus
2273 1213 2367 1253 pre-

172 1266 261 1308 fato
293 1265 427 1306 nobili
460 1265 552 1306 loco
585 1266 719 1306 nostri
751 1266 956 1321 prestetis
988 1265 1209 1308 fidelitatis
1242 1266 1366 1307 nobis
1400 1266 1544 1308 debite
1577 1268 1887 1319 iuramentum,
1922 1267 2044 1308 nobis
2078 1268 2180 1322 ipsis
2214 1274 2369 1309 tamen.

171 1334 408 1391 siquando
449 1334 504 1376 ad
544 1334 763 1376 civitatem
796 1340 985 1376 vestram
1028 1350 1105 1376 nos
1147 1336 1294 1377 venire
1337 1336 1619 1391 contingerit,
1663 1337 1920 1380 iterandum.
1982 1336 2072 1377 Nos
2111 1336 2223 1377 enim
2257 1336 2369 1392 apud

169 1405 381 1448 Leodium
415 1405 698 1460 solempniter
729 1405 885 1447 iudicio
917 1406 1188 1461 presidentes
1223 1406 1488 1447 obtinuimus
1521 1406 1680 1448 ibidem
1715 1421 1791 1462 per
1823 1407 2089 1447 sentenciam
2113 1406 2370 1446 unanimiter

169 1476 222 1517 ab
255 1474 456 1517 omnibus
488 1474 707 1516 nobilibus
741 1479 785 1516 et
816 1475 910 1516 aliis
944 1474 1104 1516 ibidem
1137 1476 1412 1531 presentibus
1445 1476 1606 1517 nostris
1641 1482 1683 1517 et
1717 1476 1827 1517 sacri
1862 1475 2027 1531 imperii
2052 1475 2236 1515 Romani
2265 1474 2368 1515 fide-

168 1545 282 1586 libus
304 1543 601 1600 approbatam,
635 1544 746 1599 quod
769 1558 918 1585 omnes
943 1548 984 1585 et
1007 1544 1178 1599 singule
1202 1544 1400 1586 civitates
1424 1545 1593 1600 imperii
1616 1545 1812 1586 Romano
1838 1545 1928 1599 regi
1953 1545 2205 1586 fidelitatem
2229 1545 2368 1584 facere

172 1614 225 1656 de
256 1614 360 1655 iuris
392 1612 538 1655 debito
572 1618 671 1655 sunt
701 1613 880 1655 astricti.
944 1612 1039 1660 Qua
1071 1613 1219 1654 audita
1251 1614 1474 1655 sentencia
1507 1615 1622 1656 cives
1646 1614 1914 1656 Leodienses
1949 1615 2093 1655 statim
2128 1613 2247 1654 nobis
2278 1614 2368 1653 sinc

167 1683 399 1726 cuiuslibet
435 1683 702 1724 difficultatis
741 1682 967 1724 obstaculo
1000 1681 1220 1724 fidelitatis
1258 1683 1541 1724 iuramentum
1581 1683 1879 1738 sollempniter
1922 1683 2215 1738 prestiterunt.
2279 1682 2370 1723 Nee

168 1753 355 1796 credatis
387 1757 535 1794 nostre
567 1752 824 1794 intencionis
855 1751 1059 1802 existere,
1093 1751 1204 1807 quod
1228 1766 1283 1793 ex
1306 1753 1581 1808 prestacione
1605 1751 1851 1793 huiusmodi
1882 1752 2110 1792 iuramenti
2134 1751 2370 1792 venerabili

170 1822 479 1865 cameracensi
520 1822 720 1878 episcopo
760 1821 918 1863 dilecto
961 1822 1147 1878 principi
1189 1826 1231 1863 et
1270 1822 1527 1864 cancellario
1570 1826 1714 1863 nostro
1756 1836 1805 1863 ac
1839 1820 2143 1863 Cameracensi
2185 1821 2369 1862 ecclesie

167 1891 340 1948 aliquod
373 1891 657 1948 preiudicium
689 1896 934 1947 generetur,
967 1898 1136 1948 ymmoa
1168 1892 1376 1940 volumus,
1410 1891 1521 1947 quod
1554 1891 1656 1947 ipsis
1688 1905 1764 1947 per
1795 1891 1937 1933 omnia
1970 1891 2090 1932 salva
2120 1895 2370 1931 remaneant

167 1962 262 2004 iura
303 1974 394 2003 sua.
457 1960 515 2001 Et
555 1974 651 2002 cum
694 1961 916 2017 sepedicto
949 1961 1132 2002 Iohanni
1173 1961 1422 2003 dederimus
1464 1961 1507 2002 in
1547 1961 1782 2013 mandatis,
1824 1961 1935 2016 quod
1976 1965 2150 2016 recepto
2193 1975 2218 2001 a
2250 1960 2369 2001 vobis

165 2034 314 2073 nostro
346 2030 519 2072 nomine
557 2030 805 2072 huiusmodi
835 2030 1054 2072 fidelitatis
1086 2031 1210 2072 nobis
1243 2030 1388 2073 debite
1422 2031 1684 2084 iuramento,
1726 2045 1802 2072 vos
1836 2035 1981 2072 nostro
2016 2031 2186 2071 nomine
2221 2033 2370 2070 contra

166 2099 438 2142 iniuriatores
470 2103 640 2142 vestros
679 2104 960 2142 manuteneat
992 2105 1036 2142 et
1067 2100 1291 2153 defendat,
1333 2100 1456 2142 vobis
1497 2101 1693 2142 similiter
1731 2101 1994 2156 iniungimus
2026 2104 2071 2141 et
2103 2098 2370 2149 mandamus,

167 2173 381 2224 quatenus
414 2169 556 2211 eidem
588 2175 809 2226 tamquam
841 2175 988 2212 nostro
1021 2170 1182 2212 vicario
1206 2170 1329 2212 vobis
1362 2184 1499 2226 usque
1523 2169 1577 2211 ad
1608 2174 1753 2211 nostre
1786 2169 2111 2225 beneplacitum
2134 2168 2370 2210 voluntatis

168 2238 364 2294 prefecto
403 2239 445 2280 in
489 2240 594 2290 hiis,
637 2240 679 2281 in
713 2240 868 2296 quibus
900 2240 1025 2282 nobis
1066 2246 1287 2295 tamquam
1320 2240 1516 2281 Romano
1548 2240 1642 2295 regi
1683 2239 1907 2280 intendere
1941 2238 1993 2280 de
2027 2239 2118 2279 iure
2151 2238 2369 2288 tenemini,

169 2307 356 2350 fideliter
387 2309 633 2361 intendatis,
668 2309 878 2351 dictorum
916 2310 1108 2366 episcopi
1141 2314 1184 2352 et
1216 2308 1544 2351 Cameracensis
1584 2309 1766 2351 ecclesie
1814 2309 1976 2350 iuribus
2021 2322 2193 2363 semper
2225 2307 2369 2348 salvis.

311 2378 472 2420 Datum
506 2379 673 2431 Leodii,
707 2379 946 2421 XXVIIII.
981 2380 1049 2421 die
1084 2380 1300 2430 Octobris,
1334 2379 1419 2420 ind.
1444 2379 1478 2431 I,
1511 2378 1634 2434 regni
1668 2379 1800 2420 nostri
1833 2393 1943 2419 anno
1974 2377 2006 2417 I.

221 2791 357 2861 389.
395 2792 531 2860 390.
585 2787 1098 2861 CASSATIO
1152 2785 1811 2860 EXACTIONIS
1867 2783 2326 2857 UNGELT.

1071 2914 1214 2961 1269.
1252 2914 1372 2973 Apr.
1397 2913 1475 2960 eo,

315 3059 591 3101 Exactionem
631 3060 771 3113 urzyelt
807 3060 854 3101 in
885 3060 1004 3101 curia
1036 3059 1332 3103 Wormatierzsi
1362 3072 1446 3101 non
1477 3059 1608 3100 solum
1639 3058 1756 3098 intra
1787 3057 1992 3098 civitatem
2027 3054 2369 3097 Wormatienscm

104 3144 136 3170 ³5
172 3129 244 3171 sed
271 3129 421 3182 ubique
444 3130 701 3182 prohibitam
731 3143 826 3180 csse,
855 3132 968 3182 patet
998 3144 1018 3171 c
1048 3129 1244 3172 mandato
1274 3130 1383 3183 reyis·
1412 3129 1469 3170 ad
1494 3127 1819 3181 Arycntincnses
1853 3126 1968 3176 infra
1999 3137 2064 3164 nr.
2090 3125 2187 3165 391.
2252 3122 2370 3176 Quod

162 3201 334 3250 praeter
378 3212 511 3252 regem
557 3199 682 3240 etiam
725 3199 1057 3253 archiepiscopus
1104 3199 1386 3253 ,Moyuntinus
1439 3197 1704 3240 cessationem
1748 3195 1962 3237 consulum
2001 3192 2367 3236 Wormaticrzsiam

172 3267 487 3318 renuntiaverit,
518 3270 622 3310 certe
652 3268 870 3310 miramur.

879 3380 982 3424 389.
1018 3380 1421 3425 DECLARATIO
1458 3379 1660 3422 REGIS.

316 3461 446 3505 Dedit
475 3463 541 3504 vir
571 3463 620 3504 el.
651 3462 774 3516 Wyss
804 3477 857 3505 ex
886 3462 1142 3517 autoyrapho
1165 3462 1369 3504 tabularii
1387 3459 1751 3503 Darmstadierisis
1773 3458 1879 3511 sisyn.
1905 3456 2067 3499 Worms
2090 3457 2218 3505 103a,
2251 3455 2368 3495 cuius

106 3550 140 3576 ιο
173 3532 359 3586 siyillum
399 3532 558 3574 laesum
597 3532 688 3573 lora
724 3532 1037 3574 membranacea
1074 3544 1304 3584 appensam
1341 3533 1420 3581 est5
1459 3543 1538 3582 quo
1576 3528 1698 3570 etiam
1740 3539 1840 3568 usas
1870 3528 1929 3566 est
1958 3524 2090 3565 editor
2119 3524 2367 3565 novissimus

173 3600 286 3642 Boos
317 3600 670 3644 ‘Urkaemdenbuch
701 3600 774 3642 der
803 3600 926 3642 Stadii
953 3600 1128 3643 Worms’
1151 3600 1188 3650 Ι,
1209 3600 1293 3641 225
1324 3612 1387 3640 nr.
1412 3601 1508 3640 346.
1542 3622 1596 3628 ——
1627 3596 1821 3645 Bolimer,
1852 3594 1952 3647 Rey.
1986 3593 2082 3644 imp.
2115 3591 2159 3642 V,
2183 3592 2306 3634 5456.

309 3715 396 3755 388·
427 3716 460 3759 a)
485 3727 564 3760 ymo
589 3727 616 3750 c.
1962 3660 2031 3715 (P.
2055 3662 2173 3711 382.)
