2558 3970
195 160 270 197 170
669 156 908 190 FRlDERICI
938 156 980 189 ll.
1008 155 1437 190 CONSTITUTIONES.
1488 156 1585 189 1230.
1634 156 1792 190 N1·.125.
1822 156 1896 190 126.

189 271 412 325 pei-iulium
446 269 740 323 magnitudine
775 270 961 323 gloriari.
1025 269 1091 310 Ad
1125 270 1204 311 hoc
1237 274 1400 315 autem,
1441 271 1541 324 quia
1578 270 1630 311 de
1664 274 1808 312 vestra
1847 269 2071 311 devotione
2111 270 2238 325 plene
2271 284 2372 311 con-

189 339 373 379 fidimus.
424 353 522 379 cccc
570 339 875 378 committimus
918 338 1034 379 vobis
1074 344 1115 379 ct
1159 339 1328 393 plenam
1375 338 1649 380 concedimus
1695 342 1955 393 potestatem
2005 338 2288 393 componendi
2332 343 2375 380 et

189 406 397 447 tractandi
443 421 535 447 cum
584 407 780 447 omnibus
825 407 1071 447 civitatibus
1113 410 1155 447 ot
1199 407 1323 448 terris
1364 407 1646 457 Lombardie,
1695 421 1800 462 quas
1841 407 2046 462 expedire
2086 406 2278 448 videritis
2321 407 2374 448 ad

189 475 390 514 honorem
423 475 607 529 imperii.
648 475 869 515 servitium
902 479 1093 515 nostrum
1125 488 1174 515 ac
1208 475 1366 515 bonum
1401 479 1557 516 statum
1591 479 1634 516 et
1667 489 1889 516 comunem
1923 475 2152 516 utilitatem
2186 479 2374 517 vestram

189 543 297 582 vcllc
332 543 482 583 rcdirc.
544 543 632 583 Nos
674 543 786 584 enim
828 543 1064 584 secundum
1099 543 1411 584 ordinationem
1447 547 1489 584 et
1529 547 1762 585 tractatum
1796 548 1986 585 vestrum
2021 544 2277 585 remittimus
2311 545 2373 586 eis

188 612 407 651 offensam.
443 626 566 665 quum
601 612 808 652 hactenus
842 616 988 652 contra.
1022 615 1208 652 nostram
1242 612 1546 653 excellentiam
1581 613 1902 657 commiserunt,
1936 612 2192 667 recipientes
2224 628 2299 655 eos
2332 614 2374 654 in

186 680 365 731 gratiam
402 686 602 721 nostram.
667 680 876 727 Quocirca
909 680 1125 721 devotioni
1149 685 1292 721 vestre
1326 680 1592 729 mandamus,
1626 681 1827 735 quatinus
1853 681 1966 722 circa
1996 680 2075 722 hec
2100 686 2142 722 et
2163 682 2259 733 alia,
2294 697 2375 737 que

189 747 341 788 vidctis
376 748 426 788 ad
462 754 605 789 nostra
631 754 673 789 ct
696 749 863 803 imperii
887 754 1085 804 spectare
1110 750 1300 799 servitia,
1334 750 1459 791 solite
1485 749 1726 791 devotionis
1751 750 1937 791 studium
1962 751 2202 805 apponatis,
2237 752 2376 792 securi

187 816 297 871 quod
343 832 417 857 nos
463 822 673 872 perpetuo
722 822 859 858 ratum
909 822 951 858 et
998 818 1165 858 firmum
1216 817 1473 858 habebimus
1522 817 1723 873 quicquid
1771 832 1864 859 cum
1916 818 2118 874 predictis
2165 819 2375 861 duxeritis

187 885 474 925 statuendum.
536 886 603 926 Ad
637 886 760 926 huius
794 892 938 927 autem
972 887 1032 927 rei
1065 891 1318 941 perpetuam
1351 887 1596 927 firmitatem
1630 901 1810 942 presens
1844 888 2048 943 scriptum
2080 888 2173 929 fieri
2195 892 2238 929 et
2259 888 2376 929 bulla

187 967 315 994 aurea
350 955 514 1008 typario
549 960 695 995 nostre
729 956 966 996 maiestatis
1001 956 1216 1010 impressa
1248 955 1453 995 iussimus
1486 956 1751 997 communiri.

332 1021 426 1063 liat.
464 1022 609 1075 Fugio.
643 1037 753 1064 aimo
786 1023 998 1065 dominice
1033 1024 1340 1064 incarnationis
1372 1024 1601 1064 millesimo
1633 1024 1928 1066 ducentesimo
1962 1025 2194 1077 tricesimo,
2228 1039 2375 1066 mense

187 1091 358 1144 Aprilis.
395 1092 524 1131 tercie
559 1091 641 1131 ind.

294 1463 592 1530 miz-149.
654 1461 860 1530 PAX
919 1462 1153 1533 CUM
1204 1462 1739 1533 ECCLESIA
1796 1463 2276 1535 ROMANA.

993 1640 999 1645 .
1055 1599 1196 1646 13230.
1235 1600 1323 1646 Iul.
1348 1626 1386 1629 —
1410 1599 1514 1647 Oct.

327 1741 722 1793 Instrumentormn7
765 1758 868 1795 quem
898 1744 1113 1795 pertinent
1143 1744 1199 1784 acl
1224 1758 1366 1795 paoem
1397 1745 1512 1796 apud
1543 1744 1587 1787 S.
1621 1744 1880 1786 Germanum
1911 1747 1948 1786 ez}
1982 1745 2186 1797 Ceperam:
2215 1745 2378 1797 mitam,

187 1810 331 1861 ra'gse'nti
362 1810 441 1851 duo
472 1811 593 1851 Pcrt:
622 1826 660 1852 (ι.
687 1815 808 1862 1823,
840 1813 1082 1853 Annalibus
1113 1813 1395 1855 ecelesiasticis
1428 1814 1468 1854 in
1500 1813 1731 1853 subsidium
1761 1814 1970 1864 attractis,
2004 1814 2112 1854 eruit
2143 1829 2162 1854 e
2193 1813 2378 1866 Reqistm·

189 1880 381 1930 (inglorii
407 1880 486 1920 [X.
514 1884 615 1921 {omo
632 1881 667 1930 I.
695 1882 774 1934 fol.
802 1884 1036 1921 Jo'l—-lo's
1094 1886 1275 1933 Quorum
1298 1882 1482 1922 ordinem
1504 1881 1827 1935 elerouoloyc'eum
1850 1897 1921 1933 ope
1941 1882 2135 1923 editionis
2156 1882 2380 1924 Huillardz'

185 1950 219 1986 cl
254 1949 457 1999 immonis
491 1950 570 1989 riri
599 1950 646 1991 el.
672 1950 822 1990 Ficlcer
845 1949 1110 2001 Reslesborum
1144 1951 1308 2001 imperii
1329 1951 1426 1991 tomi
1453 1950 1497 1993 V.
1522 1950 1781 2003 sequals-selmo·
1805 1953 2060 1992 renovatoris
2082 1950 2337 1992 restituimus
2354 1954 2377 2002 ¹,

188 2029 312 2056 nnzme
357 2018 397 2057 ln
439 2017 519 2058 dno
557 2022 641 2069 (nr.
668 2021 749 2059 137
779 2021 817 2058 et
848 2020 950 2072 139)
991 2019 1249 2071 seefzmyentes
1287 2022 1325 2060 et
1360 2032 1490 2061 uuum
1528 2020 1727 2071 scriptum
1759 2021 1972 2073 (2222138)
2004 2020 2176 2062 aliunde
2199 2020 2377 2072 petitum

184 2083 391 2127 addentes.

463 2186 561 2228 126.
604 2188 928 2232 SCRIPTUM
955 2189 1045 2231 DE
1073 2189 1450 2232 IURAMENTO
1482 2188 1865 2232 MARGARITI.
1928 2189 2010 2230 Iul.
2032 2191 2102 2233 21.

350 2269 426 2319 ἴσα.
461 2282 522 2308 ην.
542 2271 580 2310 4.
613 2294 666 2298 —-
700 2269 1164 2313 Huillaeml-Brelcolles
1195 2271 1283 2320 III,
1305 2272 1389 2310 209
1421 2283 1487 2310 nr.
1511 2269 1594 2310 IV.
1655 2269 1849 2319 Bo'lcmer,
1881 2269 1980 2322 Rey.
2015 2271 2110 2322 imp.
2139 2270 2183 2320 V,
2207 2271 2330 2313 1795.

1993 2338 2061 2391 (P.
2084 2341 2204 2389 270.)

329 2439 516 2493 Mando)
550 2442 828 2483 miseratione
853 2441 998 2482 divina
1021 2442 1212 2497 Reginus
1237 2447 1280 2484 et
1305 2476 1313 2485 .
1332 2475 1340 2483 .
1365 2440 1597 2483 Barensis2
1619 2441 1948 2497 archiepiscopi,
1981 2475 1990 2484 .
2011 2474 2018 2482 .
2043 2442 2266 2497 episcopus
2288 2443 2373 2485 Re-

186 2507 308 2560 ginus
326 2507 340 2530 ³
373 2517 413 2547 ct
448 2542 454 2548 .
481 2541 488 2548 .
521 2509 654 2549 abbas
679 2509 916 2551 Casemarii
940 2511 1154 2551 universis
1188 2516 1410 2566 presentes
1434 2512 1598 2552 litteras
1622 2510 1881 2565 inspecturis
1906 2511 2088 2551 salutem
2110 2511 2153 2550 in
2176 2510 2373 2553 Domino.

2415 903 2447 927 10

2415 1621 2446 1646 15

2413 2031 2446 2058 20

2413 2454 2444 2480 25

186 2574 364 2615 Noverit
396 2577 653 2618 universitas
687 2584 847 2624 vestra,
883 2579 995 2634 quod
1029 2594 1123 2620 cum
1157 2581 1430 2622 venerabiles
1463 2584 1608 2635 patres
1643 2580 1803 2621 domini
1832 2578 2090 2634 I(0hannes)
2123 2579 2375 2622 Sabinensis
2422 2611 2427 2616 -

187 2644 412 2698 episeopus
447 2650 487 2685 et
512 2645 736 2701 Th(omas)
770 2648 881 2688 tituli
908 2648 1064 2690 Sancte
1091 2650 1251 2690 Sabine
1285 2650 1510 2704 presbyter
1543 2649 1786 2699 cardinalis,
1821 2649 2054 2703 apostolice
2086 2648 2199 2689 sedis
2231 2649 2374 2704 legati,

185 2712 355 2753 domino
389 2714 633 2768 imperatori
668 2716 885 2757 misissent
919 2732 994 2772 per
1027 2718 1277 2771 magistrum
1303 2717 1659 2758 Bartholomeum
1693 2717 1965 2771 capellanum
1998 2715 2158 2758 domini
2190 2732 2300 2773 pape
2333 2722 2375 2759 et

186 2782 434 2834 magistrum
481 2783 528 2824 P.
570 2785 836 2838 capellanum
882 2785 1062 2840 predicti
1105 2786 1297 2840 episcopi
1340 2785 1617 2836 Sabinensis,
1665 2790 1711 2826 ut
1748 2790 1907 2827 terram
1949 2800 2075 2840 quam
2115 2785 2373 2841 Margaritus

186 2859 383 2889 tenuerat
415 2856 457 2891 et
489 2858 697 2906 occupata
730 2853 973 2902 dicebatur,
1007 2859 1235 2909 postquam
1267 2868 1291 2895 a
1325 2854 1495 2895 domino
1528 2868 1640 2909 papa
1673 2858 1949 2895 recesserunt
1979 2868 2055 2908 pro
2080 2855 2376 2909 componenda

186 2932 291 2971 pace
325 2919 560 2961 venientes.
595 2921 733 2962 eidem
763 2922 1035 2977 M(argarito)
1069 2924 1234 2964 faceret
1266 2924 1392 2977 plene
1416 2923 1599 2973 restitui,
1633 2923 1747 2964 idem
1770 2922 2030 2977 Margaritus
2055 2936 2080 2963 a
2101 2921 2272 2964 domino
2295 2923 2372 2964 im-

186 2994 383 3039 peratore
416 2992 594 3028 vocatus
628 3004 769 3030 coram
804 2991 927 3031 nobis
962 2996 1004 3032 et
1037 2990 1199 3032 eisdem
1235 2991 1393 3031 nuntiis
1427 2995 1470 3031 et
1500 2992 1693 3045 pluribus
1726 2992 1823 3032 aliis
1847 2995 2086 3046 spontanee
2111 2993 2373 3046 recognovit,

187 3068 229 3093 se
264 3053 443 3105 dudum,
486 3063 584 3096 ante
617 3071 743 3111 quam
777 3059 991 3110 venirent,
1033 3058 1172 3100 eidem
1211 3059 1457 3113 imperatori
1490 3060 1654 3100 iurasse
1688 3064 1731 3100 et
1764 3074 1809 3100 se
1842 3073 1892 3100 ae
1926 3073 2003 3100 sua
2034 3060 2287 3114 exposuisse
2320 3059 2375 3101 ad

187 3122 317 3175 ipsius
360 3123 632 3177 beneplacita
672 3127 924 3178 voluntatis,
967 3141 1283 3181 recognoscens
1324 3142 1368 3168 se
1409 3127 1593 3169 eundern
1635 3128 1940 3183 imperatorem
1981 3129 2092 3170 velle
2131 3128 2292 3170 habere
2331 3129 2374 3169 in

187 3189 401 3231 dominum
435 3206 557 3232 suum
591 3199 633 3234 et
665 3209 748 3235 non
782 3196 931 3245 alium‚
966 3201 1008 3236 et
1040 3195 1180 3237 eidem
1215 3197 1486 3251 imperatori,
1526 3197 1772 3251 priusquam
1806 3210 1919 3251 papa
1951 3196 2177 3247 scriberet,
2210 3197 2374 3238 litteras

187 3264 231 3297 ut
265 3272 361 3299 eum
396 3261 434 3299 in
474 3275 592 3301 suam
625 3264 806 3316 gratiam
840 3264 1056 3318 reciperet
1087 3264 1314 3306 direxisse.

330 3326 444 3367 Data
476 3329 587 3383 apud
624 3330 826 3372 Sanctum
861 3331 1138 3381 Germanum„
1172 3331 1272 3372 XII.
1305 3331 1404 3374 Kal.
1439 3332 1553 3386 Aug.

325 3452 355 3486 1]
394 3450 597 3485 *sumamma
630 3455 789 3496 priorum
822 3456 1060 3499 dnoderifsz'ncc‘
1090 3456 1304 3499 scriptorum
1341 3468 1367 3490 r.
1395 3457 1482 3490 inter
1508 3457 1690 3500 Epistolas
1721 3457 1850 3490 saeculi
1879 3457 1994 3490 XIII.
2019 3468 2036 3491 e
2060 3457 2214 3503 Reqestis
2238 3457 2376 3492 selectas

183 3505 232 3540 erl.
263 3507 464 3552 Rodanum-y
492 3509 522 3551 I,
552 3517 691 3545 ›17:415.
810 3515 843 3555 2)
875 3513 1050 3546 [Marinus.
1171 3515 1207 3557 3)
1237 3513 1417 3548 Nieolaus.

2410 2796 2443 2822 30

2409 3137 2440 3162 35
