<?xml version="1.0" encoding="UTF-8"?>
<!DOCTYPE html PUBLIC "-//W3C//DTD XHTML 1.0 Transitional//EN"
    "http://www.w3.org/TR/xhtml1/DTD/xhtml1-transitional.dtd">
<html xmlns="http://www.w3.org/1999/xhtml" xml:lang="en" lang="en">
 <head>
  <title>
</title>
<meta http-equiv="Content-Type" content="text/html;charset=utf-8" />
  <meta name='ocr-system' content='tesseract 3.04.00' />
  <meta name='ocr-capabilities' content='ocr_page ocr_carea ocr_par ocr_line ocrx_word'/>
</head>
<body>
  <div class='ocr_page' id='page_1' title='image "./monumentager02geseuoft_0271.png"; bbox 0 0 2558 3970; ppageno 0'>
   <div class='ocr_carea' id='block_1_1' title="bbox 81 891 115 915">
    <p class='ocr_par' dir='ltr' id='par_1_1' title="bbox 81 891 115 915">
     <span class='ocr_line' id='line_1_1' title="bbox 81 891 115 915; baseline 0 0"><span class='ocrx_word' id='word_1_1' title='bbox 81 891 115 915; x_wconf 84' lang='lat'>10</span> 
     </span>
    </p>
   </div>
   <div class='ocr_carea' id='block_1_2' title="bbox 79 1242 109 1266">
    <p class='ocr_par' dir='ltr' id='par_1_2' title="bbox 79 1242 109 1266">
     <span class='ocr_line' id='line_1_2' title="bbox 79 1242 109 1266; baseline -0.033 0"><span class='ocrx_word' id='word_1_2' title='bbox 79 1242 109 1266; x_wconf 76' lang='lat'>15</span> 
     </span>
    </p>
   </div>
   <div class='ocr_carea' id='block_1_3' title="bbox 75 1588 108 1612">
    <p class='ocr_par' dir='ltr' id='par_1_3' title="bbox 75 1588 108 1612">
     <span class='ocr_line' id='line_1_3' title="bbox 75 1588 108 1612; baseline 0 0"><span class='ocrx_word' id='word_1_3' title='bbox 75 1588 108 1612; x_wconf 82' lang='lat'>2⁰</span> 
     </span>
    </p>
   </div>
   <div class='ocr_carea' id='block_1_4' title="bbox 77 1934 110 1960">
    <p class='ocr_par' dir='ltr' id='par_1_4' title="bbox 77 1934 110 1960">
     <span class='ocr_line' id='line_1_4' title="bbox 77 1934 110 1960; baseline 0 0"><span class='ocrx_word' id='word_1_4' title='bbox 77 1934 110 1960; x_wconf 71' lang='lat'>25</span> 
     </span>
    </p>
   </div>
   <div class='ocr_carea' id='block_1_5' title="bbox 78 2416 112 2443">
    <p class='ocr_par' dir='ltr' id='par_1_5' title="bbox 78 2416 112 2443">
     <span class='ocr_line' id='line_1_5' title="bbox 78 2416 112 2443; baseline 0.059 -2"><span class='ocrx_word' id='word_1_5' title='bbox 78 2416 112 2443; x_wconf 82' lang='lat'>³0</span> 
     </span>
    </p>
   </div>
   <div class='ocr_carea' id='block_1_6' title="bbox 77 2806 110 2832">
    <p class='ocr_par' dir='ltr' id='par_1_6' title="bbox 77 2806 110 2832">
     <span class='ocr_line' id='line_1_6' title="bbox 77 2806 110 2832; baseline 0 0"><span class='ocrx_word' id='word_1_6' title='bbox 77 2806 110 2832; x_wconf 76' lang='lat'>35</span> 
     </span>
    </p>
   </div>
   <div class='ocr_carea' id='block_1_7' title="bbox 79 3150 114 3176">
    <p class='ocr_par' dir='ltr' id='par_1_7' title="bbox 79 3150 114 3176">
     <span class='ocr_line' id='line_1_7' title="bbox 79 3150 114 3176; baseline 0 0"><span class='ocrx_word' id='word_1_7' title='bbox 79 3150 114 3176; x_wconf 79' lang='lat'>40</span> 
     </span>
    </p>
   </div>
   <div class='ocr_carea' id='block_1_8' title="bbox 78 3525 112 3552">
    <p class='ocr_par' dir='ltr' id='par_1_8' title="bbox 78 3525 112 3552">
     <span class='ocr_line' id='line_1_8' title="bbox 78 3525 112 3552; baseline 0 0"><span class='ocrx_word' id='word_1_8' title='bbox 78 3525 112 3552; x_wconf 76' lang='lat'>45</span> 
     </span>
    </p>
   </div>
   <div class='ocr_carea' id='block_1_9' title="bbox 636 146 2341 201">
    <p class='ocr_par' dir='ltr' id='par_1_9' title="bbox 636 146 2341 201">
     <span class='ocr_line' id='line_1_9' title="bbox 636 146 2341 201; baseline 0.008 -21"><span class='ocrx_word' id='word_1_9' title='bbox 636 146 878 182; x_wconf 86' lang='lat' dir='ltr'><strong><em>FRIDERICI</em></strong></span> <span class='ocrx_word' id='word_1_10' title='bbox 904 148 947 182; x_wconf 87' lang='lat'>11.</span> <span class='ocrx_word' id='word_1_11' title='bbox 975 149 1407 185; x_wconf 69' lang='lat' dir='ltr'>CONS&#39;I&#39;ITI&#39;TIONFIS.</span> <span class='ocrx_word' id='word_1_12' title='bbox 1460 152 1556 186; x_wconf 75' lang='lat'>1234.</span> <span class='ocrx_word' id='word_1_13' title='bbox 1608 154 1670 189; x_wconf 80' lang='lat' dir='ltr'>Nr.</span> <span class='ocrx_word' id='word_1_14' title='bbox 1691 156 1763 188; x_wconf 66' lang='lat'>1⁸8.</span> <span class='ocrx_word' id='word_1_15' title='bbox 1796 157 1869 190; x_wconf 69' lang='lat'>189.</span> <span class='ocrx_word' id='word_1_16' title='bbox 2269 162 2341 201; x_wconf 77' lang='lat'>‘231</span> 
     </span>
    </p>
   </div>
   <div class='ocr_carea' id='block_1_10' title="bbox 147 259 2349 1423">
    <p class='ocr_par' dir='ltr' id='par_1_10' title="bbox 147 259 2349 1423">
     <span class='ocr_line' id='line_1_10' title="bbox 153 259 2348 328; baseline 0.006 -28"><span class='ocrx_word' id='word_1_17' title='bbox 153 259 268 301; x_wconf 82' lang='lat' dir='ltr'>dicto</span> <span class='ocrx_word' id='word_1_18' title='bbox 300 260 430 302; x_wconf 89' lang='lat' dir='ltr'>iudici</span> <span class='ocrx_word' id='word_1_19' title='bbox 464 262 722 303; x_wconf 87' lang='lat' dir='ltr'>contulimus</span> <span class='ocrx_word' id='word_1_20' title='bbox 762 268 1022 317; x_wconf 85' lang='lat' dir='ltr'>potestatem</span> <span class='ocrx_word' id='word_1_21' title='bbox 1059 270 1099 304; x_wconf 87' lang='lat' dir='ltr'>et</span> <span class='ocrx_word' id='word_1_22' title='bbox 1133 266 1322 319; x_wconf 75' lang='lat' dir='ltr'>speciale</span> <span class='ocrx_word' id='word_1_23' title='bbox 1358 267 1604 309; x_wconf 77' lang='lat' dir='ltr'>mandatum</span> <span class='ocrx_word' id='word_1_24' title='bbox 1638 269 1690 309; x_wconf 83' lang='lat' dir='ltr'>de</span> <span class='ocrx_word' id='word_1_25' title='bbox 1725 270 1895 311; x_wconf 78' lang='lat' dir='ltr'>dotibus</span> <span class='ocrx_word' id='word_1_26' title='bbox 1931 272 2053 312; x_wconf 82' lang='lat' dir='ltr'>nobis</span> <span class='ocrx_word' id='word_1_27' title='bbox 2087 273 2238 314; x_wconf 78' lang='lat' dir='ltr'>dandis</span> <span class='ocrx_word' id='word_1_28' title='bbox 2275 289 2348 328; x_wconf 86' lang='lat' dir='ltr'>pro</span> 
     </span>
     <span class='ocr_line' id='line_1_11' title="bbox 154 328 2346 396; baseline 0.006 -27"><span class='ocrx_word' id='word_1_29' title='bbox 154 328 331 370; x_wconf 89' lang='lat' dir='ltr'>domina</span> <span class='ocrx_word' id='word_1_30' title='bbox 372 329 621 385; x_wconf 88' lang='lat' dir='ltr'>supradicta</span> <span class='ocrx_word' id='word_1_31' title='bbox 653 345 747 371; x_wconf 91' lang='lat' dir='ltr'>cum</span> <span class='ocrx_word' id='word_1_32' title='bbox 790 345 889 386; x_wconf 88' lang='lat' dir='ltr'>rege</span> <span class='ocrx_word' id='word_1_33' title='bbox 930 333 1119 387; x_wconf 78' lang='lat' dir='ltr'>prefato.</span> <span class='ocrx_word' id='word_1_34' title='bbox 1167 340 1291 388; x_wconf 83' lang='lat' dir='ltr'>pacta</span> <span class='ocrx_word' id='word_1_35' title='bbox 1325 341 1367 375; x_wconf 89' lang='lat' dir='ltr'>et</span> <span class='ocrx_word' id='word_1_36' title='bbox 1401 338 1710 378; x_wconf 82' lang='lat' dir='ltr'>conventiones</span> <span class='ocrx_word' id='word_1_37' title='bbox 1745 340 1850 379; x_wconf 85' lang='lat' dir='ltr'>inire</span> <span class='ocrx_word' id='word_1_38' title='bbox 1887 340 1951 380; x_wconf 70' lang='lat' dir='ltr'>vel</span> <span class='ocrx_word' id='word_1_39' title='bbox 1986 348 2213 396; x_wconf 70' lang='lat' dir='ltr'>arrepturo</span> <span class='ocrx_word' id='word_1_40' title='bbox 2247 357 2346 383; x_wconf 69' lang='lat' dir='ltr'>von-</span> 
     </span>
     <span class='ocr_line' id='line_1_12' title="bbox 152 397 2347 455; baseline 0.006 -18"><span class='ocrx_word' id='word_1_41' title='bbox 152 397 398 438; x_wconf 85' lang='lat' dir='ltr'>ventionem</span> <span class='ocrx_word' id='word_1_42' title='bbox 432 399 635 453; x_wconf 79' lang='lat' dir='ltr'>primam,</span> <span class='ocrx_word' id='word_1_43' title='bbox 681 414 762 454; x_wconf 91' lang='lat' dir='ltr'>que</span> <span class='ocrx_word' id='word_1_44' title='bbox 796 414 872 455; x_wconf 83' lang='lat' dir='ltr'>per</span> <span class='ocrx_word' id='word_1_45' title='bbox 903 400 1078 441; x_wconf 89' lang='lat' dir='ltr'>fratrem</span> <span class='ocrx_word' id='word_1_46' title='bbox 1114 402 1164 443; x_wconf 85' lang='lat' dir='ltr'>G.</span> <span class='ocrx_word' id='word_1_47' title='bbox 1199 402 1250 442; x_wconf 81' lang='lat' dir='ltr'>‹le</span> <span class='ocrx_word' id='word_1_48' title='bbox 1286 403 1406 444; x_wconf 80' lang='lat' dir='ltr'>Merk</span> <span class='ocrx_word' id='word_1_49' title='bbox 1441 411 1482 444; x_wconf 90' lang='lat' dir='ltr'>et</span> <span class='ocrx_word' id='word_1_50' title='bbox 1515 406 1697 446; x_wconf 86' lang='lat' dir='ltr'>eundem</span> <span class='ocrx_word' id='word_1_51' title='bbox 1736 408 1939 450; x_wconf 71' lang='lat' dir='ltr'>iudicem.</span> <span class='ocrx_word' id='word_1_52' title='bbox 1976 409 2133 450; x_wconf 84' lang='lat' dir='ltr'>‹lmlum</span> <span class='ocrx_word' id='word_1_53' title='bbox 2170 412 2347 451; x_wconf 75' lang='lat' dir='ltr'>nuncios</span> 
     </span>
     <span class='ocr_line' id='line_1_13' title="bbox 152 466 2347 532; baseline 0.006 -26"><span class='ocrx_word' id='word_1_54' title='bbox 152 471 321 507; x_wconf 86' lang='lat' dir='ltr'>nostros</span> <span class='ocrx_word' id='word_1_55' title='bbox 363 466 416 507; x_wconf 92' lang='lat' dir='ltr'>ad</span> <span class='ocrx_word' id='word_1_56' title='bbox 455 467 535 508; x_wconf 92' lang='lat' dir='ltr'>hoc</span> <span class='ocrx_word' id='word_1_57' title='bbox 576 469 825 524; x_wconf 81' lang='lat' dir='ltr'>specialiter</span> <span class='ocrx_word' id='word_1_58' title='bbox 863 469 1124 515; x_wconf 82' lang='lat' dir='ltr'>destinatos,</span> <span class='ocrx_word' id='word_1_59' title='bbox 1167 486 1261 512; x_wconf 79' lang='lat' dir='ltr'>eum</span> <span class='ocrx_word' id='word_1_60' title='bbox 1296 486 1397 525; x_wconf 80' lang='lat' dir='ltr'>rege</span> <span class='ocrx_word' id='word_1_61' title='bbox 1438 475 1604 527; x_wconf 78' lang='lat' dir='ltr'>prefato</span> <span class='ocrx_word' id='word_1_62' title='bbox 1640 476 1743 515; x_wconf 82' lang='lat' dir='ltr'>initu</span> <span class='ocrx_word' id='word_1_63' title='bbox 1778 478 1944 516; x_wconf 50' lang='lat' dir='ltr'>fuerat*-</span> <span class='ocrx_word' id='word_1_64' title='bbox 1979 485 2017 517; x_wconf 75' lang='lat' dir='ltr'>et</span> <span class='ocrx_word' id='word_1_65' title='bbox 2054 493 2128 532; x_wconf 73' lang='lat' dir='ltr'>per</span> <span class='ocrx_word' id='word_1_66' title='bbox 2162 487 2347 520; x_wconf 80' lang='lat' dir='ltr'>nostram</span> 
     </span>
     <span class='ocr_line' id='line_1_14' title="bbox 152 535 2345 603; baseline 0.006 -28"><span class='ocrx_word' id='word_1_67' title='bbox 152 535 451 577; x_wconf 83' lang='lat' dir='ltr'>celsitudinem</span> <span class='ocrx_word' id='word_1_68' title='bbox 486 537 758 581; x_wconf 81' lang='lat' dir='ltr'>confirmata:</span> <span class='ocrx_word' id='word_1_69' title='bbox 794 539 860 580; x_wconf 91' lang='lat' dir='ltr'>vel</span> <span class='ocrx_word' id='word_1_70' title='bbox 894 543 939 580; x_wconf 90' lang='lat' dir='ltr'>ut</span> <span class='ocrx_word' id='word_1_71' title='bbox 969 539 1265 580; x_wconf 76' lang='lat' dir='ltr'>intercedente</span> <span class='ocrx_word' id='word_1_72' title='bbox 1291 542 1518 582; x_wconf 76' lang='lat' dir='ltr'>novatione</span> <span class='ocrx_word' id='word_1_73' title='bbox 1543 543 1764 598; x_wconf 83' lang='lat' dir='ltr'>solempni.</span> <span class='ocrx_word' id='word_1_74' title='bbox 1800 547 1981 599; x_wconf 73' lang='lat' dir='ltr'>pristina</span> <span class='ocrx_word' id='word_1_75' title='bbox 2006 546 2210 597; x_wconf 75' lang='lat' dir='ltr'>obligatio</span> <span class='ocrx_word' id='word_1_76' title='bbox 2238 549 2345 603; x_wconf 73' lang='lat' dir='ltr'>peri-</span> 
     </span>
     <span class='ocr_line' id='line_1_15' title="bbox 151 608 2342 671; baseline 0.005 -26"><span class='ocrx_word' id='word_1_77' title='bbox 151 608 315 654; x_wconf 82' lang='lat' dir='ltr'>matur,</span> <span class='ocrx_word' id='word_1_78' title='bbox 359 609 404 646; x_wconf 89' lang='lat' dir='ltr'>ut</span> <span class='ocrx_word' id='word_1_79' title='bbox 446 610 588 646; x_wconf 85' lang='lat' dir='ltr'>tamen</span> <span class='ocrx_word' id='word_1_80' title='bbox 630 620 714 648; x_wconf 92' lang='lat' dir='ltr'>non</span> <span class='ocrx_word' id='word_1_81' title='bbox 755 608 808 648; x_wconf 91' lang='lat' dir='ltr'>sit</span> <span class='ocrx_word' id='word_1_82' title='bbox 852 609 1001 649; x_wconf 89' lang='lat' dir='ltr'>minori</span> <span class='ocrx_word' id='word_1_83' title='bbox 1036 609 1277 664; x_wconf 85' lang='lat' dir='ltr'>quantitate</span> <span class='ocrx_word' id='word_1_84' title='bbox 1312 614 1541 650; x_wconf 86' lang='lat' dir='ltr'>contentus</span> <span class='ocrx_word' id='word_1_85' title='bbox 1578 612 1616 651; x_wconf 90' lang='lat' dir='ltr'>in</span> <span class='ocrx_word' id='word_1_86' title='bbox 1664 614 1946 666; x_wconf 59' lang='lat' dir='ltr'>promit-isiom¹</span> <span class='ocrx_word' id='word_1_87' title='bbox 1981 615 2144 656; x_wconf 67' lang='lat' dir='ltr'>(lotium</span> <span class='ocrx_word' id='word_1_88' title='bbox 2180 618 2342 671; x_wconf 55' lang='lat' dir='ltr'>prr-‹liv-</span> 
     </span>
     <span class='ocr_line' id='line_1_16' title="bbox 151 675 2349 731; baseline 0.005 -17"><span class='ocrx_word' id='word_1_89' title='bbox 151 677 311 720; x_wconf 82' lang='lat' dir='ltr'>tarum,</span> <span class='ocrx_word' id='word_1_90' title='bbox 354 688 480 729; x_wconf 87' lang='lat' dir='ltr'>quam</span> <span class='ocrx_word' id='word_1_91' title='bbox 516 675 693 729; x_wconf 84' lang='lat' dir='ltr'>triginta</span> <span class='ocrx_word' id='word_1_92' title='bbox 724 677 906 717; x_wconf 89' lang='lat' dir='ltr'>millium</span> <span class='ocrx_word' id='word_1_93' title='bbox 941 691 1180 718; x_wconf 82' lang='lat' dir='ltr'>marcarum</span> <span class='ocrx_word' id='word_1_94' title='bbox 1215 679 1380 731; x_wconf 80' lang='lat' dir='ltr'>argenti</span> <span class='ocrx_word' id='word_1_95' title='bbox 1421 679 1723 721; x_wconf 80' lang='lat' dir='ltr'>solvendarum</span> <span class='ocrx_word' id='word_1_96' title='bbox 1760 682 1881 722; x_wconf 77' lang='lat' dir='ltr'>nobis</span> <span class='ocrx_word' id='word_1_97' title='bbox 1915 691 1988 723; x_wconf 77' lang='lat' dir='ltr'>aut</span> <span class='ocrx_word' id='word_1_98' title='bbox 2021 686 2149 724; x_wconf 70' lang='lat' dir='ltr'>vertis</span> <span class='ocrx_word' id='word_1_99' title='bbox 2185 688 2349 726; x_wconf 72' lang='lat' dir='ltr'>num-iis</span> 
     </span>
     <span class='ocr_line' id='line_1_17' title="bbox 150 743 2349 808; baseline 0.005 -26"><span class='ocrx_word' id='word_1_100' title='bbox 150 743 306 783; x_wconf 87' lang='lat' dir='ltr'>nostris</span> <span class='ocrx_word' id='word_1_101' title='bbox 345 757 421 799; x_wconf 86' lang='lat' dir='ltr'>per</span> <span class='ocrx_word' id='word_1_102' title='bbox 463 744 554 784; x_wconf 85' lang='lat' dir='ltr'>loca</span> <span class='ocrx_word' id='word_1_103' title='bbox 595 750 636 785; x_wconf 92' lang='lat' dir='ltr'>et</span> <span class='ocrx_word' id='word_1_104' title='bbox 676 746 903 795; x_wconf 88' lang='lat' dir='ltr'>terminos,</span> <span class='ocrx_word' id='word_1_105' title='bbox 947 751 1071 802; x_wconf 85' lang='lat' dir='ltr'>prout</span> <span class='ocrx_word' id='word_1_106' title='bbox 1113 747 1436 801; x_wconf 76' lang='lat' dir='ltr'>prenominatus</span> <span class='ocrx_word' id='word_1_107' title='bbox 1477 747 1605 788; x_wconf 82' lang='lat' dir='ltr'>iudex</span> <span class='ocrx_word' id='word_1_108' title='bbox 1639 749 1809 790; x_wconf 78' lang='lat' dir='ltr'>duxerit</span> <span class='ocrx_word' id='word_1_109' title='bbox 1853 751 2142 792; x_wconf 73' lang='lat' dir='ltr'>statuendum.</span> <span class='ocrx_word' id='word_1_110' title='bbox 2208 757 2349 808; x_wconf 65' lang='lat' dir='ltr'>Super</span> 
     </span>
     <span class='ocr_line' id='line_1_18' title="bbox 150 811 2348 876; baseline 0.005 -26"><span class='ocrx_word' id='word_1_111' title='bbox 150 811 306 866; x_wconf 89' lang='lat' dir='ltr'>quibus</span> <span class='ocrx_word' id='word_1_112' title='bbox 341 811 561 860; x_wconf 83' lang='lat' dir='ltr'>videlicet,</span> <span class='ocrx_word' id='word_1_113' title='bbox 595 813 647 854; x_wconf 92' lang='lat' dir='ltr'>de</span> <span class='ocrx_word' id='word_1_114' title='bbox 681 814 787 854; x_wconf 87' lang='lat' dir='ltr'>loeis</span> <span class='ocrx_word' id='word_1_115' title='bbox 821 820 864 855; x_wconf 91' lang='lat' dir='ltr'>ct</span> <span class='ocrx_word' id='word_1_116' title='bbox 897 815 1090 856; x_wconf 81' lang='lat' dir='ltr'>terminis</span> <span class='ocrx_word' id='word_1_117' title='bbox 1124 815 1381 856; x_wconf 79' lang='lat' dir='ltr'>statuendis.</span> <span class='ocrx_word' id='word_1_118' title='bbox 1418 830 1546 870; x_wconf 81' lang='lat' dir='ltr'>super</span> <span class='ocrx_word' id='word_1_119' title='bbox 1580 818 1791 858; x_wconf 80' lang='lat' dir='ltr'>solutione</span> <span class='ocrx_word' id='word_1_120' title='bbox 1827 819 2023 859; x_wconf 73' lang='lat' dir='ltr'>facienda</span> <span class='ocrx_word' id='word_1_121' title='bbox 2057 820 2232 862; x_wconf 79' lang='lat' dir='ltr'>dotium.</span> <span class='ocrx_word' id='word_1_122' title='bbox 2269 837 2348 876; x_wconf 68' lang='lat' dir='ltr'>qu«¹</span> 
     </span>
     <span class='ocr_line' id='line_1_19' title="bbox 152 879 2348 941; baseline 0.004 -21"><span class='ocrx_word' id='word_1_123' title='bbox 152 879 205 920; x_wconf 88' lang='lat' dir='ltr'>ad</span> <span class='ocrx_word' id='word_1_124' title='bbox 239 880 494 922; x_wconf 90' lang='lat' dir='ltr'>solvendum</span> <span class='ocrx_word' id='word_1_125' title='bbox 518 884 818 928; x_wconf 78' lang='lat' dir='ltr'>remanserint,</span> <span class='ocrx_word' id='word_1_126' title='bbox 852 889 894 924; x_wconf 89' lang='lat' dir='ltr'>et</span> <span class='ocrx_word' id='word_1_127' title='bbox 922 883 974 925; x_wconf 89' lang='lat' dir='ltr'>de</span> <span class='ocrx_word' id='word_1_128' title='bbox 1000 884 1258 939; x_wconf 86' lang='lat' dir='ltr'>recipiendis</span> <span class='ocrx_word' id='word_1_129' title='bbox 1284 884 1461 939; x_wconf 77' lang='lat' dir='ltr'>proinde</span> <span class='ocrx_word' id='word_1_130' title='bbox 1487 886 1771 927; x_wconf 89' lang='lat' dir='ltr'>cautionibus.</span> <span class='ocrx_word' id='word_1_131' title='bbox 1807 901 1912 941; x_wconf 73' lang='lat' dir='ltr'>quas</span> <span class='ocrx_word' id='word_1_132' title='bbox 1938 889 2202 928; x_wconf 61' lang='lat' dir='ltr'>suffivivnrvs</span> <span class='ocrx_word' id='word_1_133' title='bbox 2229 890 2348 929; x_wconf 67' lang='lat' dir='ltr'>nobis</span> 
     </span>
     <span class='ocr_line' id='line_1_20' title="bbox 148 948 2345 1012; baseline 0.004 -23"><span class='ocrx_word' id='word_1_134' title='bbox 148 948 261 990; x_wconf 90' lang='lat' dir='ltr'>idem</span> <span class='ocrx_word' id='word_1_135' title='bbox 294 949 425 991; x_wconf 88' lang='lat' dir='ltr'>iudex</span> <span class='ocrx_word' id='word_1_136' title='bbox 459 955 500 992; x_wconf 91' lang='lat' dir='ltr'>et</span> <span class='ocrx_word' id='word_1_137' title='bbox 532 951 711 993; x_wconf 87' lang='lat' dir='ltr'>idoneas</span> <span class='ocrx_word' id='word_1_138' title='bbox 745 953 976 1008; x_wconf 83' lang='lat' dir='ltr'>reputabit,</span> <span class='ocrx_word' id='word_1_139' title='bbox 1010 953 1090 993; x_wconf 91' lang='lat' dir='ltr'>sibi</span> <span class='ocrx_word' id='word_1_140' title='bbox 1126 953 1298 1007; x_wconf 83' lang='lat' dir='ltr'>plenam</span> <span class='ocrx_word' id='word_1_141' title='bbox 1333 954 1635 995; x_wconf 84' lang='lat' dir='ltr'>auctoritatem</span> <span class='ocrx_word' id='word_1_142' title='bbox 1671 956 1928 996; x_wconf 74' lang='lat' dir='ltr'>contulimus</span> <span class='ocrx_word' id='word_1_143' title='bbox 1953 963 1994 996; x_wconf 84' lang='lat' dir='ltr'>et</span> <span class='ocrx_word' id='word_1_144' title='bbox 2018 957 2204 1012; x_wconf 66' lang='lat' dir='ltr'>speviule</span> <span class='ocrx_word' id='word_1_145' title='bbox 2231 973 2345 998; x_wconf 66' lang='lat' dir='ltr'>mam-</span> 
     </span>
     <span class='ocr_line' id='line_1_21' title="bbox 148 1018 2348 1079; baseline 0.002 -20"><span class='ocrx_word' id='word_1_146' title='bbox 148 1018 310 1060; x_wconf 84' lang='lat' dir='ltr'>datum.</span> <span class='ocrx_word' id='word_1_147' title='bbox 432 1021 494 1075; x_wconf 83' lang='lat'>(6)</span> <span class='ocrx_word' id='word_1_148' title='bbox 543 1021 654 1062; x_wconf 87' lang='lat' dir='ltr'>lllud</span> <span class='ocrx_word' id='word_1_149' title='bbox 699 1022 827 1063; x_wconf 85' lang='lat' dir='ltr'>etiam</span> <span class='ocrx_word' id='word_1_150' title='bbox 872 1021 984 1077; x_wconf 89' lang='lat' dir='ltr'>quod</span> <span class='ocrx_word' id='word_1_151' title='bbox 1026 1036 1101 1077; x_wconf 87' lang='lat' dir='ltr'>pre</span> <span class='ocrx_word' id='word_1_152' title='bbox 1143 1022 1340 1063; x_wconf 81' lang='lat' dir='ltr'>manibus</span> <span class='ocrx_word' id='word_1_153' title='bbox 1383 1023 1422 1063; x_wconf 90' lang='lat' dir='ltr'>in</span> <span class='ocrx_word' id='word_1_154' title='bbox 1464 1023 1654 1063; x_wconf 86' lang='lat' dir='ltr'>adventu</span> <span class='ocrx_word' id='word_1_155' title='bbox 1687 1024 1857 1064; x_wconf 88' lang='lat' dir='ltr'>domine</span> <span class='ocrx_word' id='word_1_156' title='bbox 1900 1025 2164 1079; x_wconf 62' lang='lat' dir='ltr'>supradicte.</span> <span class='ocrx_word' id='word_1_157' title='bbox 2208 1028 2348 1066; x_wconf 68' lang='lat' dir='ltr'>futuru·</span> 
     </span>
     <span class='ocr_line' id='line_1_22' title="bbox 147 1089 2349 1149; baseline 0.003 -20"><span class='ocrx_word' id='word_1_158' title='bbox 147 1089 296 1130; x_wconf 88' lang='lat' dir='ltr'>uxoris</span> <span class='ocrx_word' id='word_1_159' title='bbox 320 1094 480 1135; x_wconf 79' lang='lat' dir='ltr'>nostre,</span> <span class='ocrx_word' id='word_1_160' title='bbox 515 1090 766 1131; x_wconf 86' lang='lat' dir='ltr'>solvendum</span> <span class='ocrx_word' id='word_1_161' title='bbox 793 1092 886 1136; x_wconf 81' lang='lat' dir='ltr'>erit,</span> <span class='ocrx_word' id='word_1_162' title='bbox 921 1091 1060 1132; x_wconf 90' lang='lat' dir='ltr'>eidem</span> <span class='ocrx_word' id='word_1_163' title='bbox 1085 1091 1213 1132; x_wconf 87' lang='lat' dir='ltr'>iudici</span> <span class='ocrx_word' id='word_1_164' title='bbox 1241 1093 1435 1132; x_wconf 88' lang='lat' dir='ltr'>volumus</span> <span class='ocrx_word' id='word_1_165' title='bbox 1459 1093 1687 1145; x_wconf 79' lang='lat' dir='ltr'>assignari.</span> <span class='ocrx_word' id='word_1_166' title='bbox 1723 1093 1774 1133; x_wconf 85' lang='lat' dir='ltr'>ad</span> <span class='ocrx_word' id='word_1_167' title='bbox 1801 1108 1890 1134; x_wconf 75' lang='lat' dir='ltr'>nos.</span> <span class='ocrx_word' id='word_1_168' title='bbox 1924 1093 2119 1134; x_wconf 62' lang='lat' dir='ltr'>‹leuluetis</span> <span class='ocrx_word' id='word_1_169' title='bbox 2144 1097 2349 1149; x_wconf 61' lang='lat' dir='ltr'>expensis</span> 
     </span>
     <span class='ocr_line' id='line_1_23' title="bbox 149 1157 2342 1216; baseline 0.002 -18"><span class='ocrx_word' id='word_1_170' title='bbox 149 1171 254 1213; x_wconf 85' lang='lat' dir='ltr'>quas</span> <span class='ocrx_word' id='word_1_171' title='bbox 289 1173 365 1213; x_wconf 87' lang='lat' dir='ltr'>pro</span> <span class='ocrx_word' id='word_1_172' title='bbox 399 1157 573 1199; x_wconf 85' lang='lat' dir='ltr'>domina</span> <span class='ocrx_word' id='word_1_173' title='bbox 607 1159 854 1215; x_wconf 85' lang='lat' dir='ltr'>supradicta</span> <span class='ocrx_word' id='word_1_174' title='bbox 886 1160 1106 1201; x_wconf 87' lang='lat' dir='ltr'>faciendas</span> <span class='ocrx_word' id='word_1_175' title='bbox 1142 1159 1309 1204; x_wconf 82' lang='lat' dir='ltr'>viderit,</span> <span class='ocrx_word' id='word_1_176' title='bbox 1342 1160 1638 1202; x_wconf 81' lang='lat' dir='ltr'>deferendum.</span> <span class='ocrx_word' id='word_1_177' title='bbox 1702 1163 1842 1216; x_wconf 76' lang='lat' dir='ltr'>Super</span> <span class='ocrx_word' id='word_1_178' title='bbox 1865 1162 2036 1203; x_wconf 73' lang='lat' dir='ltr'>dotibus</span> <span class='ocrx_word' id='word_1_179' title='bbox 2061 1164 2188 1203; x_wconf 74' lang='lat' dir='ltr'>etiam</span> <span class='ocrx_word' id='word_1_180' title='bbox 2220 1165 2342 1203; x_wconf 65' lang='lat' dir='ltr'>resti·</span> 
     </span>
     <span class='ocr_line' id='line_1_24' title="bbox 148 1227 2347 1284; baseline 0.002 -17"><span class='ocrx_word' id='word_1_181' title='bbox 148 1227 320 1268; x_wconf 86' lang='lat' dir='ltr'>tuendis</span> <span class='ocrx_word' id='word_1_182' title='bbox 353 1241 377 1267; x_wconf 85' lang='lat' dir='ltr'>a</span> <span class='ocrx_word' id='word_1_183' title='bbox 410 1229 736 1270; x_wconf 88' lang='lat' dir='ltr'>successoribus</span> <span class='ocrx_word' id='word_1_184' title='bbox 770 1229 941 1277; x_wconf 77' lang='lat' dir='ltr'>nostris,</span> <span class='ocrx_word' id='word_1_185' title='bbox 977 1230 1011 1269; x_wconf 89' lang='lat' dir='ltr'>si</span> <span class='ocrx_word' id='word_1_186' title='bbox 1046 1243 1169 1270; x_wconf 83' lang='lat' dir='ltr'>casus</span> <span class='ocrx_word' id='word_1_187' title='bbox 1201 1228 1409 1269; x_wconf 89' lang='lat' dir='ltr'>acciderit</span> <span class='ocrx_word' id='word_1_188' title='bbox 1442 1229 1554 1284; x_wconf 92' lang='lat' dir='ltr'>quod</span> <span class='ocrx_word' id='word_1_189' title='bbox 1580 1244 1656 1270; x_wconf 82' lang='lat' dir='ltr'>nos</span> <span class='ocrx_word' id='word_1_190' title='bbox 1682 1230 1899 1271; x_wconf 75' lang='lat' dir='ltr'>antedicto</span> <span class='ocrx_word' id='word_1_191' title='bbox 1925 1232 2047 1271; x_wconf 79' lang='lat' dir='ltr'>uxori</span> <span class='ocrx_word' id='word_1_192' title='bbox 2075 1238 2231 1273; x_wconf 75' lang='lat' dir='ltr'>nostre.</span> <span class='ocrx_word' id='word_1_193' title='bbox 2268 1247 2347 1272; x_wconf 88' lang='lat' dir='ltr'>non</span> 
     </span>
     <span class='ocr_line' id='line_1_25' title="bbox 147 1298 2348 1355; baseline -0 -17"><span class='ocrx_word' id='word_1_194' title='bbox 147 1298 361 1353; x_wconf 82' lang='lat' dir='ltr'>susceptis</span> <span class='ocrx_word' id='word_1_195' title='bbox 401 1312 456 1339; x_wconf 85' lang='lat' dir='ltr'>ex</span> <span class='ocrx_word' id='word_1_196' title='bbox 497 1312 547 1339; x_wconf 90' lang='lat' dir='ltr'>ea</span> <span class='ocrx_word' id='word_1_197' title='bbox 586 1298 754 1343; x_wconf 81' lang='lat' dir='ltr'>liberis,</span> <span class='ocrx_word' id='word_1_198' title='bbox 800 1299 987 1353; x_wconf 87' lang='lat' dir='ltr'>premori</span> <span class='ocrx_word' id='word_1_199' title='bbox 1029 1298 1138 1339; x_wconf 87' lang='lat' dir='ltr'>forte</span> <span class='ocrx_word' id='word_1_200' title='bbox 1182 1299 1429 1353; x_wconf 85' lang='lat' dir='ltr'>contigerit.</span> <span class='ocrx_word' id='word_1_201' title='bbox 1463 1298 1680 1339; x_wconf 89' lang='lat' dir='ltr'>antedicto</span> <span class='ocrx_word' id='word_1_202' title='bbox 1715 1300 1843 1340; x_wconf 85' lang='lat' dir='ltr'>iudici</span> <span class='ocrx_word' id='word_1_203' title='bbox 1878 1300 2049 1355; x_wconf 87' lang='lat' dir='ltr'>plenum</span> <span class='ocrx_word' id='word_1_204' title='bbox 2085 1306 2125 1340; x_wconf 87' lang='lat' dir='ltr'>et</span> <span class='ocrx_word' id='word_1_205' title='bbox 2161 1301 2348 1355; x_wconf 68' lang='lat' dir='ltr'>speeialo</span> 
     </span>
     <span class='ocr_line' id='line_1_26' title="bbox 147 1366 2349 1423; baseline 0.001 -16"><span class='ocrx_word' id='word_1_206' title='bbox 147 1366 398 1408; x_wconf 87' lang='lat' dir='ltr'>mandatum</span> <span class='ocrx_word' id='word_1_207' title='bbox 431 1368 705 1417; x_wconf 84' lang='lat' dir='ltr'>contulimus,</span> <span class='ocrx_word' id='word_1_208' title='bbox 738 1372 785 1409; x_wconf 93' lang='lat' dir='ltr'>ut</span> <span class='ocrx_word' id='word_1_209' title='bbox 818 1367 958 1409; x_wconf 90' lang='lat' dir='ltr'>eidem</span> <span class='ocrx_word' id='word_1_210' title='bbox 993 1369 1082 1423; x_wconf 86' lang='lat' dir='ltr'>regi</span> <span class='ocrx_word' id='word_1_211' title='bbox 1118 1368 1290 1409; x_wconf 89' lang='lat' dir='ltr'>nomine</span> <span class='ocrx_word' id='word_1_212' title='bbox 1324 1372 1470 1408; x_wconf 87' lang='lat' dir='ltr'>nostro</span> <span class='ocrx_word' id='word_1_213' title='bbox 1504 1368 1722 1422; x_wconf 82' lang='lat' dir='ltr'>promittat</span> <span class='ocrx_word' id='word_1_214' title='bbox 1755 1375 1798 1409; x_wconf 89' lang='lat' dir='ltr'>et</span> <span class='ocrx_word' id='word_1_215' title='bbox 1824 1369 1863 1409; x_wconf 92' lang='lat' dir='ltr'>in</span> <span class='ocrx_word' id='word_1_216' title='bbox 1888 1370 2030 1410; x_wconf 79' lang='lat' dir='ltr'>anima</span> <span class='ocrx_word' id='word_1_217' title='bbox 2055 1375 2200 1409; x_wconf 80' lang='lat' dir='ltr'>nostra</span> <span class='ocrx_word' id='word_1_218' title='bbox 2227 1370 2349 1412; x_wconf 76' lang='lat' dir='ltr'>iuret,</span> 
     </span>
    </p>
   </div>
   <div class='ocr_carea' id='block_1_11' title="bbox 141 1435 2348 1493">
    <p class='ocr_par' dir='ltr' id='par_1_11' title="bbox 141 1435 2348 1493">
     <span class='ocr_line' id='line_1_27' title="bbox 141 1435 2348 1493; baseline 0.001 -17"><span class='ocrx_word' id='word_1_219' title='bbox 141 1435 259 1492; x_wconf 85' lang='lat' dir='ltr'>quod</span> <span class='ocrx_word' id='word_1_220' title='bbox 293 1436 417 1477; x_wconf 89' lang='lat' dir='ltr'>dotes</span> <span class='ocrx_word' id='word_1_221' title='bbox 458 1437 574 1492; x_wconf 88' lang='lat' dir='ltr'>ipsas</span> <span class='ocrx_word' id='word_1_222' title='bbox 606 1437 648 1478; x_wconf 90' lang='lat' dir='ltr'>in</span> <span class='ocrx_word' id='word_1_223' title='bbox 682 1443 886 1478; x_wconf 91' lang='lat' dir='ltr'>eventum</span> <span class='ocrx_word' id='word_1_224' title='bbox 919 1452 1046 1478; x_wconf 88' lang='lat' dir='ltr'>casus</span> <span class='ocrx_word' id='word_1_225' title='bbox 1080 1437 1260 1493; x_wconf 85' lang='lat' dir='ltr'>predicti</span> <span class='ocrx_word' id='word_1_226' title='bbox 1294 1451 1570 1478; x_wconf 75' lang='lat' dir='ltr'>successores</span> <span class='ocrx_word' id='word_1_227' title='bbox 1606 1438 1739 1478; x_wconf 89' lang='lat' dir='ltr'>nostri</span> <span class='ocrx_word' id='word_1_228' title='bbox 1775 1437 1918 1478; x_wconf 89' lang='lat' dir='ltr'>eidem</span> <span class='ocrx_word' id='word_1_229' title='bbox 1951 1438 2122 1479; x_wconf 90' lang='lat' dir='ltr'>domine</span> <span class='ocrx_word' id='word_1_230' title='bbox 2158 1439 2224 1479; x_wconf 77' lang='lat' dir='ltr'>vel</span> <span class='ocrx_word' id='word_1_231' title='bbox 2262 1439 2348 1491; x_wconf 79' lang='lat' dir='ltr'>regi</span> 
     </span>
    </p>
   </div>
   <div class='ocr_carea' id='block_1_12' title="bbox 145 1504 2350 2046">
    <p class='ocr_par' dir='ltr' id='par_1_12' title="bbox 145 1504 2350 2046">
     <span class='ocr_line' id='line_1_28' title="bbox 147 1504 2349 1562; baseline 0 -16"><span class='ocrx_word' id='word_1_232' title='bbox 147 1504 342 1561; x_wconf 85' lang='lat' dir='ltr'>predicto</span> <span class='ocrx_word' id='word_1_233' title='bbox 375 1506 600 1561; x_wconf 82' lang='lat' dir='ltr'>stipulanti</span> <span class='ocrx_word' id='word_1_234' title='bbox 635 1506 700 1547; x_wconf 92' lang='lat' dir='ltr'>vel</span> <span class='ocrx_word' id='word_1_235' title='bbox 733 1507 1057 1547; x_wconf 87' lang='lat' dir='ltr'>successoribus</span> <span class='ocrx_word' id='word_1_236' title='bbox 1092 1521 1239 1547; x_wconf 86' lang='lat' dir='ltr'>eorum</span> <span class='ocrx_word' id='word_1_237' title='bbox 1275 1507 1505 1547; x_wconf 87' lang='lat' dir='ltr'>restituere</span> <span class='ocrx_word' id='word_1_238' title='bbox 1530 1507 1697 1560; x_wconf 86' lang='lat' dir='ltr'>integre</span> <span class='ocrx_word' id='word_1_239' title='bbox 1732 1512 1975 1547; x_wconf 88' lang='lat' dir='ltr'>teneantur.</span> <span class='ocrx_word' id='word_1_240' title='bbox 2032 1508 2171 1562; x_wconf 80' lang='lat' dir='ltr'>Super</span> <span class='ocrx_word' id='word_1_241' title='bbox 2194 1508 2349 1562; x_wconf 74' lang='lat' dir='ltr'>quibus</span> 
     </span>
     <span class='ocr_line' id='line_1_29' title="bbox 147 1575 2350 1630; baseline -0 -14"><span class='ocrx_word' id='word_1_242' title='bbox 147 1575 344 1617; x_wconf 91' lang='lat' dir='ltr'>omnibus</span> <span class='ocrx_word' id='word_1_243' title='bbox 368 1579 412 1617; x_wconf 88' lang='lat' dir='ltr'>et</span> <span class='ocrx_word' id='word_1_244' title='bbox 434 1575 628 1629; x_wconf 83' lang='lat' dir='ltr'>singulis,</span> <span class='ocrx_word' id='word_1_245' title='bbox 653 1580 700 1616; x_wconf 87' lang='lat' dir='ltr'>ut</span> <span class='ocrx_word' id='word_1_246' title='bbox 722 1580 789 1617; x_wconf 91' lang='lat' dir='ltr'>est</span> <span class='ocrx_word' id='word_1_247' title='bbox 813 1575 986 1622; x_wconf 87' lang='lat' dir='ltr'>dictum,</span> <span class='ocrx_word' id='word_1_248' title='bbox 1012 1575 1226 1630; x_wconf 88' lang='lat' dir='ltr'>prefatum</span> <span class='ocrx_word' id='word_1_249' title='bbox 1252 1575 1437 1616; x_wconf 89' lang='lat' dir='ltr'>iudicem</span> <span class='ocrx_word' id='word_1_250' title='bbox 1461 1576 1663 1616; x_wconf 91' lang='lat' dir='ltr'>nuncium</span> <span class='ocrx_word' id='word_1_251' title='bbox 1690 1580 1731 1617; x_wconf 90' lang='lat' dir='ltr'>et</span> <span class='ocrx_word' id='word_1_252' title='bbox 1755 1581 2074 1630; x_wconf 81' lang='lat' dir='ltr'>procuratorem</span> <span class='ocrx_word' id='word_1_253' title='bbox 2100 1577 2350 1619; x_wconf 74' lang='lat' dir='ltr'>statuimus:</span> 
     </span>
     <span class='ocr_line' id='line_1_30' title="bbox 145 1643 2347 1699; baseline -0.001 -13"><span class='ocrx_word' id='word_1_254' title='bbox 145 1644 401 1693; x_wconf 77' lang='lat' dir='ltr'>adicientes,</span> <span class='ocrx_word' id='word_1_255' title='bbox 445 1643 555 1699; x_wconf 92' lang='lat' dir='ltr'>quod</span> <span class='ocrx_word' id='word_1_256' title='bbox 591 1645 625 1685; x_wconf 91' lang='lat' dir='ltr'>si</span> <span class='ocrx_word' id='word_1_257' title='bbox 659 1645 866 1685; x_wconf 85' lang='lat' dir='ltr'>articulus</span> <span class='ocrx_word' id='word_1_258' title='bbox 901 1645 1056 1699; x_wconf 89' lang='lat' dir='ltr'>aliquis</span> <span class='ocrx_word' id='word_1_259' title='bbox 1089 1644 1410 1698; x_wconf 83' lang='lat' dir='ltr'>inexcogitatus</span> <span class='ocrx_word' id='word_1_260' title='bbox 1444 1645 1689 1694; x_wconf 72' lang='lat' dir='ltr'>emerserit,</span> <span class='ocrx_word' id='word_1_261' title='bbox 1730 1658 1859 1699; x_wconf 85' lang='lat' dir='ltr'>super</span> <span class='ocrx_word' id='word_1_262' title='bbox 1891 1658 1972 1698; x_wconf 83' lang='lat' dir='ltr'>quo</span> <span class='ocrx_word' id='word_1_263' title='bbox 2006 1645 2193 1699; x_wconf 82' lang='lat' dir='ltr'>speciale</span> <span class='ocrx_word' id='word_1_264' title='bbox 2229 1660 2347 1685; x_wconf 82' lang='lat' dir='ltr'>man-</span> 
     </span>
     <span class='ocr_line' id='line_1_31' title="bbox 146 1712 2347 1769; baseline -0 -14"><span class='ocrx_word' id='word_1_265' title='bbox 146 1713 292 1755; x_wconf 87' lang='lat' dir='ltr'>datum</span> <span class='ocrx_word' id='word_1_266' title='bbox 325 1713 466 1755; x_wconf 91' lang='lat' dir='ltr'>eidem</span> <span class='ocrx_word' id='word_1_267' title='bbox 499 1713 628 1754; x_wconf 91' lang='lat' dir='ltr'>iudici</span> <span class='ocrx_word' id='word_1_268' title='bbox 662 1727 745 1754; x_wconf 92' lang='lat' dir='ltr'>non</span> <span class='ocrx_word' id='word_1_269' title='bbox 780 1713 1105 1764; x_wconf 74' lang='lat' dir='ltr'>contulerimus,</span> <span class='ocrx_word' id='word_1_270' title='bbox 1138 1727 1216 1769; x_wconf 87' lang='lat' dir='ltr'>per</span> <span class='ocrx_word' id='word_1_271' title='bbox 1247 1718 1474 1768; x_wconf 87' lang='lat' dir='ltr'>presentes</span> <span class='ocrx_word' id='word_1_272' title='bbox 1501 1712 1685 1754; x_wconf 89' lang='lat' dir='ltr'>eundem</span> <span class='ocrx_word' id='word_1_273' title='bbox 1719 1713 1759 1753; x_wconf 94' lang='lat' dir='ltr'>in</span> <span class='ocrx_word' id='word_1_274' title='bbox 1791 1715 2112 1768; x_wconf 84' lang='lat' dir='ltr'>emergentibus</span> <span class='ocrx_word' id='word_1_275' title='bbox 2148 1728 2347 1769; x_wconf 53' lang='lat' dir='ltr'>pror-,ura-</span> 
     </span>
     <span class='ocr_line' id='line_1_32' title="bbox 146 1782 2349 1838; baseline -0 -14"><span class='ocrx_word' id='word_1_276' title='bbox 146 1789 285 1825; x_wconf 90' lang='lat' dir='ltr'>torem</span> <span class='ocrx_word' id='word_1_277' title='bbox 317 1783 547 1824; x_wconf 84' lang='lat' dir='ltr'>statuimus</span> <span class='ocrx_word' id='word_1_278' title='bbox 580 1783 850 1838; x_wconf 86' lang='lat' dir='ltr'>generalem,</span> <span class='ocrx_word' id='word_1_279' title='bbox 890 1782 1043 1824; x_wconf 84' lang='lat' dir='ltr'>dantes</span> <span class='ocrx_word' id='word_1_280' title='bbox 1077 1783 1217 1824; x_wconf 91' lang='lat' dir='ltr'>eidem</span> <span class='ocrx_word' id='word_1_281' title='bbox 1251 1783 1498 1838; x_wconf 88' lang='lat' dir='ltr'>generalem</span> <span class='ocrx_word' id='word_1_282' title='bbox 1533 1786 1575 1822; x_wconf 86' lang='lat' dir='ltr'>et</span> <span class='ocrx_word' id='word_1_283' title='bbox 1606 1782 1786 1824; x_wconf 85' lang='lat' dir='ltr'>liberam</span> <span class='ocrx_word' id='word_1_284' title='bbox 1822 1787 2079 1837; x_wconf 86' lang='lat' dir='ltr'>potestatem</span> <span class='ocrx_word' id='word_1_285' title='bbox 2115 1784 2174 1823; x_wconf 69' lang='lat' dir='ltr'>sie</span> <span class='ocrx_word' id='word_1_286' title='bbox 2209 1784 2349 1824; x_wconf 84' lang='lat' dir='ltr'>onmia</span> 
     </span>
     <span class='ocr_line' id='line_1_33' title="bbox 146 1851 2346 1907; baseline 0 -14"><span class='ocrx_word' id='word_1_287' title='bbox 146 1852 320 1893; x_wconf 90' lang='lat' dir='ltr'>nomine</span> <span class='ocrx_word' id='word_1_288' title='bbox 362 1856 510 1893; x_wconf 89' lang='lat' dir='ltr'>nostro</span> <span class='ocrx_word' id='word_1_289' title='bbox 552 1852 719 1903; x_wconf 83' lang='lat' dir='ltr'>facere,</span> <span class='ocrx_word' id='word_1_290' title='bbox 763 1866 812 1893; x_wconf 91' lang='lat' dir='ltr'>ac</span> <span class='ocrx_word' id='word_1_291' title='bbox 851 1853 886 1893; x_wconf 90' lang='lat' dir='ltr'>si</span> <span class='ocrx_word' id='word_1_292' title='bbox 919 1856 1037 1894; x_wconf 86' lang='lat' dir='ltr'>esset</span> <span class='ocrx_word' id='word_1_293' title='bbox 1079 1852 1267 1907; x_wconf 88' lang='lat' dir='ltr'>speciale</span> <span class='ocrx_word' id='word_1_294' title='bbox 1302 1851 1552 1893; x_wconf 89' lang='lat' dir='ltr'>mandatum</span> <span class='ocrx_word' id='word_1_295' title='bbox 1588 1865 1717 1907; x_wconf 90' lang='lat' dir='ltr'>super</span> <span class='ocrx_word' id='word_1_296' title='bbox 1750 1853 2074 1906; x_wconf 83' lang='lat' dir='ltr'>emergentibus</span> <span class='ocrx_word' id='word_1_297' title='bbox 2108 1853 2289 1907; x_wconf 85' lang='lat' dir='ltr'>singulis</span> <span class='ocrx_word' id='word_1_298' title='bbox 2323 1869 2346 1893; x_wconf 81' lang='lat' dir='ltr'>a</span> 
     </span>
     <span class='ocr_line' id='line_1_34' title="bbox 148 1921 2347 1977; baseline -0.001 -14"><span class='ocrx_word' id='word_1_299' title='bbox 148 1927 296 1964; x_wconf 85' lang='lat' dir='ltr'>nostra</span> <span class='ocrx_word' id='word_1_300' title='bbox 328 1922 584 1963; x_wconf 87' lang='lat' dir='ltr'>celsitudine</span> <span class='ocrx_word' id='word_1_301' title='bbox 618 1926 897 1969; x_wconf 86' lang='lat' dir='ltr'>consecutus;</span> <span class='ocrx_word' id='word_1_302' title='bbox 929 1923 1234 1977; x_wconf 89' lang='lat' dir='ltr'>promittentes</span> <span class='ocrx_word' id='word_1_303' title='bbox 1268 1922 1330 1962; x_wconf 87' lang='lat' dir='ltr'>sic</span> <span class='ocrx_word' id='word_1_304' title='bbox 1364 1921 1508 1963; x_wconf 89' lang='lat' dir='ltr'>omnia</span> <span class='ocrx_word' id='word_1_305' title='bbox 1542 1927 1584 1962; x_wconf 91' lang='lat' dir='ltr'>et</span> <span class='ocrx_word' id='word_1_306' title='bbox 1617 1921 1866 1976; x_wconf 88' lang='lat' dir='ltr'>supradicta</span> <span class='ocrx_word' id='word_1_307' title='bbox 1899 1922 2069 1975; x_wconf 88' lang='lat' dir='ltr'>singula</span> <span class='ocrx_word' id='word_1_308' title='bbox 2102 1927 2193 1962; x_wconf 87' lang='lat' dir='ltr'>rata</span> <span class='ocrx_word' id='word_1_309' title='bbox 2218 1927 2260 1962; x_wconf 91' lang='lat' dir='ltr'>et</span> <span class='ocrx_word' id='word_1_310' title='bbox 2285 1923 2347 1961; x_wconf 91' lang='lat' dir='ltr'>in-</span> 
     </span>
     <span class='ocr_line' id='line_1_35' title="bbox 145 1991 2349 2046; baseline -0.001 -14"><span class='ocrx_word' id='word_1_311' title='bbox 145 2005 354 2033; x_wconf 87' lang='lat' dir='ltr'>concussa</span> <span class='ocrx_word' id='word_1_312' title='bbox 395 2005 590 2043; x_wconf 84' lang='lat' dir='ltr'>servare,</span> <span class='ocrx_word' id='word_1_313' title='bbox 631 2005 679 2032; x_wconf 89' lang='lat' dir='ltr'>ac</span> <span class='ocrx_word' id='word_1_314' title='bbox 721 1991 756 2031; x_wconf 91' lang='lat' dir='ltr'>si</span> <span class='ocrx_word' id='word_1_315' title='bbox 789 2005 814 2032; x_wconf 90' lang='lat' dir='ltr'>a</span> <span class='ocrx_word' id='word_1_316' title='bbox 845 1991 968 2032; x_wconf 89' lang='lat' dir='ltr'>nobis</span> <span class='ocrx_word' id='word_1_317' title='bbox 1011 1991 1298 2046; x_wconf 62' lang='lat' dir='ltr'>personaliter</span> <span class='ocrx_word' id='word_1_318' title='bbox 1340 1994 1383 2031; x_wconf 90' lang='lat' dir='ltr'>et</span> <span class='ocrx_word' id='word_1_319' title='bbox 1424 1991 1744 2045; x_wconf 87' lang='lat' dir='ltr'>presentialiter</span> <span class='ocrx_word' id='word_1_320' title='bbox 1785 1991 1996 2045; x_wconf 80' lang='lat' dir='ltr'>promissa</span> <span class='ocrx_word' id='word_1_321' title='bbox 2032 1991 2274 2031; x_wconf 84' lang='lat' dir='ltr'>existerent</span> <span class='ocrx_word' id='word_1_322' title='bbox 2307 1996 2349 2030; x_wconf 87' lang='lat' dir='ltr'>et</span> 
     </span>
    </p>
   </div>
   <div class='ocr_carea' id='block_1_13' title="bbox 144 2061 2348 2187">
    <p class='ocr_par' dir='ltr' id='par_1_13' title="bbox 144 2061 2348 2187">
     <span class='ocr_line' id='line_1_36' title="bbox 144 2061 325 2102; baseline 0.006 -1"><span class='ocrx_word' id='word_1_323' title='bbox 144 2061 325 2102; x_wconf 86' lang='lat' dir='ltr'>firmata.</span> 
     </span>
     <span class='ocr_line' id='line_1_37' title="bbox 291 2127 2348 2187; baseline -0 -16"><span class='ocrx_word' id='word_1_324' title='bbox 291 2129 406 2173; x_wconf 87' lang='lat' dir='ltr'>Data</span> <span class='ocrx_word' id='word_1_325' title='bbox 431 2130 562 2187; x_wconf 87' lang='lat' dir='ltr'>Fogie</span> <span class='ocrx_word' id='word_1_326' title='bbox 575 2130 605 2182; x_wconf 62' lang='grc' dir='ltr'>ὓ,</span> <span class='ocrx_word' id='word_1_327' title='bbox 629 2143 741 2171; x_wconf 88' lang='lat' dir='ltr'>anno</span> <span class='ocrx_word' id='word_1_328' title='bbox 765 2129 941 2171; x_wconf 91' lang='lat' dir='ltr'>Domini</span> <span class='ocrx_word' id='word_1_329' title='bbox 964 2128 1299 2173; x_wconf 79' lang='lat' dir='ltr'>MCCXXXIV,</span> <span class='ocrx_word' id='word_1_330' title='bbox 1323 2128 1422 2171; x_wconf 83' lang='lat' dir='ltr'>XV.</span> <span class='ocrx_word' id='word_1_331' title='bbox 1447 2129 1607 2170; x_wconf 88' lang='lat' dir='ltr'>mensis</span> <span class='ocrx_word' id='word_1_332' title='bbox 1628 2127 1902 2180; x_wconf 87' lang='lat' dir='ltr'>Novembris,</span> <span class='ocrx_word' id='word_1_333' title='bbox 1926 2133 2078 2169; x_wconf 80' lang='lat' dir='ltr'>octava</span> <span class='ocrx_word' id='word_1_334' title='bbox 2102 2128 2348 2170; x_wconf 83' lang='lat' dir='ltr'>indictione.</span> 
     </span>
    </p>
   </div>
   <div class='ocr_carea' id='block_1_14' title="bbox 363 2323 2142 2369">
    <p class='ocr_par' dir='ltr' id='par_1_14' title="bbox 363 2323 2142 2369">
     <span class='ocr_line' id='line_1_38' title="bbox 363 2323 2142 2369; baseline -0.003 -1"><span class='ocrx_word' id='word_1_335' title='bbox 363 2325 463 2368; x_wconf 88' lang='grc'><strong>189.</strong></span> <span class='ocrx_word' id='word_1_336' title='bbox 501 2325 803 2369; x_wconf 84' lang='lat' dir='ltr'><strong><em>EPISTOLA</em></strong></span> <span class='ocrx_word' id='word_1_337' title='bbox 834 2324 1271 2368; x_wconf 81' lang='lat' dir='ltr'><strong><em>IMPERATORIS</em></strong></span> <span class='ocrx_word' id='word_1_338' title='bbox 1301 2324 1390 2366; x_wconf 82' lang='lat' dir='ltr'>AD</span> <span class='ocrx_word' id='word_1_339' title='bbox 1425 2323 1812 2367; x_wconf 70' lang='lat' dir='ltr'><strong><em>GREGORIUM</em></strong></span> <span class='ocrx_word' id='word_1_340' title='bbox 1836 2324 1920 2365; x_wconf 89' lang='lat' dir='ltr'>IX.</span> <span class='ocrx_word' id='word_1_341' title='bbox 1985 2323 2080 2364; x_wconf 65' lang='lat' dir='ltr'>Dec.</span> <span class='ocrx_word' id='word_1_342' title='bbox 2105 2328 2142 2363; x_wconf 69' lang='lat'>5).</span> 
     </span>
    </p>
   </div>
   <div class='ocr_carea' id='block_1_15' title="bbox 143 2403 2347 2731">
    <p class='ocr_par' dir='ltr' id='par_1_15' title="bbox 143 2403 2347 2667">
     <span class='ocr_line' id='line_1_39' title="bbox 288 2403 2347 2462; baseline -0.004 -13"><span class='ocrx_word' id='word_1_343' title='bbox 288 2407 444 2449; x_wconf 74' lang='lat' dir='ltr'>Exstat</span> <span class='ocrx_word' id='word_1_344' title='bbox 476 2407 520 2448; x_wconf 74' lang='lat' dir='ltr'>in</span> <span class='ocrx_word' id='word_1_345' title='bbox 557 2406 597 2462; x_wconf 88' lang='lat'>1)</span> <span class='ocrx_word' id='word_1_346' title='bbox 629 2408 884 2449; x_wconf 75' lang='lat' dir='ltr'>transsmnto</span> <span class='ocrx_word' id='word_1_347' title='bbox 912 2405 1187 2458; x_wconf 59' lang='lat' dir='ltr'>Luqdzmenso·</span> <span class='ocrx_word' id='word_1_348' title='bbox 1216 2420 1255 2447; x_wconf 87' lang='grc' dir='ltr'>α.</span> <span class='ocrx_word' id='word_1_349' title='bbox 1281 2406 1391 2446; x_wconf 72' lang='grc'><em>1245</em></span> <span class='ocrx_word' id='word_1_350' title='bbox 1422 2408 1612 2455; x_wconf 61' lang='lat' dir='ltr'>warato,</span> <span class='ocrx_word' id='word_1_351' title='bbox 1651 2405 1760 2457; x_wconf 75' lang='lat' dir='ltr'>qnod</span> <span class='ocrx_word' id='word_1_352' title='bbox 1789 2407 2028 2445; x_wconf 63' lang='lat' dir='ltr'>asservatur</span> <span class='ocrx_word' id='word_1_353' title='bbox 2062 2404 2105 2443; x_wconf 79' lang='lat' dir='ltr'>in</span> <span class='ocrx_word' id='word_1_354' title='bbox 2138 2403 2347 2443; x_wconf 67' lang='lat' dir='ltr'>tabulario</span> 
     </span>
     <span class='ocr_line' id='line_1_40' title="bbox 153 2472 2347 2526; baseline -0.004 -9"><span class='ocrx_word' id='word_1_355' title='bbox 153 2475 367 2526; x_wconf 72' lang='lat' dir='ltr'>Vaticano,</span> <span class='ocrx_word' id='word_1_356' title='bbox 398 2477 516 2518; x_wconf 76' lang='lat' dir='ltr'>Arm.</span> <span class='ocrx_word' id='word_1_357' title='bbox 539 2477 570 2519; x_wconf 95' lang='lat' dir='ltr'><strong><em>I</em></strong></span> <span class='ocrx_word' id='word_1_358' title='bbox 595 2490 626 2519; x_wconf 87' lang='lat' dir='ltr'>c.</span> <span class='ocrx_word' id='word_1_359' title='bbox 649 2477 694 2518; x_wconf 91' lang='lat' dir='ltr'>X</span> <span class='ocrx_word' id='word_1_360' title='bbox 722 2490 788 2519; x_wconf 77' lang='lat' dir='ltr'>nr.</span> <span class='ocrx_word' id='word_1_361' title='bbox 811 2478 850 2526; x_wconf 80' lang='lat'>2,</span> <span class='ocrx_word' id='word_1_362' title='bbox 883 2476 956 2517; x_wconf 70' lang='lat' dir='ltr'>lin.</span> <span class='ocrx_word' id='word_1_363' title='bbox 979 2476 1173 2525; x_wconf 75' lang='lat'><em>33—40;</em></span> <span class='ocrx_word' id='word_1_364' title='bbox 1204 2474 1452 2525; x_wconf 68' lang='lat' dir='ltr'>exemplavit</span> <span class='ocrx_word' id='word_1_365' title='bbox 1474 2473 1613 2523; x_wconf 50' lang='lat' dir='ltr'>Kalen·</span> <span class='ocrx_word' id='word_1_366' title='bbox 1643 2476 1679 2514; x_wconf 78' lang='lat' dir='ltr'>et</span> <span class='ocrx_word' id='word_1_367' title='bbox 1701 2474 1747 2512; x_wconf 72' lang='lat' dir='ltr'>in</span> <span class='ocrx_word' id='word_1_368' title='bbox 1781 2474 1824 2519; x_wconf 71' lang='lat'>2)</span> <span class='ocrx_word' id='word_1_369' title='bbox 1857 2472 1989 2513; x_wconf 67' lang='lat' dir='ltr'>rodit-e</span> <span class='ocrx_word' id='word_1_370' title='bbox 2012 2472 2212 2513; x_wconf 61' lang='lat' dir='ltr'>Parisino</span> <span class='ocrx_word' id='word_1_371' title='bbox 2235 2472 2347 2508; x_wconf 61' lang='lat'>⁸991)</span> 
     </span>
     <span class='ocr_line' id='line_1_41' title="bbox 144 2538 2342 2600; baseline -0.005 -13"><span class='ocrx_word' id='word_1_372' title='bbox 144 2558 247 2587; x_wconf 81' lang='lat' dir='ltr'>saec,</span> <span class='ocrx_word' id='word_1_373' title='bbox 276 2545 409 2596; x_wconf 87' lang='lat' dir='ltr'><strong><em>XIII,</em></strong></span> <span class='ocrx_word' id='word_1_374' title='bbox 435 2542 652 2600; x_wconf 73' lang='lat' dir='ltr'>fol.114&#39;,</span> <span class='ocrx_word' id='word_1_375' title='bbox 692 2544 934 2600; x_wconf 57' lang='lat' dir='ltr'>apoprapha</span> <span class='ocrx_word' id='word_1_376' title='bbox 974 2543 1220 2585; x_wconf 73' lang='lat' dir='ltr'>Rotulorum</span> <span class='ocrx_word' id='word_1_377' title='bbox 1267 2542 1607 2585; x_wconf 73' lang='lat' dir='ltr'>Glune‘accnsium</span> <span class='ocrx_word' id='word_1_378' title='bbox 1639 2542 1754 2594; x_wconf 63' lang='lat' dir='ltr'>(Rue.</span> <span class='ocrx_word' id='word_1_379' title='bbox 1778 2541 1883 2589; x_wconf 89' lang='lat' dir='ltr'><strong><em>IV.)</em></strong></span> <span class='ocrx_word' id='word_1_380' title='bbox 1921 2541 2151 2581; x_wconf 70' lang='lat' dir='ltr'>continente</span> <span class='ocrx_word' id='word_1_381' title='bbox 2169 2540 2193 2588; x_wconf 85' lang='lat'>¹,</span> <span class='ocrx_word' id='word_1_382' title='bbox 2234 2538 2342 2590; x_wconf 73' lang='lat' dir='ltr'>quod</span> 
     </span>
     <span class='ocr_line' id='line_1_42' title="bbox 143 2609 2157 2667; baseline -0.003 -11"><span class='ocrx_word' id='word_1_383' title='bbox 143 2614 361 2667; x_wconf 77' lang='lat' dir='ltr'>descripsit</span> <span class='ocrx_word' id='word_1_384' title='bbox 390 2615 606 2658; x_wconf 74' lang='lat' dir='ltr'>Molinier.</span> <span class='ocrx_word' id='word_1_385' title='bbox 642 2642 691 2646; x_wconf 84' lang='lat'>——</span> <span class='ocrx_word' id='word_1_386' title='bbox 725 2612 1190 2657; x_wconf 63' lang='lat' dir='ltr'>Haillard-Bre‘hocoes</span> <span class='ocrx_word' id='word_1_387' title='bbox 1220 2611 1302 2661; x_wconf 83' lang='lat' dir='ltr'>IV,</span> <span class='ocrx_word' id='word_1_388' title='bbox 1326 2611 1420 2651; x_wconf 83' lang='lat'><strong><em>515.</em></strong></span> <span class='ocrx_word' id='word_1_389' title='bbox 1480 2611 1674 2661; x_wconf 67' lang='lat' dir='ltr'>BMmzer,</span> <span class='ocrx_word' id='word_1_390' title='bbox 1707 2610 1806 2663; x_wconf 65' lang='lat' dir='ltr'>Ray.</span> <span class='ocrx_word' id='word_1_391' title='bbox 1842 2611 1935 2661; x_wconf 75' lang='lat' dir='ltr'>imp.</span> <span class='ocrx_word' id='word_1_392' title='bbox 1973 2609 2015 2658; x_wconf 84' lang='lat' dir='ltr'>V,</span> <span class='ocrx_word' id='word_1_393' title='bbox 2032 2612 2157 2650; x_wconf 68' lang='lat'><strong><em>2067.</em></strong></span> 
     </span>
    </p>

    <p class='ocr_par' dir='ltr' id='par_1_16' title="bbox 1966 2678 2201 2731">
     <span class='ocr_line' id='line_1_43' title="bbox 1966 2678 2201 2731; baseline -0.004 -12"><span class='ocrx_word' id='word_1_394' title='bbox 1966 2684 1986 2731; x_wconf 89' lang='lat'><em>(</em></span> <span class='ocrx_word' id='word_1_395' title='bbox 1995 2678 2036 2720; x_wconf 85' lang='lat' dir='ltr'>P.</span> <span class='ocrx_word' id='word_1_396' title='bbox 2061 2679 2201 2731; x_wconf 79' lang='lat' dir='ltr'>deest.)</span> 
     </span>
    </p>
   </div>
   <div class='ocr_carea' id='block_1_16' title="bbox 147 2781 2343 2914">
    <p class='ocr_par' dir='ltr' id='par_1_17' title="bbox 147 2781 2343 2914">
     <span class='ocr_line' id='line_1_44' title="bbox 291 2781 2343 2844; baseline -0.005 -13"><span class='ocrx_word' id='word_1_397' title='bbox 291 2789 575 2830; x_wconf 73' lang='lat' dir='ltr'>sanctissimo</span> <span class='ocrx_word' id='word_1_398' title='bbox 622 2790 664 2830; x_wconf 92' lang='lat' dir='ltr'>in</span> <span class='ocrx_word' id='word_1_399' title='bbox 704 2788 875 2830; x_wconf 86' lang='lat' dir='ltr'>Christo</span> <span class='ocrx_word' id='word_1_400' title='bbox 916 2788 1029 2844; x_wconf 86' lang='lat' dir='ltr'>patri</span> <span class='ocrx_word' id='word_1_401' title='bbox 1069 2786 1241 2828; x_wconf 89' lang='lat' dir='ltr'>domino</span> <span class='ocrx_word' id='word_1_402' title='bbox 1280 2786 1489 2840; x_wconf 86' lang='lat' dir='ltr'>Gregorio</span> <span class='ocrx_word' id='word_1_403' title='bbox 1535 2784 1617 2825; x_wconf 91' lang='lat' dir='ltr'>Dei</span> <span class='ocrx_word' id='word_1_404' title='bbox 1665 2784 1805 2838; x_wconf 86' lang='lat' dir='ltr'>gratia</span> <span class='ocrx_word' id='word_1_405' title='bbox 1849 2797 2014 2823; x_wconf 88' lang='lat' dir='ltr'>summo</span> <span class='ocrx_word' id='word_1_406' title='bbox 2056 2782 2241 2837; x_wconf 83' lang='lat' dir='ltr'>pontifici</span> <span class='ocrx_word' id='word_1_407' title='bbox 2278 2781 2343 2821; x_wconf 85' lang='lat' dir='ltr'>Fr.</span> 
     </span>
     <span class='ocr_line' id='line_1_45' title="bbox 147 2849 2343 2914; baseline -0.006 -13"><span class='ocrx_word' id='word_1_408' title='bbox 147 2858 299 2901; x_wconf 81' lang='lat' dir='ltr'>eadem</span> <span class='ocrx_word' id='word_1_409' title='bbox 331 2860 470 2914; x_wconf 82' lang='lat' dir='ltr'>gratia</span> <span class='ocrx_word' id='word_1_410' title='bbox 492 2858 781 2900; x_wconf 91' lang='lat' dir='ltr'>Romanorum</span> <span class='ocrx_word' id='word_1_411' title='bbox 816 2859 1050 2913; x_wconf 89' lang='lat' dir='ltr'>imperator</span> <span class='ocrx_word' id='word_1_412' title='bbox 1083 2869 1254 2911; x_wconf 85' lang='lat' dir='ltr'>semper</span> <span class='ocrx_word' id='word_1_413' title='bbox 1285 2859 1511 2910; x_wconf 86' lang='lat' dir='ltr'>augustus,</span> <span class='ocrx_word' id='word_1_414' title='bbox 1546 2853 1785 2894; x_wconf 84' lang='lat' dir='ltr'>Ierusalem</span> <span class='ocrx_word' id='word_1_415' title='bbox 1820 2856 1862 2893; x_wconf 90' lang='lat' dir='ltr'>et</span> <span class='ocrx_word' id='word_1_416' title='bbox 1885 2851 2030 2892; x_wconf 84' lang='lat' dir='ltr'>Sicilie</span> <span class='ocrx_word' id='word_1_417' title='bbox 2062 2864 2136 2891; x_wconf 84' lang='lat' dir='ltr'>rex</span> <span class='ocrx_word' id='word_1_418' title='bbox 2161 2849 2343 2889; x_wconf 83' lang='lat' dir='ltr'>salutem</span> 
     </span>
    </p>
   </div>
   <div class='ocr_carea' id='block_1_17' title="bbox 146 2927 2346 3466">
    <p class='ocr_par' dir='ltr' id='par_1_18' title="bbox 149 2927 736 2970">
     <span class='ocr_line' id='line_1_46' title="bbox 149 2927 736 2970; baseline -0.002 0"><span class='ocrx_word' id='word_1_419' title='bbox 149 2931 192 2970; x_wconf 87' lang='lat' dir='ltr'>et</span> <span class='ocrx_word' id='word_1_420' title='bbox 222 2928 514 2970; x_wconf 84' lang='lat' dir='ltr'>reverentiam</span> <span class='ocrx_word' id='word_1_421' title='bbox 545 2927 736 2969; x_wconf 87' lang='lat' dir='ltr'>filialem.</span> 
     </span>
    </p>

    <p class='ocr_par' dir='ltr' id='par_1_19' title="bbox 146 2987 2346 3466">
     <span class='ocr_line' id='line_1_47' title="bbox 291 2987 2343 3048; baseline -0.006 -9"><span class='ocrx_word' id='word_1_422' title='bbox 291 2997 399 3038; x_wconf 81' lang='lat' dir='ltr'>Cum</span> <span class='ocrx_word' id='word_1_423' title='bbox 432 2996 484 3038; x_wconf 80' lang='lat' dir='ltr'>de</span> <span class='ocrx_word' id='word_1_424' title='bbox 515 2997 653 3038; x_wconf 88' lang='lat' dir='ltr'>latere</span> <span class='ocrx_word' id='word_1_425' title='bbox 686 3001 832 3037; x_wconf 89' lang='lat' dir='ltr'>nostro</span> <span class='ocrx_word' id='word_1_426' title='bbox 865 2996 1087 3036; x_wconf 89' lang='lat' dir='ltr'>mittamus</span> <span class='ocrx_word' id='word_1_427' title='bbox 1121 2994 1374 3048; x_wconf 87' lang='lat' dir='ltr'>magistrum</span> <span class='ocrx_word' id='word_1_428' title='bbox 1397 2991 1575 3032; x_wconf 86' lang='lat' dir='ltr'>Petrum</span> <span class='ocrx_word' id='word_1_429' title='bbox 1609 2989 1661 3031; x_wconf 91' lang='lat' dir='ltr'>de</span> <span class='ocrx_word' id='word_1_430' title='bbox 1686 2989 1826 3030; x_wconf 81' lang='lat' dir='ltr'>Vinea</span> <span class='ocrx_word' id='word_1_431' title='bbox 1860 3002 2013 3043; x_wconf 87' lang='lat' dir='ltr'>magne</span> <span class='ocrx_word' id='word_1_432' title='bbox 2049 2987 2165 3028; x_wconf 86' lang='lat' dir='ltr'>curie</span> <span class='ocrx_word' id='word_1_433' title='bbox 2200 2991 2343 3027; x_wconf 84' lang='lat' dir='ltr'>nostre</span> 
     </span>
     <span class='ocr_line' id='line_1_48' title="bbox 146 3057 2343 3111; baseline -0.005 -4"><span class='ocrx_word' id='word_1_434' title='bbox 146 3066 332 3109; x_wconf 88' lang='lat' dir='ltr'>iudicem</span> <span class='ocrx_word' id='word_1_435' title='bbox 365 3071 409 3108; x_wconf 85' lang='lat' dir='ltr'>et</span> <span class='ocrx_word' id='word_1_436' title='bbox 440 3066 613 3108; x_wconf 90' lang='lat' dir='ltr'>fidelem</span> <span class='ocrx_word' id='word_1_437' title='bbox 645 3071 840 3107; x_wconf 89' lang='lat' dir='ltr'>nostrum</span> <span class='ocrx_word' id='word_1_438' title='bbox 874 3065 927 3106; x_wconf 89' lang='lat' dir='ltr'>ad</span> <span class='ocrx_word' id='word_1_439' title='bbox 961 3064 1232 3105; x_wconf 89' lang='lat' dir='ltr'>carissimum</span> <span class='ocrx_word' id='word_1_440' title='bbox 1266 3062 1452 3103; x_wconf 87' lang='lat' dir='ltr'>amicum</span> <span class='ocrx_word' id='word_1_441' title='bbox 1487 3065 1676 3101; x_wconf 86' lang='lat' dir='ltr'>nostrum</span> <span class='ocrx_word' id='word_1_442' title='bbox 1702 3059 1910 3099; x_wconf 88' lang='lat' dir='ltr'>illustrem</span> <span class='ocrx_word' id='word_1_443' title='bbox 1934 3071 2078 3111; x_wconf 89' lang='lat' dir='ltr'>regem</span> <span class='ocrx_word' id='word_1_444' title='bbox 2104 3057 2343 3110; x_wconf 79' lang='lat' dir='ltr'>Anglorum</span> 
     </span>
     <span class='ocr_line' id='line_1_49' title="bbox 147 3125 2346 3191; baseline -0.007 -13"><span class='ocrx_word' id='word_1_445' title='bbox 147 3150 225 3191; x_wconf 86' lang='lat' dir='ltr'>pro</span> <span class='ocrx_word' id='word_1_446' title='bbox 259 3136 586 3177; x_wconf 89' lang='lat' dir='ltr'>consumatione</span> <span class='ocrx_word' id='word_1_447' title='bbox 618 3135 892 3185; x_wconf 86' lang='lat' dir='ltr'>matrimonii,</span> <span class='ocrx_word' id='word_1_448' title='bbox 926 3134 1040 3174; x_wconf 88' lang='lat' dir='ltr'>inter</span> <span class='ocrx_word' id='word_1_449' title='bbox 1070 3147 1145 3173; x_wconf 92' lang='lat' dir='ltr'>nos</span> <span class='ocrx_word' id='word_1_450' title='bbox 1179 3136 1223 3172; x_wconf 90' lang='lat' dir='ltr'>et</span> <span class='ocrx_word' id='word_1_451' title='bbox 1254 3145 1401 3185; x_wconf 88' lang='lat' dir='ltr'>regem</span> <span class='ocrx_word' id='word_1_452' title='bbox 1432 3129 1615 3170; x_wconf 89' lang='lat' dir='ltr'>eundem</span> <span class='ocrx_word' id='word_1_453' title='bbox 1650 3128 1702 3169; x_wconf 90' lang='lat' dir='ltr'>de</span> <span class='ocrx_word' id='word_1_454' title='bbox 1730 3127 1935 3167; x_wconf 83' lang='lat' dir='ltr'>Ysabella</span> <span class='ocrx_word' id='word_1_455' title='bbox 1959 3140 2104 3167; x_wconf 89' lang='lat' dir='ltr'>sorore</span> <span class='ocrx_word' id='word_1_456' title='bbox 2129 3139 2204 3165; x_wconf 87' lang='lat' dir='ltr'>sua</span> <span class='ocrx_word' id='word_1_457' title='bbox 2227 3125 2346 3165; x_wconf 78' lang='lat' dir='ltr'>iuxta</span> 
     </span>
     <span class='ocr_line' id='line_1_50' title="bbox 147 3194 2342 3261; baseline -0.007 -14"><span class='ocrx_word' id='word_1_458' title='bbox 147 3205 373 3246; x_wconf 84' lang='lat' dir='ltr'>consilium</span> <span class='ocrx_word' id='word_1_459' title='bbox 417 3205 692 3261; x_wconf 86' lang='lat' dir='ltr'>paternitatis</span> <span class='ocrx_word' id='word_1_460' title='bbox 725 3209 870 3245; x_wconf 83' lang='lat' dir='ltr'>vestre</span> <span class='ocrx_word' id='word_1_461' title='bbox 911 3202 1101 3252; x_wconf 89' lang='lat' dir='ltr'>tractati,</span> <span class='ocrx_word' id='word_1_462' title='bbox 1144 3205 1192 3241; x_wconf 92' lang='lat' dir='ltr'>ut</span> <span class='ocrx_word' id='word_1_463' title='bbox 1225 3204 1268 3240; x_wconf 84' lang='lat' dir='ltr'>et</span> <span class='ocrx_word' id='word_1_464' title='bbox 1304 3199 1346 3240; x_wconf 91' lang='lat' dir='ltr'>in</span> <span class='ocrx_word' id='word_1_465' title='bbox 1390 3198 1579 3254; x_wconf 89' lang='lat' dir='ltr'>puellam</span> <span class='ocrx_word' id='word_1_466' title='bbox 1613 3195 1792 3237; x_wconf 89' lang='lat' dir='ltr'>eandem</span> <span class='ocrx_word' id='word_1_467' title='bbox 1826 3209 1900 3250; x_wconf 91' lang='lat' dir='ltr'>pro</span> <span class='ocrx_word' id='word_1_468' title='bbox 1934 3199 2056 3249; x_wconf 87' lang='lat' dir='ltr'>parte</span> <span class='ocrx_word' id='word_1_469' title='bbox 2090 3208 2139 3233; x_wconf 87' lang='lat' dir='ltr'>ac</span> <span class='ocrx_word' id='word_1_470' title='bbox 2173 3194 2342 3233; x_wconf 89' lang='lat' dir='ltr'>nomine</span> 
     </span>
     <span class='ocr_line' id='line_1_51' title="bbox 147 3261 2344 3328; baseline -0.008 -12"><span class='ocrx_word' id='word_1_471' title='bbox 147 3278 293 3316; x_wconf 84' lang='lat' dir='ltr'>nostro</span> <span class='ocrx_word' id='word_1_472' title='bbox 326 3274 570 3315; x_wconf 90' lang='lat' dir='ltr'>consentiat</span> <span class='ocrx_word' id='word_1_473' title='bbox 602 3278 646 3315; x_wconf 90' lang='lat' dir='ltr'>et</span> <span class='ocrx_word' id='word_1_474' title='bbox 677 3276 724 3314; x_wconf 90' lang='lat' dir='ltr'>ut</span> <span class='ocrx_word' id='word_1_475' title='bbox 754 3273 890 3328; x_wconf 89' lang='lat' dir='ltr'>ipsam</span> <span class='ocrx_word' id='word_1_476' title='bbox 924 3271 977 3311; x_wconf 91' lang='lat' dir='ltr'>ad</span> <span class='ocrx_word' id='word_1_477' title='bbox 1010 3285 1088 3311; x_wconf 90' lang='lat' dir='ltr'>nos</span> <span class='ocrx_word' id='word_1_478' title='bbox 1121 3283 1206 3309; x_wconf 87' lang='lat' dir='ltr'>una</span> <span class='ocrx_word' id='word_1_479' title='bbox 1238 3282 1333 3309; x_wconf 90' lang='lat' dir='ltr'>cum</span> <span class='ocrx_word' id='word_1_480' title='bbox 1366 3268 1508 3321; x_wconf 90' lang='lat' dir='ltr'>aliquo</span> <span class='ocrx_word' id='word_1_481' title='bbox 1542 3265 1594 3306; x_wconf 92' lang='lat' dir='ltr'>de</span> <span class='ocrx_word' id='word_1_482' title='bbox 1628 3264 1807 3319; x_wconf 88' lang='lat' dir='ltr'>prelatis</span> <span class='ocrx_word' id='word_1_483' title='bbox 1840 3262 2095 3308; x_wconf 84' lang='lat' dir='ltr'>Theotonie,</span> <span class='ocrx_word' id='word_1_484' title='bbox 2130 3275 2255 3315; x_wconf 90' lang='lat' dir='ltr'>quem</span> <span class='ocrx_word' id='word_1_485' title='bbox 2292 3261 2344 3300; x_wconf 84' lang='lat' dir='ltr'>ad</span> 
     </span>
     <span class='ocr_line' id='line_1_52' title="bbox 146 3329 2344 3390; baseline -0.008 -5"><span class='ocrx_word' id='word_1_486' title='bbox 146 3342 229 3383; x_wconf 90' lang='lat' dir='ltr'>hoc</span> <span class='ocrx_word' id='word_1_487' title='bbox 270 3343 383 3384; x_wconf 92' lang='lat' dir='ltr'>idem</span> <span class='ocrx_word' id='word_1_488' title='bbox 423 3342 557 3384; x_wconf 84' lang='lat' dir='ltr'>iudex</span> <span class='ocrx_word' id='word_1_489' title='bbox 603 3342 656 3383; x_wconf 91' lang='lat' dir='ltr'>de</span> <span class='ocrx_word' id='word_1_490' title='bbox 698 3341 874 3382; x_wconf 91' lang='lat' dir='ltr'>consilio</span> <span class='ocrx_word' id='word_1_491' title='bbox 915 3340 970 3381; x_wconf 93' lang='lat' dir='ltr'>H.</span> <span class='ocrx_word' id='word_1_492' title='bbox 1004 3337 1265 3380; x_wconf 85' lang='lat' dir='ltr'>venerabilis</span> <span class='ocrx_word' id='word_1_493' title='bbox 1307 3336 1501 3390; x_wconf 86' lang='lat' dir='ltr'>magistri</span> <span class='ocrx_word' id='word_1_494' title='bbox 1543 3334 1694 3375; x_wconf 91' lang='lat' dir='ltr'>domus</span> <span class='ocrx_word' id='word_1_495' title='bbox 1730 3332 1969 3386; x_wconf 89' lang='lat' dir='ltr'>Hospitalis</span> <span class='ocrx_word' id='word_1_496' title='bbox 2018 3334 2166 3371; x_wconf 86' lang='lat' dir='ltr'>sancte</span> <span class='ocrx_word' id='word_1_497' title='bbox 2209 3329 2344 3370; x_wconf 82' lang='lat' dir='ltr'>Marie</span> 
     </span>
     <span class='ocr_line' id='line_1_53' title="bbox 149 3397 2345 3466; baseline -0.007 -14"><span class='ocrx_word' id='word_1_498' title='bbox 149 3410 510 3454; x_wconf 83' lang='lat' dir='ltr'>Theotonicorum</span> <span class='ocrx_word' id='word_1_499' title='bbox 533 3412 577 3452; x_wconf 89' lang='lat' dir='ltr'>in</span> <span class='ocrx_word' id='word_1_500' title='bbox 598 3411 838 3452; x_wconf 87' lang='lat' dir='ltr'>Ierusalem</span> <span class='ocrx_word' id='word_1_501' title='bbox 861 3409 1079 3466; x_wconf 81' lang='lat' dir='ltr'>ydoneum</span> <span class='ocrx_word' id='word_1_502' title='bbox 1101 3405 1333 3462; x_wconf 84' lang='lat' dir='ltr'>reputabit,</span> <span class='ocrx_word' id='word_1_503' title='bbox 1368 3404 1534 3445; x_wconf 76' lang='lat' dir='ltr'>omine³</span> <span class='ocrx_word' id='word_1_504' title='bbox 1561 3402 1674 3443; x_wconf 87' lang='lat' dir='ltr'>felici</span> <span class='ocrx_word' id='word_1_505' title='bbox 1699 3400 1898 3450; x_wconf 80' lang='lat' dir='ltr'>deducat,</span> <span class='ocrx_word' id='word_1_506' title='bbox 1932 3414 1984 3441; x_wconf 89' lang='lat' dir='ltr'>ne</span> <span class='ocrx_word' id='word_1_507' title='bbox 2008 3400 2047 3440; x_wconf 92' lang='lat' dir='ltr'>in</span> <span class='ocrx_word' id='word_1_508' title='bbox 2073 3405 2160 3439; x_wconf 91' lang='lat' dir='ltr'>tam</span> <span class='ocrx_word' id='word_1_509' title='bbox 2184 3397 2345 3439; x_wconf 86' lang='lat' dir='ltr'>salubri</span> 
     </span>
    </p>
   </div>
   <div class='ocr_carea' id='block_1_18' title="bbox 285 3514 1026 3627">
    <p class='ocr_par' dir='ltr' id='par_1_20' title="bbox 285 3514 1026 3627">
     <span class='ocr_line' id='line_1_54' title="bbox 285 3514 1026 3558; baseline -0.005 -9"><span class='ocrx_word' id='word_1_510' title='bbox 285 3515 371 3550; x_wconf 86' lang='lat' dir='ltr'>ISS.</span> <span class='ocrx_word' id='word_1_511' title='bbox 403 3514 435 3558; x_wconf 64' lang='grc' dir='ltr'>θ’)</span> <span class='ocrx_word' id='word_1_512' title='bbox 460 3518 600 3549; x_wconf 85' lang='lat' dir='ltr'>fuerant</span> <span class='ocrx_word' id='word_1_513' title='bbox 625 3516 676 3548; x_wconf 76' lang='lat' dir='ltr'>ed.</span> <span class='ocrx_word' id='word_1_514' title='bbox 797 3515 828 3553; x_wconf 83' lang='lat' dir='ltr'>b)</span> <span class='ocrx_word' id='word_1_515' title='bbox 854 3516 946 3556; x_wconf 88' lang='lat' dir='ltr'>Foge</span> <span class='ocrx_word' id='word_1_516' title='bbox 972 3514 1026 3546; x_wconf 78' lang='lat' dir='ltr'>ecl.</span> 
     </span>
     <span class='ocr_line' id='line_1_55' title="bbox 290 3583 619 3627; baseline -0.003 -9"><span class='ocrx_word' id='word_1_517' title='bbox 290 3583 376 3618; x_wconf 77' lang='grc'><strong>189.</strong></span> <span class='ocrx_word' id='word_1_518' title='bbox 408 3584 438 3627; x_wconf 80' lang='lat'>³)</span> <span class='ocrx_word' id='word_1_519' title='bbox 465 3596 564 3618; x_wconf 86' lang='lat' dir='ltr'>omne</span> <span class='ocrx_word' id='word_1_520' title='bbox 587 3583 619 3617; x_wconf 82' lang='lat'>2.</span> 
     </span>
    </p>
   </div>
   <div class='ocr_carea' id='block_1_19' title="bbox 289 3671 1259 3720">
    <p class='ocr_par' dir='ltr' id='par_1_21' title="bbox 289 3671 1259 3720">
     <span class='ocr_line' id='line_1_56' title="bbox 289 3671 1259 3720; baseline -0.008 -11"><span class='ocrx_word' id='word_1_521' title='bbox 289 3676 324 3720; x_wconf 83' lang='lat'>1)</span> <span class='ocrx_word' id='word_1_522' title='bbox 355 3673 408 3717; x_wconf 81' lang='lat' dir='ltr'>Cf.</span> <span class='ocrx_word' id='word_1_523' title='bbox 436 3674 591 3708; x_wconf 76' lang='lat' dir='ltr'>‘Notices</span> <span class='ocrx_word' id='word_1_524' title='bbox 615 3676 647 3708; x_wconf 81' lang='lat' dir='ltr'>et</span> <span class='ocrx_word' id='word_1_525' title='bbox 670 3672 829 3708; x_wconf 75' lang='lat' dir='ltr'>extraits’</span> <span class='ocrx_word' id='word_1_526' title='bbox 856 3672 971 3715; x_wconf 87' lang='lat' dir='ltr'>XXI,</span> <span class='ocrx_word' id='word_1_527' title='bbox 992 3676 1023 3714; x_wconf 84' lang='lat'>2,</span> <span class='ocrx_word' id='word_1_528' title='bbox 1042 3674 1109 3705; x_wconf 83' lang='lat'>290</span> <span class='ocrx_word' id='word_1_529' title='bbox 1133 3678 1189 3702; x_wconf 72' lang='lat' dir='ltr'>ur.</span> <span class='ocrx_word' id='word_1_530' title='bbox 1203 3671 1259 3702; x_wconf 69' lang='lat'>40.</span> 
     </span>
    </p>
   </div>
  </div>
 </body>
</html>
