<?xml version="1.0" encoding="UTF-8"?>
<!DOCTYPE html PUBLIC "-//W3C//DTD XHTML 1.0 Transitional//EN"
    "http://www.w3.org/TR/xhtml1/DTD/xhtml1-transitional.dtd">
<html xmlns="http://www.w3.org/1999/xhtml" xml:lang="en" lang="en">
 <head>
  <title>
</title>
<meta http-equiv="Content-Type" content="text/html;charset=utf-8" />
  <meta name='ocr-system' content='tesseract 3.04.00' />
  <meta name='ocr-capabilities' content='ocr_page ocr_carea ocr_par ocr_line ocrx_word'/>
</head>
<body>
  <div class='ocr_page' id='page_1' title='image "./monumentager02geseuoft_0563.png"; bbox 0 0 2558 3970; ppageno 0'>
   <div class='ocr_carea' id='block_1_1' title="bbox 22 3797 89 3970">
    <p class='ocr_par' dir='ltr' id='par_1_1' title="bbox 22 3797 89 3970">
     <span class='ocr_line' id='line_1_1' title="bbox 22 3797 86 3970; baseline 0 0"><span class='ocrx_word' id='word_1_1' title='bbox 22 3854 24 3870; x_wconf 36' lang='lat' dir='ltr'>i</span> <span class='ocrx_word' id='word_1_2' title='bbox 36 3797 86 3970; x_wconf 49' lang='grc' dir='ltr'><strong>ἢ</strong></span> 
     </span>
     <span class='ocr_line' id='line_1_2' title="bbox 86 3903 89 3913; baseline 0 0"><span class='ocrx_word' id='word_1_3' title='bbox 86 3903 89 3913; x_wconf 66' lang='lat' dir='ltr'>i</span> 
     </span>
     <span class='ocr_line' id='line_1_3' title="bbox 35 3930 39 3941; baseline 0 0"><span class='ocrx_word' id='word_1_4' title='bbox 35 3930 39 3941; x_wconf 77' lang='grc'><strong><em>1</em></strong></span> 
     </span>
    </p>
   </div>
   <div class='ocr_carea' id='block_1_2' title="bbox 567 154 2358 198">
    <p class='ocr_par' dir='ltr' id='par_1_2' title="bbox 567 154 2358 198">
     <span class='ocr_line' id='line_1_4' title="bbox 567 154 2358 198; baseline 0.004 -9"><span class='ocrx_word' id='word_1_5' title='bbox 567 154 854 190; x_wconf 79' lang='lat' dir='ltr'>INNOCENTII</span> <span class='ocrx_word' id='word_1_6' title='bbox 884 154 943 188; x_wconf 83' lang='lat' dir='ltr'>1v.</span> <span class='ocrx_word' id='word_1_7' title='bbox 970 154 1233 190; x_wconf 74' lang='lat' dir='ltr'>CONClLll&#39;M</span> <span class='ocrx_word' id='word_1_8' title='bbox 1266 157 1597 191; x_wconf 67' lang='lat' dir='ltr'>ho&#39;unl&#39;NENsE.</span> <span class='ocrx_word' id='word_1_9' title='bbox 1651 159 1747 192; x_wconf 68' lang='lat'>1245.</span> <span class='ocrx_word' id='word_1_10' title='bbox 1800 158 1861 192; x_wconf 80' lang='lat' dir='ltr'>Nr.</span> <span class='ocrx_word' id='word_1_11' title='bbox 1879 158 1956 192; x_wconf 81' lang='lat'>401.</span> <span class='ocrx_word' id='word_1_12' title='bbox 2278 161 2358 198; x_wconf 84' lang='grc'>515</span> 
     </span>
    </p>
   </div>
   <div class='ocr_carea' id='block_1_3' title="bbox 163 269 2361 536">
    <p class='ocr_par' dir='ltr' id='par_1_3' title="bbox 163 269 2361 536">
     <span class='ocr_line' id='line_1_5' title="bbox 306 269 2359 328; baseline 0 -16"><span class='ocrx_word' id='word_1_13' title='bbox 306 271 372 325; x_wconf 88' lang='grc'>(4)</span> <span class='ocrx_word' id='word_1_14' title='bbox 406 270 574 317; x_wconf 81' lang='lat' dir='ltr'>Quibus</span> <span class='ocrx_word' id='word_1_15' title='bbox 616 269 766 311; x_wconf 74' lang='lat' dir='ltr'>dietist</span> <span class='ocrx_word' id='word_1_16' title='bbox 808 269 936 310; x_wconf 63' lang='lat' dir='ltr'>iudex</span> <span class='ocrx_word' id='word_1_17' title='bbox 972 269 1206 311; x_wconf 63' lang='lat' dir='ltr'>Thadousu</span> <span class='ocrx_word' id='word_1_18' title='bbox 1241 286 1348 312; x_wconf 86' lang='lat' dir='ltr'>unus</span> <span class='ocrx_word' id='word_1_19' title='bbox 1380 271 1433 312; x_wconf 71' lang='lat' dir='ltr'>de</span> <span class='ocrx_word' id='word_1_20' title='bbox 1469 273 1626 313; x_wconf 63' lang='lat' dir='ltr'>nuntiis</span> <span class='ocrx_word' id='word_1_21' title='bbox 1669 273 1940 328; x_wconf 77' lang='lat' dir='ltr'>imperatoris</span> <span class='ocrx_word' id='word_1_22' title='bbox 1975 273 2159 314; x_wconf 77' lang='lat' dir='ltr'>surrexit</span> <span class='ocrx_word' id='word_1_23' title='bbox 2192 277 2235 313; x_wconf 77' lang='lat' dir='ltr'>et</span> <span class='ocrx_word' id='word_1_24' title='bbox 2270 273 2359 312; x_wconf 73' lang='lat' dir='ltr'>sere</span> 
     </span>
     <span class='ocr_line' id='line_1_6' title="bbox 163 338 2361 397; baseline -0 -15"><span class='ocrx_word' id='word_1_25' title='bbox 163 339 386 396; x_wconf 84' lang='lat' dir='ltr'>respondit</span> <span class='ocrx_word' id='word_1_26' title='bbox 417 339 469 381; x_wconf 90' lang='lat' dir='ltr'>ad</span> <span class='ocrx_word' id='word_1_27' title='bbox 504 340 692 394; x_wconf 81' lang='lat' dir='ltr'>singula,</span> <span class='ocrx_word' id='word_1_28' title='bbox 735 352 816 394; x_wconf 88' lang='lat' dir='ltr'>que</span> <span class='ocrx_word' id='word_1_29' title='bbox 849 338 1048 379; x_wconf 74' lang='lat' dir='ltr'>dixeratv</span> <span class='ocrx_word' id='word_1_30' title='bbox 1080 339 1277 381; x_wconf 85' lang='lat' dir='ltr'>dominus</span> <span class='ocrx_word' id='word_1_31' title='bbox 1311 355 1445 397; x_wconf 81' lang='lat' dir='ltr'>papa,</span> <span class='ocrx_word' id='word_1_32' title='bbox 1491 347 1533 382; x_wconf 88' lang='lat' dir='ltr'>et</span> <span class='ocrx_word' id='word_1_33' title='bbox 1567 342 1818 383; x_wconf 83' lang='lat' dir='ltr'>mirabiliter</span> <span class='ocrx_word' id='word_1_34' title='bbox 1851 356 2061 383; x_wconf 77' lang='lat' dir='ltr'>excusare</span> <span class='ocrx_word' id='word_1_35' title='bbox 2075 349 2098 365; x_wconf 68' lang='lat' dir='ltr'>w</span> <span class='ocrx_word' id='word_1_36' title='bbox 2134 341 2361 382; x_wconf 81' lang='lat' dir='ltr'>videbatur</span> 
     </span>
     <span class='ocr_line' id='line_1_7' title="bbox 164 407 2358 467; baseline 0 -17"><span class='ocrx_word' id='word_1_37' title='bbox 164 409 490 465; x_wconf 76' lang='lat' dir='ltr'>imperatoremt</span> <span class='ocrx_word' id='word_1_38' title='bbox 522 413 565 450; x_wconf 93' lang='lat' dir='ltr'>et</span> <span class='ocrx_word' id='word_1_39' title='bbox 605 408 792 449; x_wconf 87' lang='lat' dir='ltr'>asseruit</span> <span class='ocrx_word' id='word_1_40' title='bbox 832 407 966 448; x_wconf 83' lang='lat' dir='ltr'>multa</span> <span class='ocrx_word' id='word_1_41' title='bbox 1007 409 1161 455; x_wconf 66' lang='lat' dir='ltr'>malax,</span> <span class='ocrx_word' id='word_1_42' title='bbox 1202 424 1283 464; x_wconf 84' lang='lat' dir='ltr'>que</span> <span class='ocrx_word' id='word_1_43' title='bbox 1317 411 1501 451; x_wconf 57' lang='lat' dir='ltr'>fecisses</span> <span class='ocrx_word' id='word_1_44' title='bbox 1536 416 1603 452; x_wconf 79' lang='lat' dir='ltr'>etz</span> <span class='ocrx_word' id='word_1_45' title='bbox 1637 426 1892 467; x_wconf 74' lang='lat' dir='ltr'>procurasse</span> <span class='ocrx_word' id='word_1_46' title='bbox 1927 412 2098 452; x_wconf 76' lang='lat' dir='ltr'>dicebat</span> <span class='ocrx_word' id='word_1_47' title='bbox 2132 411 2358 452; x_wconf 64' lang='lat' dir='ltr'>ecelesiam</span> 
     </span>
     <span class='ocr_line' id='line_1_8' title="bbox 163 476 2361 536; baseline 0 -17"><span class='ocrx_word' id='word_1_48' title='bbox 163 483 312 520; x_wconf 84' lang='lat' dir='ltr'>eontra</span> <span class='ocrx_word' id='word_1_49' title='bbox 344 491 457 528; x_wconf 89' lang='lat' dir='ltr'>eum,</span> <span class='ocrx_word' id='word_1_50' title='bbox 490 481 532 518; x_wconf 91' lang='lat' dir='ltr'>et</span> <span class='ocrx_word' id='word_1_51' title='bbox 563 476 752 518; x_wconf 82' lang='lat' dir='ltr'>ostendit</span> <span class='ocrx_word' id='word_1_52' title='bbox 784 490 914 532; x_wconf 90' lang='lat' dir='ltr'>super</span> <span class='ocrx_word' id='word_1_53' title='bbox 946 476 1026 518; x_wconf 82' lang='lat' dir='ltr'>hiis</span> <span class='ocrx_word' id='word_1_54' title='bbox 1059 478 1244 533; x_wconf 79' lang='lat' dir='ltr'>plurima</span> <span class='ocrx_word' id='word_1_55' title='bbox 1277 480 1422 534; x_wconf 72' lang='lat' dir='ltr'>parian</span> <span class='ocrx_word' id='word_1_56' title='bbox 1456 480 1715 523; x_wconf 82' lang='lat' dir='ltr'>litterarum:</span> <span class='ocrx_word' id='word_1_57' title='bbox 1759 487 1800 521; x_wconf 77' lang='lat' dir='ltr'>vt</span> <span class='ocrx_word' id='word_1_58' title='bbox 1835 481 1978 521; x_wconf 78' lang='lat' dir='ltr'>multis</span> <span class='ocrx_word' id='word_1_59' title='bbox 2011 482 2103 521; x_wconf 76' lang='lat' dir='ltr'>eius</span> <span class='ocrx_word' id='word_1_60' title='bbox 2138 480 2361 536; x_wconf 73' lang='lat' dir='ltr'>responsio</span> 
     </span>
    </p>
   </div>
   <div class='ocr_carea' id='block_1_4' title="bbox 111 545 2361 605">
    <p class='ocr_par' dir='ltr' id='par_1_4' title="bbox 111 545 2361 605">
     <span class='ocr_line' id='line_1_9' title="bbox 111 545 2361 605; baseline 0 -17"><span class='ocrx_word' id='word_1_61' title='bbox 111 563 125 587; x_wconf 71' lang='grc' dir='ltr'>ε,</span> <span class='ocrx_word' id='word_1_62' title='bbox 164 547 243 588; x_wconf 87' lang='lat' dir='ltr'>fuit</span> <span class='ocrx_word' id='word_1_63' title='bbox 285 551 421 602; x_wconf 84' lang='lat' dir='ltr'>grata.</span> <span class='ocrx_word' id='word_1_64' title='bbox 484 545 569 587; x_wconf 86' lang='lat' dir='ltr'>Sed</span> <span class='ocrx_word' id='word_1_65' title='bbox 602 545 798 587; x_wconf 88' lang='lat' dir='ltr'>dominus</span> <span class='ocrx_word' id='word_1_66' title='bbox 838 559 949 601; x_wconf 88' lang='lat' dir='ltr'>papa</span> <span class='ocrx_word' id='word_1_67' title='bbox 988 546 1241 601; x_wconf 80' lang='lat' dir='ltr'>responditb</span> <span class='ocrx_word' id='word_1_68' title='bbox 1274 547 1327 588; x_wconf 85' lang='lat' dir='ltr'>ad</span> <span class='ocrx_word' id='word_1_69' title='bbox 1361 549 1531 602; x_wconf 81' lang='lat' dir='ltr'>singula</span> <span class='ocrx_word' id='word_1_70' title='bbox 1566 549 1695 594; x_wconf 82' lang='lat' dir='ltr'>bene,</span> <span class='ocrx_word' id='word_1_71' title='bbox 1741 564 1790 589; x_wconf 71' lang='lat' dir='ltr'>ac</span> <span class='ocrx_word' id='word_1_72' title='bbox 1826 550 1859 589; x_wconf 74' lang='lat' dir='ltr'>si</span> <span class='ocrx_word' id='word_1_73' title='bbox 1896 549 2194 605; x_wconf 41' lang='lat' dir='ltr'>providisset&amp;</span> <span class='ocrx_word' id='word_1_74' title='bbox 2239 566 2285 589; x_wconf 78' lang='lat' dir='ltr'>so</span> <span class='ocrx_word' id='word_1_75' title='bbox 2319 555 2361 589; x_wconf 82' lang='lat' dir='ltr'>et</span> 
     </span>
    </p>
   </div>
   <div class='ocr_carea' id='block_1_5' title="bbox 96 915 129 939">
    <p class='ocr_par' dir='ltr' id='par_1_5' title="bbox 96 915 129 939">
     <span class='ocr_line' id='line_1_10' title="bbox 96 915 129 939; baseline 0.03 -4"><span class='ocrx_word' id='word_1_76' title='bbox 96 915 129 939; x_wconf 75' lang='lat' dir='ltr'>lt)</span> 
     </span>
    </p>
   </div>
   <div class='ocr_carea' id='block_1_6' title="bbox 97 1264 126 1288">
    <p class='ocr_par' dir='ltr' id='par_1_6' title="bbox 97 1264 126 1288">
     <span class='ocr_line' id='line_1_11' title="bbox 97 1264 126 1288; baseline 0.034 -1"><span class='ocrx_word' id='word_1_77' title='bbox 97 1264 126 1288; x_wconf 81' lang='lat'>15</span> 
     </span>
    </p>
   </div>
   <div class='ocr_carea' id='block_1_7' title="bbox 95 1606 128 1632">
    <p class='ocr_par' dir='ltr' id='par_1_7' title="bbox 95 1606 128 1632">
     <span class='ocr_line' id='line_1_12' title="bbox 95 1606 128 1632; baseline -0.03 0"><span class='ocrx_word' id='word_1_78' title='bbox 95 1606 128 1632; x_wconf 84' lang='lat'>20</span> 
     </span>
    </p>
   </div>
   <div class='ocr_carea' id='block_1_8' title="bbox 93 1963 126 1988">
    <p class='ocr_par' dir='ltr' id='par_1_8' title="bbox 93 1963 126 1988">
     <span class='ocr_line' id='line_1_13' title="bbox 93 1963 126 1988; baseline 0 0"><span class='ocrx_word' id='word_1_79' title='bbox 93 1963 126 1988; x_wconf 80' lang='lat'>25</span> 
     </span>
    </p>
   </div>
   <div class='ocr_carea' id='block_1_9' title="bbox 96 2311 130 2336">
    <p class='ocr_par' dir='ltr' id='par_1_9' title="bbox 96 2311 130 2336">
     <span class='ocr_line' id='line_1_14' title="bbox 96 2311 130 2336; baseline -0.029 0"><span class='ocrx_word' id='word_1_80' title='bbox 96 2311 130 2336; x_wconf 81' lang='lat'>30</span> 
     </span>
    </p>
   </div>
   <div class='ocr_carea' id='block_1_10' title="bbox 100 2713 132 2740">
    <p class='ocr_par' dir='ltr' id='par_1_10' title="bbox 100 2713 132 2740">
     <span class='ocr_line' id='line_1_15' title="bbox 100 2713 132 2740; baseline 0 0"><span class='ocrx_word' id='word_1_81' title='bbox 100 2713 132 2740; x_wconf 79' lang='lat'>35</span> 
     </span>
    </p>
   </div>
   <div class='ocr_carea' id='block_1_11' title="bbox 100 3002 135 3027">
    <p class='ocr_par' dir='ltr' id='par_1_11' title="bbox 100 3002 135 3027">
     <span class='ocr_line' id='line_1_16' title="bbox 100 3002 135 3027; baseline 0 0"><span class='ocrx_word' id='word_1_82' title='bbox 100 3002 135 3027; x_wconf 77' lang='lat'>40</span> 
     </span>
    </p>
   </div>
   <div class='ocr_carea' id='block_1_12' title="bbox 101 3290 133 3316">
    <p class='ocr_par' dir='ltr' id='par_1_12' title="bbox 101 3290 133 3316">
     <span class='ocr_line' id='line_1_17' title="bbox 101 3290 133 3316; baseline 0.031 -1"><span class='ocrx_word' id='word_1_83' title='bbox 101 3290 133 3316; x_wconf 79' lang='lat'>45</span> 
     </span>
    </p>
   </div>
   <div class='ocr_carea' id='block_1_13' title="bbox 107 3634 140 3660">
    <p class='ocr_par' dir='ltr' id='par_1_13' title="bbox 107 3634 140 3660">
     <span class='ocr_line' id='line_1_18' title="bbox 107 3634 140 3660; baseline 0.03 -1"><span class='ocrx_word' id='word_1_84' title='bbox 107 3634 140 3660; x_wconf 85' lang='lat'>⁵0</span> 
     </span>
    </p>
   </div>
   <div class='ocr_carea' id='block_1_14' title="bbox 163 613 1786 659">
    <p class='ocr_par' dir='ltr' id='par_1_14' title="bbox 163 613 1786 659">
     <span class='ocr_line' id='line_1_19' title="bbox 163 613 1786 659; baseline 0.001 -2"><span class='ocrx_word' id='word_1_85' title='bbox 163 615 395 658; x_wconf 87' lang='lat' dir='ltr'>ecclesiam</span> <span class='ocrx_word' id='word_1_86' title='bbox 430 613 695 656; x_wconf 81' lang='lat' dir='ltr'>excusando,</span> <span class='ocrx_word' id='word_1_87' title='bbox 759 613 815 655; x_wconf 79' lang='lat' dir='ltr'>Et</span> <span class='ocrx_word' id='word_1_88' title='bbox 848 614 942 655; x_wconf 88' lang='lat' dir='ltr'>sied</span> <span class='ocrx_word' id='word_1_89' title='bbox 975 615 1115 656; x_wconf 78' lang='lat' dir='ltr'>illius⁰</span> <span class='ocrx_word' id='word_1_90' title='bbox 1148 615 1232 656; x_wconf 88' lang='lat' dir='ltr'>diei</span> <span class='ocrx_word' id='word_1_91' title='bbox 1265 617 1344 657; x_wconf 86' lang='lat' dir='ltr'>fuit</span> <span class='ocrx_word' id='word_1_92' title='bbox 1377 617 1513 657; x_wconf 84' lang='lat' dir='ltr'>sessio</span> <span class='ocrx_word' id='word_1_93' title='bbox 1547 619 1786 659; x_wconf 80' lang='lat' dir='ltr'>terminata.</span> 
     </span>
    </p>
   </div>
   <div class='ocr_carea' id='block_1_15' title="bbox 160 689 2369 2625">
    <p class='ocr_par' dir='ltr' id='par_1_15' title="bbox 160 689 2366 1648">
     <span class='ocr_line' id='line_1_20' title="bbox 307 689 2359 747; baseline 0 -15"><span class='ocrx_word' id='word_1_94' title='bbox 307 690 370 746; x_wconf 87' lang='lat'>(5)</span> <span class='ocrx_word' id='word_1_95' title='bbox 414 689 614 732; x_wconf 87' lang='lat' dir='ltr'>Secunda</span> <span class='ocrx_word' id='word_1_96' title='bbox 657 691 795 731; x_wconf 81' lang='lat' dir='ltr'>sessio</span> <span class='ocrx_word' id='word_1_97' title='bbox 838 690 919 730; x_wconf 86' lang='lat' dir='ltr'>fuit</span> <span class='ocrx_word' id='word_1_98' title='bbox 958 689 1026 731; x_wconf 90' lang='lat' dir='ltr'>die</span> <span class='ocrx_word' id='word_1_99' title='bbox 1060 690 1288 732; x_wconf 83' lang='lat' dir='ltr'>Mercuriis</span> <span class='ocrx_word' id='word_1_100' title='bbox 1319 691 1370 732; x_wconf 89' lang='lat' dir='ltr'>ad</span> <span class='ocrx_word' id='word_1_101' title='bbox 1404 698 1498 732; x_wconf 79' lang='lat' dir='ltr'>octo</span> <span class='ocrx_word' id='word_1_102' title='bbox 1531 693 1622 733; x_wconf 80' lang='lat' dir='ltr'>dies</span> <span class='ocrx_word' id='word_1_103' title='bbox 1662 699 1833 747; x_wconf 84' lang='lat' dir='ltr'>postea.</span> <span class='ocrx_word' id='word_1_104' title='bbox 1877 699 1918 732; x_wconf 71' lang='lat' dir='ltr'>et</span> <span class='ocrx_word' id='word_1_105' title='bbox 1949 693 2087 747; x_wconf 84' lang='lat' dir='ltr'>quoad</span> <span class='ocrx_word' id='word_1_106' title='bbox 2123 694 2359 733; x_wconf 72' lang='lat' dir='ltr'>sessionem</span> 
     </span>
     <span class='ocr_line' id='line_1_21' title="bbox 163 759 2362 817; baseline 0 -15"><span class='ocrx_word' id='word_1_107' title='bbox 163 764 232 802; x_wconf 75' lang='lat' dir='ltr'>et*3</span> <span class='ocrx_word' id='word_1_108' title='bbox 275 759 328 801; x_wconf 89' lang='lat' dir='ltr'>ad</span> <span class='ocrx_word' id='word_1_109' title='bbox 371 759 512 801; x_wconf 85' lang='lat' dir='ltr'>officia</span> <span class='ocrx_word' id='word_1_110' title='bbox 549 759 661 800; x_wconf 91' lang='lat' dir='ltr'>idem</span> <span class='ocrx_word' id='word_1_111' title='bbox 705 759 786 800; x_wconf 91' lang='lat' dir='ltr'>fuit</span> <span class='ocrx_word' id='word_1_112' title='bbox 828 759 988 800; x_wconf 87' lang='lat' dir='ltr'>factum</span> <span class='ocrx_word' id='word_1_113' title='bbox 1031 759 1144 815; x_wconf 93' lang='lat' dir='ltr'>quod</span> <span class='ocrx_word' id='word_1_114' title='bbox 1186 761 1226 801; x_wconf 91' lang='lat' dir='ltr'>in</span> <span class='ocrx_word' id='word_1_115' title='bbox 1268 761 1416 816; x_wconf 89' lang='lat' dir='ltr'>prima.</span> <span class='ocrx_word' id='word_1_116' title='bbox 1488 762 1656 808; x_wconf 78' lang='lat' dir='ltr'>Quibus</span> <span class='ocrx_word' id='word_1_117' title='bbox 1700 763 1885 817; x_wconf 74' lang='lat' dir='ltr'>peractis</span> <span class='ocrx_word' id='word_1_118' title='bbox 1930 762 2100 802; x_wconf 41' lang='grc' dir='ltr'>ξιῐειίὶιιιΙΙ</span> <span class='ocrx_word' id='word_1_119' title='bbox 2136 763 2362 817; x_wconf 68' lang='lat' dir='ltr'>episi-opus</span> 
     </span>
     <span class='ocr_line' id='line_1_22' title="bbox 163 827 2359 885; baseline 0 -14"><span class='ocrx_word' id='word_1_120' title='bbox 163 828 421 871; x_wconf 83' lang='lat' dir='ltr'>Calinensisi</span> <span class='ocrx_word' id='word_1_121' title='bbox 453 827 794 870; x_wconf 66' lang='lat' dir='ltr'>cisterciensisi·</span> <span class='ocrx_word' id='word_1_122' title='bbox 827 828 990 869; x_wconf 85' lang='lat' dir='ltr'>ordinis</span> <span class='ocrx_word' id='word_1_123' title='bbox 1028 829 1082 870; x_wconf 88' lang='lat' dir='ltr'>de</span> <span class='ocrx_word' id='word_1_124' title='bbox 1123 843 1255 883; x_wconf 87' lang='lat' dir='ltr'>regno</span> <span class='ocrx_word' id='word_1_125' title='bbox 1290 830 1490 885; x_wconf 70' lang='lat' dir='ltr'>Apuliek,</span> <span class='ocrx_word' id='word_1_126' title='bbox 1530 831 1600 885; x_wconf 86' lang='lat' dir='ltr'>qui</span> <span class='ocrx_word' id='word_1_127' title='bbox 1635 831 1734 871; x_wconf 86' lang='lat' dir='ltr'>exul</span> <span class='ocrx_word' id='word_1_128' title='bbox 1770 838 1882 872; x_wconf 87' lang='lat' dir='ltr'>erat.</span> <span class='ocrx_word' id='word_1_129' title='bbox 1924 830 2127 871; x_wconf 72' lang='lat' dir='ltr'>surrexit¹</span> <span class='ocrx_word' id='word_1_130' title='bbox 2161 838 2203 870; x_wconf 72' lang='lat' dir='ltr'>vt</span> <span class='ocrx_word' id='word_1_131' title='bbox 2236 831 2359 871; x_wconf 82' lang='lat' dir='ltr'>mira-</span> 
     </span>
     <span class='ocr_line' id='line_1_23' title="bbox 165 898 2359 954; baseline 0 -14"><span class='ocrx_word' id='word_1_132' title='bbox 165 899 309 941; x_wconf 89' lang='lat' dir='ltr'>biliter</span> <span class='ocrx_word' id='word_1_133' title='bbox 341 898 575 954; x_wconf 80' lang='lat' dir='ltr'>descripsit</span> <span class='ocrx_word' id='word_1_134' title='bbox 606 898 774 938; x_wconf 88' lang='lat' dir='ltr'>vitam¹¹¹</span> <span class='ocrx_word' id='word_1_135' title='bbox 808 898 964 939; x_wconf 88' lang='lat' dir='ltr'>malam</span> <span class='ocrx_word' id='word_1_136' title='bbox 999 902 1042 939; x_wconf 92' lang='lat' dir='ltr'>et</span> <span class='ocrx_word' id='word_1_137' title='bbox 1073 899 1408 953; x_wconf 87' lang='lat' dir='ltr'>ignominiosum</span> <span class='ocrx_word' id='word_1_138' title='bbox 1422 906 1438 922; x_wconf 87' lang='lat'>¹¹</span> <span class='ocrx_word' id='word_1_139' title='bbox 1472 913 1748 954; x_wconf 80' lang='lat' dir='ltr'>progressum</span> <span class='ocrx_word' id='word_1_140' title='bbox 1780 899 1880 940; x_wconf 85' lang='lat' dir='ltr'>dicti</span> <span class='ocrx_word' id='word_1_141' title='bbox 1917 901 2186 954; x_wconf 78' lang='lat' dir='ltr'>imperatoris</span> <span class='ocrx_word' id='word_1_142' title='bbox 2211 916 2234 940; x_wconf 80' lang='lat' dir='ltr'>a</span> <span class='ocrx_word' id='word_1_143' title='bbox 2259 914 2359 954; x_wconf 71' lang='lat' dir='ltr'>puv-</span> 
     </span>
     <span class='ocr_line' id='line_1_24' title="bbox 163 967 2362 1024; baseline -0.001 -15"><span class='ocrx_word' id='word_1_144' title='bbox 163 968 262 1009; x_wconf 86' lang='lat' dir='ltr'>ritia</span> <span class='ocrx_word' id='word_1_145' title='bbox 299 981 395 1017; x_wconf 78' lang='lat' dir='ltr'>sua,</span> <span class='ocrx_word' id='word_1_146' title='bbox 437 971 480 1009; x_wconf 91' lang='lat' dir='ltr'>et</span> <span class='ocrx_word' id='word_1_147' title='bbox 521 981 602 1023; x_wconf 88' lang='lat' dir='ltr'>que</span> <span class='ocrx_word' id='word_1_148' title='bbox 643 972 737 1008; x_wconf 89' lang='lat' dir='ltr'>erat</span> <span class='ocrx_word' id='word_1_149' title='bbox 778 981 858 1008; x_wconf 91' lang='lat' dir='ltr'>sua</span> <span class='ocrx_word' id='word_1_150' title='bbox 898 968 1101 1017; x_wconf 81' lang='lat' dir='ltr'>intentio,</span> <span class='ocrx_word' id='word_1_151' title='bbox 1144 969 1245 1023; x_wconf 90' lang='lat' dir='ltr'>quia</span> <span class='ocrx_word' id='word_1_152' title='bbox 1286 967 1339 1009; x_wconf 88' lang='lat' dir='ltr'>ad</span> <span class='ocrx_word' id='word_1_153' title='bbox 1382 969 1462 1009; x_wconf 84' lang='lat' dir='ltr'>hoe</span> <span class='ocrx_word' id='word_1_154' title='bbox 1502 968 1753 1009; x_wconf 77' lang='lat' dir='ltr'>intendebat</span> <span class='ocrx_word' id='word_1_155' title='bbox 1787 970 2011 1024; x_wconf 71' lang='lat' dir='ltr'>precipue,</span> <span class='ocrx_word' id='word_1_156' title='bbox 2058 975 2101 1008; x_wconf 83' lang='lat' dir='ltr'>ut</span> <span class='ocrx_word' id='word_1_157' title='bbox 2137 969 2289 1024; x_wconf 73' lang='lat' dir='ltr'>prelati</span> <span class='ocrx_word' id='word_1_158' title='bbox 2324 975 2362 1007; x_wconf 73' lang='lat' dir='ltr'>vt</span> 
     </span>
     <span class='ocr_line' id='line_1_25' title="bbox 164 1036 2363 1094; baseline 0.001 -17"><span class='ocrx_word' id='word_1_159' title='bbox 164 1037 306 1078; x_wconf 89' lang='lat' dir='ltr'>clerus</span> <span class='ocrx_word' id='word_1_160' title='bbox 338 1036 391 1077; x_wconf 89' lang='lat' dir='ltr'>ad</span> <span class='ocrx_word' id='word_1_161' title='bbox 424 1036 541 1077; x_wconf 86' lang='lat' dir='ltr'>illam</span> <span class='ocrx_word' id='word_1_162' title='bbox 576 1042 899 1078; x_wconf 89' lang='lat' dir='ltr'>reverterentur</span> <span class='ocrx_word' id='word_1_163' title='bbox 931 1042 1254 1092; x_wconf 77' lang='lat' dir='ltr'>paupertatem,</span> <span class='ocrx_word' id='word_1_164' title='bbox 1290 1038 1330 1078; x_wconf 91' lang='lat' dir='ltr'>in</span> <span class='ocrx_word' id='word_1_165' title='bbox 1363 1052 1447 1093; x_wconf 86' lang='lat' dir='ltr'>qua</span> <span class='ocrx_word' id='word_1_166' title='bbox 1479 1038 1650 1079; x_wconf 81' lang='lat' dir='ltr'>fuerant</span> <span class='ocrx_word' id='word_1_167' title='bbox 1684 1045 1877 1094; x_wconf 80' lang='lat' dir='ltr'>tempore</span> <span class='ocrx_word' id='word_1_168' title='bbox 1911 1039 2092 1078; x_wconf 67' lang='lat' dir='ltr'>ecclesi(-</span> <span class='ocrx_word' id='word_1_169' title='bbox 2126 1038 2363 1093; x_wconf 73' lang='lat' dir='ltr'>primitive:</span> 
     </span>
     <span class='ocr_line' id='line_1_26' title="bbox 163 1106 2362 1162; baseline -0.001 -15"><span class='ocrx_word' id='word_1_170' title='bbox 163 1106 276 1162; x_wconf 92' lang='lat' dir='ltr'>quod</span> <span class='ocrx_word' id='word_1_171' title='bbox 310 1106 495 1147; x_wconf 81' lang='lat' dir='ltr'>maxime</span> <span class='ocrx_word' id='word_1_172' title='bbox 527 1106 706 1162; x_wconf 86' lang='lat' dir='ltr'>patebat</span> <span class='ocrx_word' id='word_1_173' title='bbox 738 1121 815 1162; x_wconf 90' lang='lat' dir='ltr'>per</span> <span class='ocrx_word' id='word_1_174' title='bbox 846 1106 1027 1150; x_wconf 77' lang='lat' dir='ltr'>litteras,</span> <span class='ocrx_word' id='word_1_175' title='bbox 1062 1120 1169 1161; x_wconf 89' lang='lat' dir='ltr'>quas</span> <span class='ocrx_word' id='word_1_176' title='bbox 1202 1121 1280 1162; x_wconf 90' lang='lat' dir='ltr'>per</span> <span class='ocrx_word' id='word_1_177' title='bbox 1311 1107 1513 1148; x_wconf 90' lang='lat' dir='ltr'>mundum</span> <span class='ocrx_word' id='word_1_178' title='bbox 1539 1111 1689 1148; x_wconf 89' lang='lat' dir='ltr'>eontra</span> <span class='ocrx_word' id='word_1_179' title='bbox 1713 1107 1874 1148; x_wconf 82' lang='lat' dir='ltr'>clerum</span> <span class='ocrx_word' id='word_1_180' title='bbox 1900 1112 1942 1147; x_wconf 90' lang='lat' dir='ltr'>et</span> <span class='ocrx_word' id='word_1_181' title='bbox 1967 1107 2195 1147; x_wconf 75' lang='lat' dir='ltr'>ecelesiam</span> <span class='ocrx_word' id='word_1_182' title='bbox 2223 1113 2362 1146; x_wconf 67' lang='lat' dir='ltr'>trans-</span> 
     </span>
     <span class='ocr_line' id='line_1_27' title="bbox 163 1175 2366 1232; baseline -0 -15"><span class='ocrx_word' id='word_1_183' title='bbox 163 1175 375 1218; x_wconf 86' lang='lat' dir='ltr'>mittebat.</span> <span class='ocrx_word' id='word_1_184' title='bbox 437 1175 716 1216; x_wconf 85' lang='lat' dir='ltr'>Postmodum</span> <span class='ocrx_word' id='word_1_185' title='bbox 765 1177 951 1217; x_wconf 87' lang='lat' dir='ltr'>surrexit</span> <span class='ocrx_word' id='word_1_186' title='bbox 999 1176 1349 1232; x_wconf 85' lang='lat' dir='ltr'>archiepiscopus</span> <span class='ocrx_word' id='word_1_187' title='bbox 1398 1177 1451 1218; x_wconf 88' lang='lat' dir='ltr'>de</span> <span class='ocrx_word' id='word_1_188' title='bbox 1496 1177 1729 1232; x_wconf 72' lang='lat' dir='ltr'>Yspania0.</span> <span class='ocrx_word' id='word_1_189' title='bbox 1774 1177 1844 1232; x_wconf 84' lang='lat' dir='ltr'>qui</span> <span class='ocrx_word' id='word_1_190' title='bbox 1895 1177 2073 1217; x_wconf 88' lang='lat' dir='ltr'>multum</span> <span class='ocrx_word' id='word_1_191' title='bbox 2120 1176 2366 1216; x_wconf 84' lang='lat' dir='ltr'>dominum¹¹</span> 
     </span>
     <span class='ocr_line' id='line_1_28' title="bbox 164 1244 2362 1301; baseline -0 -15"><span class='ocrx_word' id='word_1_192' title='bbox 164 1259 321 1301; x_wconf 89' lang='lat' dir='ltr'>papam</span> <span class='ocrx_word' id='word_1_193' title='bbox 354 1245 586 1286; x_wconf 85' lang='lat' dir='ltr'>animavit‘¹</span> <span class='ocrx_word' id='word_1_194' title='bbox 618 1244 672 1286; x_wconf 90' lang='lat' dir='ltr'>ad</span> <span class='ocrx_word' id='word_1_195' title='bbox 706 1244 1024 1300; x_wconf 88' lang='lat' dir='ltr'>procedendum</span> <span class='ocrx_word' id='word_1_196' title='bbox 1058 1250 1206 1287; x_wconf 87' lang='lat' dir='ltr'>eontra</span> <span class='ocrx_word' id='word_1_197' title='bbox 1239 1246 1542 1301; x_wconf 82' lang='lat' dir='ltr'>imperatorem</span> <span class='ocrx_word' id='word_1_198' title='bbox 1563 1248 1589 1294; x_wconf 75' lang='lat'>¹.</span> <span class='ocrx_word' id='word_1_199' title='bbox 1623 1245 1851 1287; x_wconf 82' lang='lat' dir='ltr'>referendo</span> <span class='ocrx_word' id='word_1_200' title='bbox 1886 1246 2069 1301; x_wconf 88' lang='lat' dir='ltr'>plurima</span> <span class='ocrx_word' id='word_1_201' title='bbox 2102 1260 2184 1300; x_wconf 81' lang='lat' dir='ltr'>que</span> <span class='ocrx_word' id='word_1_202' title='bbox 2217 1250 2362 1285; x_wconf 71' lang='lat' dir='ltr'>eontra</span> 
     </span>
     <span class='ocr_line' id='line_1_29' title="bbox 164 1314 2365 1371; baseline -0.001 -15"><span class='ocrx_word' id='word_1_203' title='bbox 164 1315 394 1356; x_wconf 86' lang='lat' dir='ltr'>ecclesiam</span> <span class='ocrx_word' id='word_1_204' title='bbox 429 1314 603 1362; x_wconf 88' lang='lat' dir='ltr'>fecerat,</span> <span class='ocrx_word' id='word_1_205' title='bbox 638 1319 680 1355; x_wconf 93' lang='lat' dir='ltr'>et</span> <span class='ocrx_word' id='word_1_206' title='bbox 712 1314 922 1369; x_wconf 90' lang='lat' dir='ltr'>quomodo</span> <span class='ocrx_word' id='word_1_207' title='bbox 955 1319 1046 1355; x_wconf 91' lang='lat' dir='ltr'>tota</span> <span class='ocrx_word' id='word_1_208' title='bbox 1079 1328 1157 1356; x_wconf 89' lang='lat' dir='ltr'>sua</span> <span class='ocrx_word' id='word_1_209' title='bbox 1188 1315 1355 1356; x_wconf 76' lang='lat' dir='ltr'>fueratr</span> <span class='ocrx_word' id='word_1_210' title='bbox 1388 1316 1585 1361; x_wconf 76' lang='lat' dir='ltr'>intentio,</span> <span class='ocrx_word' id='word_1_211' title='bbox 1621 1321 1665 1356; x_wconf 92' lang='lat' dir='ltr'>ut</span> <span class='ocrx_word' id='word_1_212' title='bbox 1690 1315 1953 1371; x_wconf 86' lang='lat' dir='ltr'>deprimeret</span> <span class='ocrx_word' id='word_1_213' title='bbox 1978 1315 2208 1355; x_wconf 82' lang='lat' dir='ltr'>ecclesiam</span> <span class='ocrx_word' id='word_1_214' title='bbox 2244 1315 2365 1355; x_wconf 82' lang='lat' dir='ltr'>iuxta</span> 
     </span>
     <span class='ocr_line' id='line_1_30' title="bbox 163 1383 2362 1440; baseline -0 -15"><span class='ocrx_word' id='word_1_215' title='bbox 163 1398 306 1440; x_wconf 83' lang='lat' dir='ltr'>posse,</span> <span class='ocrx_word' id='word_1_216' title='bbox 331 1384 602 1440; x_wconf 73' lang='lat' dir='ltr'>promittens,</span> <span class='ocrx_word' id='word_1_217' title='bbox 627 1383 739 1438; x_wconf 92' lang='lat' dir='ltr'>quod</span> <span class='ocrx_word' id='word_1_218' title='bbox 763 1384 897 1439; x_wconf 62' lang='lat' dir='ltr'>ipset·</span> <span class='ocrx_word' id='word_1_219' title='bbox 920 1391 994 1425; x_wconf 64' lang='lat' dir='ltr'>ae*³</span> <span class='ocrx_word' id='word_1_220' title='bbox 1017 1384 1087 1425; x_wconf 89' lang='lat' dir='ltr'>alii</span> <span class='ocrx_word' id='word_1_221' title='bbox 1112 1385 1264 1440; x_wconf 88' lang='lat' dir='ltr'>prelati</span> <span class='ocrx_word' id='word_1_222' title='bbox 1288 1384 1492 1440; x_wconf 72' lang='lat' dir='ltr'>Yspanic,</span> <span class='ocrx_word' id='word_1_223' title='bbox 1517 1386 1586 1440; x_wconf 90' lang='lat' dir='ltr'>qui</span> <span class='ocrx_word' id='word_1_224' title='bbox 1611 1386 1790 1426; x_wconf 88' lang='lat' dir='ltr'>multum</span> <span class='ocrx_word' id='word_1_225' title='bbox 1816 1385 2041 1437; x_wconf 76' lang='lat' dir='ltr'>magnifice</span> <span class='ocrx_word' id='word_1_226' title='bbox 2065 1384 2158 1424; x_wconf 60' lang='lat' dir='ltr'>acfl&#39;</span> <span class='ocrx_word' id='word_1_227' title='bbox 2181 1399 2362 1436; x_wconf 74' lang='lat' dir='ltr'>genera-</span> 
     </span>
     <span class='ocr_line' id='line_1_31' title="bbox 160 1453 2362 1509; baseline -0 -15"><span class='ocrx_word' id='word_1_228' title='bbox 160 1453 257 1494; x_wconf 86' lang='lat' dir='ltr'>liter</span> <span class='ocrx_word' id='word_1_229' title='bbox 301 1454 476 1495; x_wconf 77' lang='lat' dir='ltr'>meliust</span> <span class='ocrx_word' id='word_1_230' title='bbox 517 1459 672 1508; x_wconf 86' lang='lat' dir='ltr'>quamu</span> <span class='ocrx_word' id='word_1_231' title='bbox 715 1453 798 1494; x_wconf 87' lang='lat' dir='ltr'>alia</span> <span class='ocrx_word' id='word_1_232' title='bbox 841 1454 957 1494; x_wconf 90' lang='lat' dir='ltr'>natio</span> <span class='ocrx_word' id='word_1_233' title='bbox 995 1453 1046 1494; x_wconf 85' lang='lat' dir='ltr'>ad</span> <span class='ocrx_word' id='word_1_234' title='bbox 1089 1454 1318 1495; x_wconf 88' lang='lat' dir='ltr'>concilium</span> <span class='ocrx_word' id='word_1_235' title='bbox 1361 1458 1587 1502; x_wconf 75' lang='lat' dir='ltr'>venerant,</span> <span class='ocrx_word' id='word_1_236' title='bbox 1631 1454 1804 1495; x_wconf 87' lang='lat' dir='ltr'>domino</span> <span class='ocrx_word' id='word_1_237' title='bbox 1846 1468 1956 1509; x_wconf 87' lang='lat' dir='ltr'>pape</span> <span class='ocrx_word' id='word_1_238' title='bbox 2001 1454 2283 1494; x_wconf 72' lang='lat' dir='ltr'>assisterentv</span> <span class='ocrx_word' id='word_1_239' title='bbox 2324 1455 2362 1494; x_wconf 88' lang='lat' dir='ltr'>in</span> 
     </span>
     <span class='ocr_line' id='line_1_32' title="bbox 162 1522 2364 1579; baseline -0.002 -14"><span class='ocrx_word' id='word_1_240' title='bbox 162 1523 362 1579; x_wconf 87' lang='lat' dir='ltr'>personis</span> <span class='ocrx_word' id='word_1_241' title='bbox 403 1527 446 1564; x_wconf 91' lang='lat' dir='ltr'>et</span> <span class='ocrx_word' id='word_1_242' title='bbox 485 1522 614 1564; x_wconf 89' lang='lat' dir='ltr'>rebus</span> <span class='ocrx_word' id='word_1_243' title='bbox 655 1522 776 1563; x_wconf 85' lang='lat' dir='ltr'>iuxta</span> <span class='ocrx_word' id='word_1_244' title='bbox 817 1537 893 1564; x_wconf 90' lang='lat' dir='ltr'>sue</span> <span class='ocrx_word' id='word_1_245' title='bbox 937 1523 1254 1579; x_wconf 88' lang='lat' dir='ltr'>beneplacitum</span> <span class='ocrx_word' id='word_1_246' title='bbox 1290 1524 1536 1566; x_wconf 62' lang='lat' dir='ltr'>voluntatis</span> <span class='ocrx_word' id='word_1_247' title='bbox 1600 1523 1696 1564; x_wconf 81' lang='lat'>1100</span> <span class='ocrx_word' id='word_1_248' title='bbox 1736 1523 1848 1564; x_wconf 90' lang='lat' dir='ltr'>idem</span> <span class='ocrx_word' id='word_1_249' title='bbox 1890 1523 2178 1578; x_wconf 81' lang='lat' dir='ltr'>promiserunt</span> <span class='ocrx_word' id='word_1_250' title='bbox 2219 1523 2364 1576; x_wconf 76' lang='lat' dir='ltr'>plures</span> 
     </span>
     <span class='ocr_line' id='line_1_33' title="bbox 166 1591 893 1648; baseline 0 -14"><span class='ocrx_word' id='word_1_251' title='bbox 166 1593 240 1634; x_wconf 89' lang='lat' dir='ltr'>alii</span> <span class='ocrx_word' id='word_1_252' title='bbox 272 1592 466 1648; x_wconf 78' lang='lat' dir='ltr'>prelatiw</span> <span class='ocrx_word' id='word_1_253' title='bbox 499 1592 541 1632; x_wconf 92' lang='lat' dir='ltr'>in</span> <span class='ocrx_word' id='word_1_254' title='bbox 574 1592 667 1647; x_wconf 88' lang='lat' dir='ltr'>ipsa</span> <span class='ocrx_word' id='word_1_255' title='bbox 700 1591 893 1634; x_wconf 68' lang='lat' dir='ltr'>sinodox.</span> 
     </span>
    </p>

    <p class='ocr_par' dir='ltr' id='par_1_16' title="bbox 163 1665 2369 2625">
     <span class='ocr_line' id='line_1_34' title="bbox 307 1665 2361 1723; baseline -0.001 -14"><span class='ocrx_word' id='word_1_256' title='bbox 307 1665 374 1723; x_wconf 86' lang='lat'>(6)</span> <span class='ocrx_word' id='word_1_257' title='bbox 406 1666 528 1708; x_wconf 90' lang='lat' dir='ltr'>Tune</span> <span class='ocrx_word' id='word_1_258' title='bbox 567 1667 755 1708; x_wconf 84' lang='lat' dir='ltr'>surrexit</span> <span class='ocrx_word' id='word_1_259' title='bbox 795 1666 924 1708; x_wconf 86' lang='lat' dir='ltr'>iudex</span> <span class='ocrx_word' id='word_1_260' title='bbox 958 1666 1158 1709; x_wconf 84' lang='lat' dir='ltr'>Tadeusy</span> <span class='ocrx_word' id='word_1_261' title='bbox 1193 1672 1236 1709; x_wconf 87' lang='lat' dir='ltr'>et</span> <span class='ocrx_word' id='word_1_262' title='bbox 1280 1668 1414 1709; x_wconf 90' lang='lat' dir='ltr'>multa</span> <span class='ocrx_word' id='word_1_263' title='bbox 1454 1668 1602 1722; x_wconf 85' lang='lat' dir='ltr'>gravia</span> <span class='ocrx_word' id='word_1_264' title='bbox 1644 1667 1867 1723; x_wconf 86' lang='lat' dir='ltr'>proposuit</span> <span class='ocrx_word' id='word_1_265' title='bbox 1899 1671 2048 1707; x_wconf 86' lang='lat' dir='ltr'>centra</span> <span class='ocrx_word' id='word_1_266' title='bbox 2080 1665 2238 1707; x_wconf 89' lang='lat' dir='ltr'>dietum</span> <span class='ocrx_word' id='word_1_267' title='bbox 2273 1667 2361 1721; x_wconf 87' lang='lat' dir='ltr'>epi-</span> 
     </span>
     <span class='ocr_line' id='line_1_35' title="bbox 164 1735 2366 1794; baseline -0.002 -15"><span class='ocrx_word' id='word_1_268' title='bbox 164 1751 338 1794; x_wconf 89' lang='lat' dir='ltr'>scopum</span> <span class='ocrx_word' id='word_1_269' title='bbox 359 1736 637 1778; x_wconf 82' lang='lat' dir='ltr'>Oalinensem</span> <span class='ocrx_word' id='word_1_270' title='bbox 649 1743 678 1787; x_wconf 78' lang='lat'>²,</span> <span class='ocrx_word' id='word_1_271' title='bbox 701 1736 813 1792; x_wconf 90' lang='lat' dir='ltr'>quod</span> <span class='ocrx_word' id='word_1_272' title='bbox 838 1750 922 1777; x_wconf 92' lang='lat' dir='ltr'>non</span> <span class='ocrx_word' id='word_1_273' title='bbox 947 1737 1038 1777; x_wconf 85' lang='lat' dir='ltr'>zelo</span> <span class='ocrx_word' id='word_1_274' title='bbox 1061 1737 1236 1789; x_wconf 68' lang='lat' dir='ltr'>iustitie,</span> <span class='ocrx_word' id='word_1_275' title='bbox 1260 1736 1335 1778; x_wconf 87' lang='lat' dir='ltr'>sed</span> <span class='ocrx_word' id='word_1_276' title='bbox 1356 1737 1678 1778; x_wconf 79' lang='lat' dir='ltr'>malivolentia‘¹</span> <span class='ocrx_word' id='word_1_277' title='bbox 1700 1742 1774 1777; x_wconf 87' lang='lat' dir='ltr'>etw</span> <span class='ocrx_word' id='word_1_278' title='bbox 1795 1738 1885 1787; x_wconf 58' lang='lat' dir='ltr'>coh,</span> <span class='ocrx_word' id='word_1_279' title='bbox 1910 1735 2023 1791; x_wconf 86' lang='lat' dir='ltr'>quod</span> <span class='ocrx_word' id='word_1_280' title='bbox 2048 1736 2185 1791; x_wconf 92' lang='lat' dir='ltr'>ipsum</span> <span class='ocrx_word' id='word_1_281' title='bbox 2207 1741 2247 1776; x_wconf 71' lang='lat' dir='ltr'>ot</span> <span class='ocrx_word' id='word_1_282' title='bbox 2267 1749 2366 1775; x_wconf 70' lang='lat' dir='ltr'>suos</span> 
     </span>
     <span class='ocr_line' id='line_1_36' title="bbox 165 1805 2368 1863; baseline -0.001 -16"><span class='ocrx_word' id='word_1_283' title='bbox 165 1820 243 1863; x_wconf 90' lang='lat' dir='ltr'>pro</span> <span class='ocrx_word' id='word_1_284' title='bbox 285 1806 527 1848; x_wconf 85' lang='lat' dir='ltr'>manifestis</span> <span class='ocrx_word' id='word_1_285' title='bbox 567 1805 820 1847; x_wconf 85' lang='lat' dir='ltr'>excessibus</span> <span class='ocrx_word' id='word_1_286' title='bbox 862 1806 1085 1861; x_wconf 83' lang='lat' dir='ltr'>punierat,</span> <span class='ocrx_word' id='word_1_287' title='bbox 1126 1807 1230 1847; x_wconf 86' lang='lat' dir='ltr'>talia</span> <span class='ocrx_word' id='word_1_288' title='bbox 1262 1811 1410 1847; x_wconf 84' lang='lat' dir='ltr'>eontra</span> <span class='ocrx_word' id='word_1_289' title='bbox 1454 1807 1758 1861; x_wconf 86' lang='lat' dir='ltr'>imperatorem</span> <span class='ocrx_word' id='word_1_290' title='bbox 1802 1818 2042 1860; x_wconf 85' lang='lat' dir='ltr'>proponere</span> <span class='ocrx_word' id='word_1_291' title='bbox 2077 1810 2368 1860; x_wconf 74' lang='lat' dir='ltr'>procurarat‘·.</span> 
     </span>
     <span class='ocr_line' id='line_1_37' title="bbox 163 1873 2365 1918; baseline -0.002 -1"><span class='ocrx_word' id='word_1_292' title='bbox 163 1875 221 1917; x_wconf 90' lang='lat' dir='ltr'>Et</span> <span class='ocrx_word' id='word_1_293' title='bbox 252 1876 313 1917; x_wconf 90' lang='lat' dir='ltr'>sie</span> <span class='ocrx_word' id='word_1_294' title='bbox 344 1875 387 1916; x_wconf 93' lang='lat' dir='ltr'>in</span> <span class='ocrx_word' id='word_1_295' title='bbox 421 1874 613 1917; x_wconf 90' lang='lat' dir='ltr'>secunda</span> <span class='ocrx_word' id='word_1_296' title='bbox 646 1875 840 1917; x_wconf 88' lang='lat' dir='ltr'>sessione</span> <span class='ocrx_word' id='word_1_297' title='bbox 873 1875 1006 1916; x_wconf 88' lang='lat' dir='ltr'>nichil</span> <span class='ocrx_word' id='word_1_298' title='bbox 1032 1875 1146 1917; x_wconf 90' lang='lat' dir='ltr'>aliud</span> <span class='ocrx_word' id='word_1_299' title='bbox 1176 1876 1337 1918; x_wconf 86' lang='lat' dir='ltr'>factum</span> <span class='ocrx_word' id='word_1_300' title='bbox 1365 1876 1457 1917; x_wconf 86' lang='lat' dir='ltr'>fuit.</span> <span class='ocrx_word' id='word_1_301' title='bbox 1511 1875 1822 1916; x_wconf 87' lang='lat' dir='ltr'>Verumtamen</span> <span class='ocrx_word' id='word_1_302' title='bbox 1847 1874 1986 1915; x_wconf 85' lang='lat' dir='ltr'>dictus</span> <span class='ocrx_word' id='word_1_303' title='bbox 2010 1874 2139 1915; x_wconf 85' lang='lat' dir='ltr'>iudex</span> <span class='ocrx_word' id='word_1_304' title='bbox 2162 1873 2365 1914; x_wconf 79' lang='lat' dir='ltr'>&#39;Pliadeus</span> 
     </span>
     <span class='ocr_line' id='line_1_38' title="bbox 165 1943 2369 2001; baseline -0.002 -15"><span class='ocrx_word' id='word_1_305' title='bbox 165 1944 438 2001; x_wconf 84' lang='lat' dir='ltr'>supplicabat</span> <span class='ocrx_word' id='word_1_306' title='bbox 469 1945 694 1994; x_wconf 70' lang='lat' dir='ltr'>instanter,</span> <span class='ocrx_word' id='word_1_307' title='bbox 727 1943 841 2000; x_wconf 91' lang='lat' dir='ltr'>quod</span> <span class='ocrx_word' id='word_1_308' title='bbox 874 1943 1204 2000; x_wconf 73' lang='lat' dir='ltr'>prorogareturd</span> <span class='ocrx_word' id='word_1_309' title='bbox 1238 1945 1374 1986; x_wconf 88' lang='lat' dir='ltr'>tercia</span> <span class='ocrx_word' id='word_1_310' title='bbox 1407 1944 1561 1996; x_wconf 86' lang='lat' dir='ltr'>sessio,</span> <span class='ocrx_word' id='word_1_311' title='bbox 1594 1958 1669 1999; x_wconf 87' lang='lat' dir='ltr'>pro</span> <span class='ocrx_word' id='word_1_312' title='bbox 1704 1958 1753 1985; x_wconf 92' lang='lat' dir='ltr'>eo</span> <span class='ocrx_word' id='word_1_313' title='bbox 1786 1943 1900 1999; x_wconf 91' lang='lat' dir='ltr'>quod</span> <span class='ocrx_word' id='word_1_314' title='bbox 1935 1944 2208 1998; x_wconf 68' lang='lat' dir='ltr'>imperatore,</span> <span class='ocrx_word' id='word_1_315' title='bbox 2243 1947 2369 1998; x_wconf 88' lang='lat' dir='ltr'>prout</span> 
     </span>
     <span class='ocr_line' id='line_1_39' title="bbox 163 2011 2365 2070; baseline -0.002 -15"><span class='ocrx_word' id='word_1_316' title='bbox 163 2014 256 2070; x_wconf 90' lang='lat' dir='ltr'>ipse</span> <span class='ocrx_word' id='word_1_317' title='bbox 288 2027 365 2070; x_wconf 89' lang='lat' dir='ltr'>per</span> <span class='ocrx_word' id='word_1_318' title='bbox 387 2018 527 2055; x_wconf 90' lang='lat' dir='ltr'>certos</span> <span class='ocrx_word' id='word_1_319' title='bbox 555 2013 746 2055; x_wconf 86' lang='lat' dir='ltr'>habebat</span> <span class='ocrx_word' id='word_1_320' title='bbox 768 2014 940 2055; x_wconf 90' lang='lat' dir='ltr'>nuntios</span> <span class='ocrx_word' id='word_1_321' title='bbox 971 2038 1021 2044; x_wconf 93' lang='lat'>--</span> <span class='ocrx_word' id='word_1_322' title='bbox 1051 2027 1100 2054; x_wconf 88' lang='lat' dir='ltr'>ac</span> <span class='ocrx_word' id='word_1_323' title='bbox 1123 2014 1230 2069; x_wconf 77' lang='lat' dir='ltr'>ipse,</span> <span class='ocrx_word' id='word_1_324' title='bbox 1263 2014 1332 2069; x_wconf 89' lang='lat' dir='ltr'>qui</span> <span class='ocrx_word' id='word_1_325' title='bbox 1357 2014 1399 2054; x_wconf 88' lang='lat' dir='ltr'>in</span> <span class='ocrx_word' id='word_1_326' title='bbox 1423 2013 1595 2054; x_wconf 85' lang='lat' dir='ltr'>civitate</span> <span class='ocrx_word' id='word_1_327' title='bbox 1619 2011 1931 2053; x_wconf 82' lang='lat' dir='ltr'>&#39;Phaurinensif</span> <span class='ocrx_word' id='word_1_328' title='bbox 1951 2012 2104 2058; x_wconf 76' lang='lat' dir='ltr'>fuerat.</span> <span class='ocrx_word' id='word_1_329' title='bbox 2139 2011 2235 2052; x_wconf 80' lang='lat' dir='ltr'>ads·</span> <span class='ocrx_word' id='word_1_330' title='bbox 2269 2026 2365 2052; x_wconf 87' lang='lat' dir='ltr'>eum</span> 
     </span>
     <span class='ocr_line' id='line_1_40' title="bbox 163 2080 2366 2140; baseline -0.002 -15"><span class='ocrx_word' id='word_1_331' title='bbox 163 2084 310 2140; x_wconf 90' lang='lat' dir='ltr'>plures</span> <span class='ocrx_word' id='word_1_332' title='bbox 342 2084 450 2125; x_wconf 89' lang='lat' dir='ltr'>alios</span> <span class='ocrx_word' id='word_1_333' title='bbox 482 2084 687 2125; x_wconf 70' lang='lat' dir='ltr'>miserate</span> <span class='ocrx_word' id='word_1_334' title='bbox 707 2107 764 2113; x_wconf 87' lang='lat'>--</span> <span class='ocrx_word' id='word_1_335' title='bbox 786 2082 898 2138; x_wconf 91' lang='lat' dir='ltr'>quod</span> <span class='ocrx_word' id='word_1_336' title='bbox 931 2083 1014 2124; x_wconf 89' lang='lat' dir='ltr'>iter</span> <span class='ocrx_word' id='word_1_337' title='bbox 1044 2082 1314 2139; x_wconf 83' lang='lat' dir='ltr'>arripuerath</span> <span class='ocrx_word' id='word_1_338' title='bbox 1346 2083 1398 2124; x_wconf 88' lang='lat' dir='ltr'>ad</span> <span class='ocrx_word' id='word_1_339' title='bbox 1424 2082 1653 2124; x_wconf 90' lang='lat' dir='ltr'>concilium</span> <span class='ocrx_word' id='word_1_340' title='bbox 1678 2081 1895 2123; x_wconf 83' lang='lat' dir='ltr'>veniendi.</span> <span class='ocrx_word' id='word_1_341' title='bbox 1944 2080 2000 2122; x_wconf 83' lang='lat' dir='ltr'>Et</span> <span class='ocrx_word' id='word_1_342' title='bbox 2023 2081 2124 2136; x_wconf 87' lang='lat' dir='ltr'>quia</span> <span class='ocrx_word' id='word_1_343' title='bbox 2146 2080 2366 2121; x_wconf 83' lang='lat' dir='ltr'>dominusi</span> 
     </span>
     <span class='ocr_line' id='line_1_41' title="bbox 164 2150 2366 2209; baseline -0.002 -15"><span class='ocrx_word' id='word_1_344' title='bbox 164 2167 276 2209; x_wconf 87' lang='lat' dir='ltr'>papa</span> <span class='ocrx_word' id='word_1_345' title='bbox 308 2153 389 2194; x_wconf 92' lang='lat' dir='ltr'>hoe</span> <span class='ocrx_word' id='word_1_346' title='bbox 421 2167 547 2209; x_wconf 92' lang='lat' dir='ltr'>quam</span> <span class='ocrx_word' id='word_1_347' title='bbox 592 2153 823 2209; x_wconf 89' lang='lat' dir='ltr'>plurimum</span> <span class='ocrx_word' id='word_1_348' title='bbox 869 2152 1144 2204; x_wconf 72' lang='lat' dir='ltr'>affectabatk‚</span> <span class='ocrx_word' id='word_1_349' title='bbox 1187 2157 1234 2193; x_wconf 92' lang='lat' dir='ltr'>ut</span> <span class='ocrx_word' id='word_1_350' title='bbox 1271 2152 1467 2208; x_wconf 89' lang='lat' dir='ltr'>possent¹</span> <span class='ocrx_word' id='word_1_351' title='bbox 1500 2153 1612 2194; x_wconf 89' lang='lat' dir='ltr'>inter</span> <span class='ocrx_word' id='word_1_352' title='bbox 1645 2165 1720 2193; x_wconf 91' lang='lat' dir='ltr'>eos</span> <span class='ocrx_word' id='word_1_353' title='bbox 1754 2151 1873 2206; x_wconf 87' lang='lat' dir='ltr'>pacis</span> <span class='ocrx_word' id='word_1_354' title='bbox 1906 2150 2056 2192; x_wconf 90' lang='lat' dir='ltr'>federa</span> <span class='ocrx_word' id='word_1_355' title='bbox 2088 2150 2366 2198; x_wconf 70' lang='lat' dir='ltr'>reformariffl,</span> 
     </span>
     <span class='ocr_line' id='line_1_42' title="bbox 164 2219 2361 2279; baseline -0.002 -15"><span class='ocrx_word' id='word_1_356' title='bbox 164 2237 301 2279; x_wconf 90' lang='lat' dir='ltr'>usque</span> <span class='ocrx_word' id='word_1_357' title='bbox 333 2223 386 2264; x_wconf 90' lang='lat' dir='ltr'>ad</span> <span class='ocrx_word' id='word_1_358' title='bbox 419 2222 530 2264; x_wconf 91' lang='lat' dir='ltr'>diem</span> <span class='ocrx_word' id='word_1_359' title='bbox 563 2222 662 2264; x_wconf 90' lang='lat' dir='ltr'>lune</span> <span class='ocrx_word' id='word_1_360' title='bbox 694 2226 791 2278; x_wconf 89' lang='lat' dir='ltr'>post</span> <span class='ocrx_word' id='word_1_361' title='bbox 813 2222 990 2264; x_wconf 87' lang='lat' dir='ltr'>octabas</span> <span class='ocrx_word' id='word_1_362' title='bbox 1015 2221 1205 2264; x_wconf 88' lang='lat' dir='ltr'>secunde</span> <span class='ocrx_word' id='word_1_363' title='bbox 1230 2223 1480 2273; x_wconf 80' lang='lat' dir='ltr'>sessionis¹¹‚</span> <span class='ocrx_word' id='word_1_364' title='bbox 1514 2236 1597 2277; x_wconf 92' lang='lat' dir='ltr'>que</span> <span class='ocrx_word' id='word_1_365' title='bbox 1630 2221 1772 2262; x_wconf 90' lang='lat' dir='ltr'>fuerat</span> <span class='ocrx_word' id='word_1_366' title='bbox 1803 2221 1844 2261; x_wconf 93' lang='lat' dir='ltr'>in</span> <span class='ocrx_word' id='word_1_367' title='bbox 1868 2219 1938 2262; x_wconf 91' lang='lat' dir='ltr'>die</span> <span class='ocrx_word' id='word_1_368' title='bbox 1962 2219 2179 2270; x_wconf 76' lang='lat' dir='ltr'>Mercurii,</span> <span class='ocrx_word' id='word_1_369' title='bbox 2213 2224 2361 2260; x_wconf 89' lang='lat' dir='ltr'>eontra</span> 
     </span>
     <span class='ocr_line' id='line_1_43' title="bbox 165 2288 2362 2347; baseline -0.001 -15"><span class='ocrx_word' id='word_1_370' title='bbox 165 2292 394 2333; x_wconf 89' lang='lat' dir='ltr'>multorum</span> <span class='ocrx_word' id='word_1_371' title='bbox 433 2291 693 2347; x_wconf 86' lang='lat' dir='ltr'>prelatorum</span> <span class='ocrx_word' id='word_1_372' title='bbox 727 2292 994 2333; x_wconf 89' lang='lat' dir='ltr'>voluntatem</span> <span class='ocrx_word' id='word_1_373' title='bbox 1037 2292 1314 2347; x_wconf 85' lang='lat' dir='ltr'>prorogavit⁰</span> <span class='ocrx_word' id='word_1_374' title='bbox 1345 2292 1525 2333; x_wconf 86' lang='lat' dir='ltr'>terciam</span> <span class='ocrx_word' id='word_1_375' title='bbox 1566 2291 1817 2333; x_wconf 90' lang='lat' dir='ltr'>sessionem.</span> <span class='ocrx_word' id='word_1_376' title='bbox 1882 2288 2006 2336; x_wconf 87' lang='lat' dir='ltr'>Quod</span> <span class='ocrx_word' id='word_1_377' title='bbox 2042 2304 2125 2330; x_wconf 87' lang='lat' dir='ltr'>non</span> <span class='ocrx_word' id='word_1_378' title='bbox 2159 2289 2239 2330; x_wconf 91' lang='lat' dir='ltr'>fuit</span> <span class='ocrx_word' id='word_1_379' title='bbox 2272 2289 2362 2329; x_wconf 88' lang='lat' dir='ltr'>sine</span> 
     </span>
     <span class='ocr_line' id='line_1_44' title="bbox 165 2358 2364 2418; baseline -0.002 -16"><span class='ocrx_word' id='word_1_380' title='bbox 165 2361 397 2402; x_wconf 91' lang='lat' dir='ltr'>multorum</span> <span class='ocrx_word' id='word_1_381' title='bbox 430 2361 546 2403; x_wconf 90' lang='lat' dir='ltr'>tedio</span> <span class='ocrx_word' id='word_1_382' title='bbox 580 2362 846 2418; x_wconf 87' lang='lat' dir='ltr'>prelatorum</span> <span class='ocrx_word' id='word_1_383' title='bbox 879 2365 922 2403; x_wconf 90' lang='lat' dir='ltr'>et</span> <span class='ocrx_word' id='word_1_384' title='bbox 954 2362 1158 2413; x_wconf 76' lang='lat' dir='ltr'>aliorum,</span> <span class='ocrx_word' id='word_1_385' title='bbox 1200 2361 1545 2416; x_wconf 86' lang='lat' dir='ltr'>Templariorum</span> <span class='ocrx_word' id='word_1_386' title='bbox 1579 2365 1622 2401; x_wconf 91' lang='lat' dir='ltr'>et</span> <span class='ocrx_word' id='word_1_387' title='bbox 1653 2358 2070 2415; x_wconf 86' lang='lat' dir='ltr'>IIospitalariorum,</span> <span class='ocrx_word' id='word_1_388' title='bbox 2105 2359 2174 2413; x_wconf 92' lang='lat' dir='ltr'>qui</span> <span class='ocrx_word' id='word_1_389' title='bbox 2208 2358 2364 2398; x_wconf 81' lang='lat' dir='ltr'>multos</span> 
     </span>
     <span class='ocr_line' id='line_1_45' title="bbox 166 2428 2366 2487; baseline -0.002 -15"><span class='ocrx_word' id='word_1_390' title='bbox 166 2435 357 2472; x_wconf 80' lang='lat' dir='ltr'>armatos</span> <span class='ocrx_word' id='word_1_391' title='bbox 390 2429 442 2471; x_wconf 88' lang='lat' dir='ltr'>ad</span> <span class='ocrx_word' id='word_1_392' title='bbox 475 2431 717 2472; x_wconf 86' lang='lat' dir='ltr'>custodiam</span> <span class='ocrx_word' id='word_1_393' title='bbox 751 2430 926 2472; x_wconf 88' lang='lat' dir='ltr'>dominii</span> <span class='ocrx_word' id='word_1_394' title='bbox 959 2444 1070 2487; x_wconf 89' lang='lat' dir='ltr'>pape</span> <span class='ocrx_word' id='word_1_395' title='bbox 1102 2436 1145 2472; x_wconf 93' lang='lat' dir='ltr'>et</span> <span class='ocrx_word' id='word_1_396' title='bbox 1177 2431 1348 2472; x_wconf 87' lang='lat' dir='ltr'>concilii</span> <span class='ocrx_word' id='word_1_397' title='bbox 1383 2431 1517 2472; x_wconf 74' lang='lat' dir='ltr'>iussiv</span> <span class='ocrx_word' id='word_1_398' title='bbox 1550 2429 1807 2471; x_wconf 87' lang='lat' dir='ltr'>studuerant</span> <span class='ocrx_word' id='word_1_399' title='bbox 1838 2428 2079 2471; x_wconf 76' lang='lat' dir='ltr'>destinare.</span> <span class='ocrx_word' id='word_1_400' title='bbox 2115 2433 2156 2468; x_wconf 94' lang='lat' dir='ltr'>et</span> <span class='ocrx_word' id='word_1_401' title='bbox 2190 2431 2366 2483; x_wconf 88' lang='lat' dir='ltr'>propter</span> 
     </span>
     <span class='ocr_line' id='line_1_46' title="bbox 166 2497 2363 2556; baseline -0.003 -14"><span class='ocrx_word' id='word_1_402' title='bbox 166 2514 415 2556; x_wconf 89' lang='lat' dir='ltr'>pressuram</span> <span class='ocrx_word' id='word_1_403' title='bbox 441 2500 661 2541; x_wconf 90' lang='lat' dir='ltr'>hominum</span> <span class='ocrx_word' id='word_1_404' title='bbox 685 2505 727 2542; x_wconf 91' lang='lat' dir='ltr'>et</span> <span class='ocrx_word' id='word_1_405' title='bbox 750 2500 1017 2542; x_wconf 87' lang='lat' dir='ltr'>dubietatem</span> <span class='ocrx_word' id='word_1_406' title='bbox 1029 2508 1061 2550; x_wconf 70' lang='grc'>’1,</span> <span class='ocrx_word' id='word_1_407' title='bbox 1096 2515 1179 2556; x_wconf 91' lang='lat' dir='ltr'>que</span> <span class='ocrx_word' id='word_1_408' title='bbox 1204 2501 1244 2541; x_wconf 87' lang='lat' dir='ltr'>in</span> <span class='ocrx_word' id='word_1_409' title='bbox 1270 2501 1367 2556; x_wconf 91' lang='lat' dir='ltr'>ipsa</span> <span class='ocrx_word' id='word_1_410' title='bbox 1389 2501 1577 2550; x_wconf 75' lang='lat' dir='ltr'>civitate,</span> <span class='ocrx_word' id='word_1_411' title='bbox 1602 2505 1706 2554; x_wconf 77' lang='lat' dir='ltr'>que‘</span> <span class='ocrx_word' id='word_1_412' title='bbox 1729 2497 2054 2539; x_wconf 86' lang='lat' dir='ltr'>custodiebatur</span> <span class='ocrx_word' id='word_1_413' title='bbox 2078 2512 2154 2552; x_wconf 87' lang='lat' dir='ltr'>per</span> <span class='ocrx_word' id='word_1_414' title='bbox 2175 2501 2363 2537; x_wconf 79' lang='lat' dir='ltr'>armatos</span> 
     </span>
     <span class='ocr_line' id='line_1_47' title="bbox 166 2569 1215 2625; baseline 0 -15"><span class='ocrx_word' id='word_1_415' title='bbox 166 2569 375 2625; x_wconf 89' lang='lat' dir='ltr'>plurimos</span> <span class='ocrx_word' id='word_1_416' title='bbox 407 2569 477 2610; x_wconf 90' lang='lat' dir='ltr'>die</span> <span class='ocrx_word' id='word_1_417' title='bbox 510 2584 559 2611; x_wconf 86' lang='lat' dir='ltr'>ac</span> <span class='ocrx_word' id='word_1_418' title='bbox 590 2574 718 2611; x_wconf 89' lang='lat' dir='ltr'>nocte</span> <span class='ocrx_word' id='word_1_419' title='bbox 749 2569 934 2622; x_wconf 82' lang='lat' dir='ltr'>fortiter,</span> <span class='ocrx_word' id='word_1_420' title='bbox 967 2569 1215 2611; x_wconf 85' lang='lat' dir='ltr'>assistebat.</span> 
     </span>
    </p>
   </div>
   <div class='ocr_carea' id='block_1_16' title="bbox 166 2702 2368 3443">
    <p class='ocr_par' dir='ltr' id='par_1_17' title="bbox 166 2702 2368 3443">
     <span class='ocr_line' id='line_1_48' title="bbox 306 2702 2366 2752; baseline -0.004 -10"><span class='ocrx_word' id='word_1_421' title='bbox 306 2706 395 2742; x_wconf 85' lang='lat'>401.</span> <span class='ocrx_word' id='word_1_422' title='bbox 425 2707 450 2750; x_wconf 82' lang='lat' dir='ltr'>t)</span> <span class='ocrx_word' id='word_1_423' title='bbox 474 2709 566 2742; x_wconf 79' lang='lat' dir='ltr'>deest</span> <span class='ocrx_word' id='word_1_424' title='bbox 588 2708 620 2742; x_wconf 91' lang='grc'>2.</span> <span class='ocrx_word' id='word_1_425' title='bbox 764 2707 798 2752; x_wconf 85' lang='lat'>¹1)</span> <span class='ocrx_word' id='word_1_426' title='bbox 831 2709 967 2742; x_wconf 85' lang='lat' dir='ltr'>Tadeus</span> <span class='ocrx_word' id='word_1_427' title='bbox 991 2707 1115 2742; x_wconf 77' lang='lat'>2—4.</span> <span class='ocrx_word' id='word_1_428' title='bbox 1265 2709 1298 2751; x_wconf 74' lang='lat' dir='ltr'>V)</span> <span class='ocrx_word' id='word_1_429' title='bbox 1323 2709 1409 2741; x_wconf 82' lang='lat' dir='ltr'>dixit</span> <span class='ocrx_word' id='word_1_430' title='bbox 1433 2706 1464 2740; x_wconf 88' lang='grc'>2.</span> <span class='ocrx_word' id='word_1_431' title='bbox 1613 2709 1652 2747; x_wconf 85' lang='lat' dir='ltr'>w)</span> <span class='ocrx_word' id='word_1_432' title='bbox 1679 2717 1843 2739; x_wconf 85' lang='lat' dir='ltr'>exeurare</span> <span class='ocrx_word' id='word_1_433' title='bbox 1872 2705 1906 2746; x_wconf 83' lang='lat'>1;</span> <span class='ocrx_word' id='word_1_434' title='bbox 1941 2706 2008 2737; x_wconf 84' lang='lat' dir='ltr'>vid.</span> <span class='ocrx_word' id='word_1_435' title='bbox 2038 2705 2113 2747; x_wconf 85' lang='lat' dir='ltr'>imp.</span> <span class='ocrx_word' id='word_1_436' title='bbox 2142 2715 2214 2736; x_wconf 72' lang='lat' dir='ltr'>exc.</span> <span class='ocrx_word' id='word_1_437' title='bbox 2241 2702 2262 2735; x_wconf 89' lang='lat'><strong>3</strong></span> <span class='ocrx_word' id='word_1_438' title='bbox 2279 2721 2319 2724; x_wconf 97' lang='lat'><strong>—</strong></span> <span class='ocrx_word' id='word_1_439' title='bbox 2335 2702 2366 2734; x_wconf 71' lang='grc' dir='ltr'>ι’).</span> 
     </span>
     <span class='ocr_line' id='line_1_49' title="bbox 166 2760 2366 2810; baseline -0.004 -11"><span class='ocrx_word' id='word_1_440' title='bbox 166 2766 200 2808; x_wconf 87' lang='lat' dir='ltr'>x)</span> <span class='ocrx_word' id='word_1_441' title='bbox 227 2766 317 2799; x_wconf 77' lang='lat' dir='ltr'>deest</span> <span class='ocrx_word' id='word_1_442' title='bbox 340 2765 371 2800; x_wconf 88' lang='lat'>5.</span> <span class='ocrx_word' id='word_1_443' title='bbox 489 2767 522 2809; x_wconf 63' lang='grc' dir='ltr'>ἲ)</span> <span class='ocrx_word' id='word_1_444' title='bbox 554 2767 645 2800; x_wconf 80' lang='lat' dir='ltr'>deest</span> <span class='ocrx_word' id='word_1_445' title='bbox 668 2766 699 2800; x_wconf 90' lang='lat'>3.</span> <span class='ocrx_word' id='word_1_446' title='bbox 818 2767 847 2809; x_wconf 78' lang='lat' dir='ltr'>z)</span> <span class='ocrx_word' id='word_1_447' title='bbox 872 2767 963 2800; x_wconf 72' lang='lat' dir='ltr'>deest</span> <span class='ocrx_word' id='word_1_448' title='bbox 986 2766 1018 2800; x_wconf 87' lang='lat'>4.</span> <span class='ocrx_word' id='word_1_449' title='bbox 1146 2766 1177 2810; x_wconf 75' lang='lat' dir='ltr'>a)</span> <span class='ocrx_word' id='word_1_450' title='bbox 1203 2772 1263 2800; x_wconf 87' lang='lat' dir='ltr'>ost.</span> <span class='ocrx_word' id='word_1_451' title='bbox 1292 2767 1339 2799; x_wconf 83' lang='lat' dir='ltr'>hii</span> <span class='ocrx_word' id='word_1_452' title='bbox 1367 2767 1512 2809; x_wconf 84' lang='lat' dir='ltr'>plurima</span> <span class='ocrx_word' id='word_1_453' title='bbox 1539 2766 1667 2797; x_wconf 78' lang='lat' dir='ltr'>lacuna</span> <span class='ocrx_word' id='word_1_454' title='bbox 1692 2769 1845 2806; x_wconf 67' lang='lat' dir='ltr'>sequente</span> <span class='ocrx_word' id='word_1_455' title='bbox 1870 2762 1908 2798; x_wconf 86' lang='lat'>3:</span> <span class='ocrx_word' id='word_1_456' title='bbox 1941 2769 2003 2794; x_wconf 74' lang='lat' dir='ltr'>ost.</span> <span class='ocrx_word' id='word_1_457' title='bbox 2030 2762 2111 2801; x_wconf 64' lang='lat' dir='ltr'>Mic)</span> <span class='ocrx_word' id='word_1_458' title='bbox 2139 2762 2283 2804; x_wconf 85' lang='lat' dir='ltr'>plurima</span> <span class='ocrx_word' id='word_1_459' title='bbox 2312 2760 2366 2800; x_wconf 78' lang='lat' dir='ltr'>(ex</span> 
     </span>
     <span class='ocr_line' id='line_1_50' title="bbox 168 2817 2367 2868; baseline -0.003 -12"><span class='ocrx_word' id='word_1_460' title='bbox 168 2823 350 2866; x_wconf 82' lang='lat' dir='ltr'>contentis)</span> <span class='ocrx_word' id='word_1_461' title='bbox 375 2823 411 2864; x_wconf 88' lang='lat'>4;</span> <span class='ocrx_word' id='word_1_462' title='bbox 443 2830 503 2857; x_wconf 83' lang='lat' dir='ltr'>ost.</span> <span class='ocrx_word' id='word_1_463' title='bbox 531 2825 577 2857; x_wconf 90' lang='lat' dir='ltr'>ibi</span> <span class='ocrx_word' id='word_1_464' title='bbox 603 2825 752 2868; x_wconf 87' lang='lat' dir='ltr'>plurima</span> <span class='ocrx_word' id='word_1_465' title='bbox 777 2836 819 2858; x_wconf 84' lang='lat' dir='ltr'>ex</span> <span class='ocrx_word' id='word_1_466' title='bbox 845 2825 1013 2858; x_wconf 81' lang='lat' dir='ltr'>contentis</span> <span class='ocrx_word' id='word_1_467' title='bbox 1039 2824 1070 2857; x_wconf 92' lang='lat'>5.</span> <span class='ocrx_word' id='word_1_468' title='bbox 1191 2824 1221 2865; x_wconf 80' lang='lat' dir='ltr'>b)</span> <span class='ocrx_word' id='word_1_469' title='bbox 1248 2825 1457 2868; x_wconf 87' lang='lat' dir='ltr'>respondens</span> <span class='ocrx_word' id='word_1_470' title='bbox 1484 2822 1583 2856; x_wconf 86' lang='grc'><strong>1-3.</strong></span> <span class='ocrx_word' id='word_1_471' title='bbox 1702 2825 1732 2864; x_wconf 70' lang='grc'>0)</span> <span class='ocrx_word' id='word_1_472' title='bbox 1760 2821 1982 2864; x_wconf 78' lang='lat' dir='ltr'>praevidisset</span> <span class='ocrx_word' id='word_1_473' title='bbox 2006 2819 2038 2852; x_wconf 86' lang='lat'>4.</span> <span class='ocrx_word' id='word_1_474' title='bbox 2063 2819 2094 2851; x_wconf 88' lang='lat'>5.</span> <span class='ocrx_word' id='word_1_475' title='bbox 2213 2817 2246 2859; x_wconf 80' lang='lat' dir='ltr'>d)</span> <span class='ocrx_word' id='word_1_476' title='bbox 2274 2830 2309 2850; x_wconf 79' lang='lat' dir='ltr'>se</span> <span class='ocrx_word' id='word_1_477' title='bbox 2339 2817 2367 2850; x_wconf 89' lang='lat' dir='ltr'>l.</span> 
     </span>
     <span class='ocr_line' id='line_1_51' title="bbox 168 2876 2367 2923; baseline -0.003 -9"><span class='ocrx_word' id='word_1_478' title='bbox 168 2879 200 2923; x_wconf 76' lang='grc' dir='ltr'>θ)</span> <span class='ocrx_word' id='word_1_479' title='bbox 225 2881 366 2914; x_wconf 87' lang='lat' dir='ltr'>alterius</span> <span class='ocrx_word' id='word_1_480' title='bbox 389 2881 422 2918; x_wconf 86' lang='grc'>2,</span> <span class='ocrx_word' id='word_1_481' title='bbox 552 2880 584 2923; x_wconf 79' lang='lat' dir='ltr'>f)</span> <span class='ocrx_word' id='word_1_482' title='bbox 610 2883 640 2914; x_wconf 87' lang='lat' dir='ltr'>d.</span> <span class='ocrx_word' id='word_1_483' title='bbox 659 2883 706 2915; x_wconf 85' lang='lat' dir='ltr'>M.</span> <span class='ocrx_word' id='word_1_484' title='bbox 732 2882 821 2915; x_wconf 76' lang='lat' dir='ltr'>deest</span> <span class='ocrx_word' id='word_1_485' title='bbox 845 2881 956 2915; x_wconf 89' lang='lat'>3—5.</span> <span class='ocrx_word' id='word_1_486' title='bbox 1086 2884 1120 2923; x_wconf 78' lang='lat' dir='ltr'>g)</span> <span class='ocrx_word' id='word_1_487' title='bbox 1147 2886 1179 2915; x_wconf 86' lang='lat' dir='ltr'>et</span> <span class='ocrx_word' id='word_1_488' title='bbox 1204 2882 1291 2914; x_wconf 89' lang='lat' dir='ltr'>idem</span> <span class='ocrx_word' id='word_1_489' title='bbox 1318 2883 1445 2915; x_wconf 84' lang='lat' dir='ltr'>sactum</span> <span class='ocrx_word' id='word_1_490' title='bbox 1471 2882 1536 2913; x_wconf 83' lang='lat' dir='ltr'>fuit</span> <span class='ocrx_word' id='word_1_491' title='bbox 1559 2880 1598 2921; x_wconf 84' lang='grc'>2;</span> <span class='ocrx_word' id='word_1_492' title='bbox 1629 2887 1661 2913; x_wconf 86' lang='lat' dir='ltr'>et</span> <span class='ocrx_word' id='word_1_493' title='bbox 1687 2881 1740 2911; x_wconf 76' lang='lat' dir='ltr'>off.</span> <span class='ocrx_word' id='word_1_494' title='bbox 1769 2880 1786 2911; x_wconf 91' lang='lat' dir='ltr'>i.</span> <span class='ocrx_word' id='word_1_495' title='bbox 1814 2881 1891 2911; x_wconf 82' lang='lat' dir='ltr'>t&#39;aet.</span> <span class='ocrx_word' id='word_1_496' title='bbox 1920 2879 1982 2910; x_wconf 79' lang='lat' dir='ltr'>fuit</span> <span class='ocrx_word' id='word_1_497' title='bbox 2008 2878 2097 2919; x_wconf 84' lang='lat' dir='ltr'>quod</span> <span class='ocrx_word' id='word_1_498' title='bbox 2123 2878 2228 2920; x_wconf 82' lang='lat' dir='ltr'>prima</span> <span class='ocrx_word' id='word_1_499' title='bbox 2254 2876 2367 2908; x_wconf 76' lang='lat'>3-5.</span> 
     </span>
     <span class='ocr_line' id='line_1_52' title="bbox 169 2931 2368 2983; baseline -0.003 -11"><span class='ocrx_word' id='word_1_500' title='bbox 169 2937 204 2981; x_wconf 86' lang='lat' dir='ltr'>h)</span> <span class='ocrx_word' id='word_1_501' title='bbox 229 2939 320 2972; x_wconf 74' lang='lat' dir='ltr'>deest</span> <span class='ocrx_word' id='word_1_502' title='bbox 342 2937 444 2981; x_wconf 82' lang='lat'>2—5,</span> <span class='ocrx_word' id='word_1_503' title='bbox 467 2940 526 2972; x_wconf 72' lang='lat' dir='ltr'>ubi</span> <span class='ocrx_word' id='word_1_504' title='bbox 549 2945 750 2982; x_wconf 76' lang='lat' dir='ltr'>sequuntur:</span> <span class='ocrx_word' id='word_1_505' title='bbox 773 2941 922 2973; x_wconf 86' lang='lat' dir='ltr'>surrexit</span> <span class='ocrx_word' id='word_1_506' title='bbox 946 2940 1134 2983; x_wconf 84' lang='lat' dir='ltr'>episeopuS.</span> <span class='ocrx_word' id='word_1_507' title='bbox 1228 2938 1252 2981; x_wconf 85' lang='lat' dir='ltr'>i)</span> <span class='ocrx_word' id='word_1_508' title='bbox 1279 2939 1454 2972; x_wconf 80' lang='lat' dir='ltr'>Calvensis</span> <span class='ocrx_word' id='word_1_509' title='bbox 1479 2938 1516 2979; x_wconf 77' lang='lat'>43</span> <span class='ocrx_word' id='word_1_510' title='bbox 1543 2938 1732 2971; x_wconf 81' lang='lat' dir='ltr'>Calmensis</span> <span class='ocrx_word' id='word_1_511' title='bbox 1756 2936 1787 2969; x_wconf 96' lang='lat'>3.</span> <span class='ocrx_word' id='word_1_512' title='bbox 1806 2936 1837 2968; x_wconf 83' lang='lat'>5.</span> <span class='ocrx_word' id='word_1_513' title='bbox 1921 2935 1966 2977; x_wconf 80' lang='lat' dir='ltr'>i¹&#39;)</span> <span class='ocrx_word' id='word_1_514' title='bbox 1992 2937 2126 2968; x_wconf 74' lang='lat' dir='ltr'>Cisters.</span> <span class='ocrx_word' id='word_1_515' title='bbox 2154 2934 2185 2967; x_wconf 90' lang='lat'>3.</span> <span class='ocrx_word' id='word_1_516' title='bbox 2267 2931 2300 2974; x_wconf 86' lang='lat' dir='ltr'>k)</span> <span class='ocrx_word' id='word_1_517' title='bbox 2327 2933 2368 2965; x_wconf 78' lang='lat' dir='ltr'>de</span> 
     </span>
     <span class='ocr_line' id='line_1_53' title="bbox 170 2991 2365 3041; baseline -0.003 -12"><span class='ocrx_word' id='word_1_518' title='bbox 170 3008 195 3029; x_wconf 90' lang='lat' dir='ltr'>r.</span> <span class='ocrx_word' id='word_1_519' title='bbox 219 2998 285 3041; x_wconf 85' lang='lat' dir='ltr'>Ap.</span> <span class='ocrx_word' id='word_1_520' title='bbox 310 2997 379 3030; x_wconf 76' lang='lat' dir='ltr'>des.</span> <span class='ocrx_word' id='word_1_521' title='bbox 396 2995 436 3039; x_wconf 83' lang='lat'>43</span> <span class='ocrx_word' id='word_1_522' title='bbox 471 3002 505 3030; x_wconf 88' lang='lat' dir='ltr'>et</span> <span class='ocrx_word' id='word_1_523' title='bbox 537 2997 578 3030; x_wconf 86' lang='lat' dir='ltr'>de</span> <span class='ocrx_word' id='word_1_524' title='bbox 611 3008 716 3041; x_wconf 86' lang='lat' dir='ltr'>regno</span> <span class='ocrx_word' id='word_1_525' title='bbox 741 2999 803 3041; x_wconf 91' lang='lat' dir='ltr'>Ap.</span> <span class='ocrx_word' id='word_1_526' title='bbox 821 2997 859 3039; x_wconf 87' lang='grc'>2;</span> <span class='ocrx_word' id='word_1_527' title='bbox 896 2998 936 3030; x_wconf 92' lang='lat' dir='ltr'>de</span> <span class='ocrx_word' id='word_1_528' title='bbox 961 2998 1089 3040; x_wconf 86' lang='lat' dir='ltr'>Apulia</span> <span class='ocrx_word' id='word_1_529' title='bbox 1112 2996 1144 3030; x_wconf 88' lang='lat'>3.</span> <span class='ocrx_word' id='word_1_530' title='bbox 1170 2997 1203 3030; x_wconf 86' lang='lat'>5.</span> <span class='ocrx_word' id='word_1_531' title='bbox 1342 2995 1365 3039; x_wconf 93' lang='lat' dir='ltr'>l)</span> <span class='ocrx_word' id='word_1_532' title='bbox 1398 2997 1487 3030; x_wconf 78' lang='lat' dir='ltr'>deest</span> <span class='ocrx_word' id='word_1_533' title='bbox 1519 2997 1572 3028; x_wconf 77' lang='grc' dir='ltr'>Ιιίσ</span> <span class='ocrx_word' id='word_1_534' title='bbox 1596 2995 1712 3028; x_wconf 87' lang='grc'><strong>2-4.</strong></span> <span class='ocrx_word' id='word_1_535' title='bbox 1856 2994 1899 3035; x_wconf 76' lang='lat'>¹¹¹)</span> <span class='ocrx_word' id='word_1_536' title='bbox 1933 2994 2022 3026; x_wconf 80' lang='lat' dir='ltr'>viam</span> <span class='ocrx_word' id='word_1_537' title='bbox 2049 2992 2079 3025; x_wconf 84' lang='lat'>4.</span> <span class='ocrx_word' id='word_1_538' title='bbox 2210 2992 2243 3032; x_wconf 86' lang='lat'>¹¹)</span> <span class='ocrx_word' id='word_1_539' title='bbox 2271 2991 2365 3034; x_wconf 84' lang='lat' dir='ltr'>igno-</span> 
     </span>
     <span class='ocr_line' id='line_1_54' title="bbox 169 3048 2365 3099; baseline -0.003 -13"><span class='ocrx_word' id='word_1_540' title='bbox 169 3055 348 3087; x_wconf 84' lang='lat' dir='ltr'>miniosam</span> <span class='ocrx_word' id='word_1_541' title='bbox 374 3059 408 3088; x_wconf 87' lang='lat' dir='ltr'>et</span> <span class='ocrx_word' id='word_1_542' title='bbox 431 3053 532 3088; x_wconf 85' lang='grc'><strong>2-5.</strong></span> <span class='ocrx_word' id='word_1_543' title='bbox 614 3055 646 3096; x_wconf 88' lang='lat'>⁰)</span> <span class='ocrx_word' id='word_1_544' title='bbox 673 3056 770 3099; x_wconf 85' lang='lat' dir='ltr'>Hisp.</span> <span class='ocrx_word' id='word_1_545' title='bbox 794 3053 888 3088; x_wconf 86' lang='lat'>3-5</span> <span class='ocrx_word' id='word_1_546' title='bbox 912 3066 1052 3097; x_wconf 71' lang='lat' dir='ltr'>semper.</span> <span class='ocrx_word' id='word_1_547' title='bbox 1135 3057 1166 3093; x_wconf 79' lang='grc' dir='ltr'>Ρ)</span> <span class='ocrx_word' id='word_1_548' title='bbox 1192 3055 1281 3088; x_wconf 77' lang='lat' dir='ltr'>deest</span> <span class='ocrx_word' id='word_1_549' title='bbox 1308 3053 1336 3086; x_wconf 94' lang='lat'>1.</span> <span class='ocrx_word' id='word_1_550' title='bbox 1410 3055 1442 3096; x_wconf 77' lang='grc' dir='ltr'>(ι)</span> <span class='ocrx_word' id='word_1_551' title='bbox 1468 3060 1583 3087; x_wconf 86' lang='lat' dir='ltr'>contra</span> <span class='ocrx_word' id='word_1_552' title='bbox 1608 3052 1690 3085; x_wconf 78' lang='lat' dir='ltr'>odd.</span> <span class='ocrx_word' id='word_1_553' title='bbox 1708 3051 1740 3085; x_wconf 93' lang='lat'>4.</span> <span class='ocrx_word' id='word_1_554' title='bbox 1811 3054 1838 3093; x_wconf 77' lang='lat'>¹)</span> <span class='ocrx_word' id='word_1_555' title='bbox 1865 3052 1929 3083; x_wconf 89' lang='lat' dir='ltr'>suit</span> <span class='ocrx_word' id='word_1_556' title='bbox 1947 3050 1978 3083; x_wconf 86' lang='lat'>3.</span> <span class='ocrx_word' id='word_1_557' title='bbox 1997 3049 2028 3083; x_wconf 89' lang='lat'>4.</span> <span class='ocrx_word' id='word_1_558' title='bbox 2100 3052 2150 3091; x_wconf 77' lang='grc'>1’”)</span> <span class='ocrx_word' id='word_1_559' title='bbox 2177 3050 2238 3092; x_wconf 90' lang='lat' dir='ltr'>ipsi</span> <span class='ocrx_word' id='word_1_560' title='bbox 2267 3048 2365 3081; x_wconf 84' lang='lat'>1—3.</span> 
     </span>
     <span class='ocr_line' id='line_1_55' title="bbox 169 3105 2367 3156; baseline -0.004 -10"><span class='ocrx_word' id='word_1_561' title='bbox 169 3112 198 3154; x_wconf 73' lang='lat'>⁸)</span> <span class='ocrx_word' id='word_1_562' title='bbox 223 3117 257 3145; x_wconf 84' lang='lat' dir='ltr'>et</span> <span class='ocrx_word' id='word_1_563' title='bbox 280 3111 381 3146; x_wconf 86' lang='lat'>3—5.</span> <span class='ocrx_word' id='word_1_564' title='bbox 493 3112 541 3155; x_wconf 73' lang='lat'>⁵¹¹)</span> <span class='ocrx_word' id='word_1_565' title='bbox 565 3118 599 3146; x_wconf 90' lang='lat' dir='ltr'>et</span> <span class='ocrx_word' id='word_1_566' title='bbox 621 3112 653 3146; x_wconf 92' lang='lat'>3.</span> <span class='ocrx_word' id='word_1_567' title='bbox 764 3112 791 3155; x_wconf 69' lang='grc' dir='ltr'>ἰ)</span> <span class='ocrx_word' id='word_1_568' title='bbox 818 3114 894 3156; x_wconf 84' lang='lat' dir='ltr'>plus</span> <span class='ocrx_word' id='word_1_569' title='bbox 919 3111 993 3145; x_wconf 91' lang='grc'>3-</span> <span class='ocrx_word' id='word_1_570' title='bbox 1009 3113 1041 3147; x_wconf 85' lang='grc'>5.</span> <span class='ocrx_word' id='word_1_571' title='bbox 1148 3113 1181 3154; x_wconf 88' lang='lat' dir='ltr'>u)</span> <span class='ocrx_word' id='word_1_572' title='bbox 1205 3113 1323 3155; x_wconf 85' lang='lat' dir='ltr'>aliqua</span> <span class='ocrx_word' id='word_1_573' title='bbox 1347 3112 1428 3144; x_wconf 87' lang='lat' dir='ltr'>add.</span> <span class='ocrx_word' id='word_1_574' title='bbox 1453 3110 1474 3144; x_wconf 90' lang='lat'>3</span> <span class='ocrx_word' id='word_1_575' title='bbox 1490 3129 1529 3135; x_wconf 86' lang='lat'>—</span> <span class='ocrx_word' id='word_1_576' title='bbox 1545 3111 1575 3145; x_wconf 87' lang='lat'>5.</span> <span class='ocrx_word' id='word_1_577' title='bbox 1685 3111 1717 3151; x_wconf 75' lang='lat' dir='ltr'>V)</span> <span class='ocrx_word' id='word_1_578' title='bbox 1743 3110 1898 3142; x_wconf 80' lang='lat' dir='ltr'>assistere</span> <span class='ocrx_word' id='word_1_579' title='bbox 1922 3107 1953 3141; x_wconf 87' lang='lat'>3.</span> <span class='ocrx_word' id='word_1_580' title='bbox 2063 3107 2103 3150; x_wconf 85' lang='lat' dir='ltr'>w)</span> <span class='ocrx_word' id='word_1_581' title='bbox 2129 3107 2216 3139; x_wconf 64' lang='lat' dir='ltr'>deest</span> <span class='ocrx_word' id='word_1_582' title='bbox 2242 3105 2263 3138; x_wconf 88' lang='lat'>3</span> <span class='ocrx_word' id='word_1_583' title='bbox 2280 3125 2318 3129; x_wconf 96' lang='lat'><strong>—</strong></span> <span class='ocrx_word' id='word_1_584' title='bbox 2335 3105 2367 3138; x_wconf 83' lang='grc'>5.</span> 
     </span>
     <span class='ocr_line' id='line_1_56' title="bbox 169 3163 2366 3214; baseline -0 -11"><span class='ocrx_word' id='word_1_585' title='bbox 169 3169 204 3213; x_wconf 87' lang='lat' dir='ltr'>x)</span> <span class='ocrx_word' id='word_1_586' title='bbox 229 3170 435 3214; x_wconf 86' lang='lat' dir='ltr'>prelatorum</span> <span class='ocrx_word' id='word_1_587' title='bbox 459 3170 542 3203; x_wconf 84' lang='lat' dir='ltr'>add.</span> <span class='ocrx_word' id='word_1_588' title='bbox 559 3168 684 3204; x_wconf 85' lang='grc'><strong>2-5.</strong></span> <span class='ocrx_word' id='word_1_589' title='bbox 809 3170 843 3214; x_wconf 80' lang='lat' dir='ltr'>y)</span> <span class='ocrx_word' id='word_1_590' title='bbox 874 3171 1048 3214; x_wconf 89' lang='lat' dir='ltr'>predictus</span> <span class='ocrx_word' id='word_1_591' title='bbox 1074 3171 1141 3203; x_wconf 91' lang='lat' dir='ltr'>iud.</span> <span class='ocrx_word' id='word_1_592' title='bbox 1167 3171 1329 3203; x_wconf 87' lang='lat' dir='ltr'>Thadeus</span> <span class='ocrx_word' id='word_1_593' title='bbox 1354 3168 1477 3203; x_wconf 84' lang='grc'><strong>2-5.</strong></span> <span class='ocrx_word' id='word_1_594' title='bbox 1603 3169 1632 3210; x_wconf 84' lang='grc' dir='ltr'>Ζ)</span> <span class='ocrx_word' id='word_1_595' title='bbox 1658 3168 1764 3200; x_wconf 78' lang='lat' dir='ltr'>Colosi</span> <span class='ocrx_word' id='word_1_596' title='bbox 1791 3166 1827 3207; x_wconf 81' lang='lat'>33</span> <span class='ocrx_word' id='word_1_597' title='bbox 1862 3167 2000 3199; x_wconf 82' lang='lat' dir='ltr'>Calven-</span> <span class='ocrx_word' id='word_1_598' title='bbox 2025 3165 2063 3203; x_wconf 86' lang='grc'>4;</span> <span class='ocrx_word' id='word_1_599' title='bbox 2098 3165 2309 3197; x_wconf 68' lang='lat' dir='ltr'>Calfflssllssssm</span> <span class='ocrx_word' id='word_1_600' title='bbox 2335 3163 2366 3195; x_wconf 71' lang='grc'>5-</span> 
     </span>
     <span class='ocr_line' id='line_1_57' title="bbox 170 3219 2368 3270; baseline -0.003 -10"><span class='ocrx_word' id='word_1_601' title='bbox 170 3225 203 3270; x_wconf 78' lang='lat' dir='ltr'>a¹)</span> <span class='ocrx_word' id='word_1_602' title='bbox 228 3238 271 3260; x_wconf 85' lang='lat' dir='ltr'>ex</span> <span class='ocrx_word' id='word_1_603' title='bbox 295 3227 525 3260; x_wconf 84' lang='lat' dir='ltr'>malivolentia</span> <span class='ocrx_word' id='word_1_604' title='bbox 548 3226 651 3261; x_wconf 84' lang='grc'><strong>2-5.</strong></span> <span class='ocrx_word' id='word_1_605' title='bbox 771 3227 804 3270; x_wconf 81' lang='lat' dir='ltr'>b)</span> <span class='ocrx_word' id='word_1_606' title='bbox 838 3239 880 3261; x_wconf 85' lang='lat' dir='ltr'>ex</span> <span class='ocrx_word' id='word_1_607' title='bbox 904 3239 943 3261; x_wconf 85' lang='lat' dir='ltr'>eo</span> <span class='ocrx_word' id='word_1_608' title='bbox 968 3226 1069 3261; x_wconf 84' lang='grc'><strong>2-5.</strong></span> <span class='ocrx_word' id='word_1_609' title='bbox 1187 3226 1219 3269; x_wconf 80' lang='lat' dir='ltr'>c)</span> <span class='ocrx_word' id='word_1_610' title='bbox 1244 3227 1377 3260; x_wconf 81' lang='lat' dir='ltr'>curavit</span> <span class='ocrx_word' id='word_1_611' title='bbox 1402 3226 1433 3259; x_wconf 88' lang='lat'>5.</span> <span class='ocrx_word' id='word_1_612' title='bbox 1551 3223 1583 3267; x_wconf 76' lang='lat'>¹¹)</span> <span class='ocrx_word' id='word_1_613' title='bbox 1608 3226 1867 3268; x_wconf 84' lang='lat' dir='ltr'>prolongaretur</span> <span class='ocrx_word' id='word_1_614' title='bbox 1892 3222 1929 3262; x_wconf 81' lang='lat'>3;</span> <span class='ocrx_word' id='word_1_615' title='bbox 1963 3234 2029 3255; x_wconf 84' lang='lat' dir='ltr'>non</span> <span class='ocrx_word' id='word_1_616' title='bbox 2056 3222 2312 3265; x_wconf 74' lang='lat' dir='ltr'>prolongaretur</span> <span class='ocrx_word' id='word_1_617' title='bbox 2335 3219 2368 3253; x_wconf 89' lang='lat'>4.</span> 
     </span>
     <span class='ocr_line' id='line_1_58' title="bbox 171 3279 2366 3328; baseline -0.003 -11"><span class='ocrx_word' id='word_1_618' title='bbox 171 3282 202 3326; x_wconf 72' lang='grc' dir='ltr'>θ)</span> <span class='ocrx_word' id='word_1_619' title='bbox 227 3285 460 3328; x_wconf 84' lang='lat' dir='ltr'>imperatorem</span> <span class='ocrx_word' id='word_1_620' title='bbox 485 3285 686 3328; x_wconf 81' lang='lat' dir='ltr'>expectabat</span> <span class='ocrx_word' id='word_1_621' title='bbox 710 3285 741 3319; x_wconf 94' lang='lat'>5.</span> <span class='ocrx_word' id='word_1_622' title='bbox 859 3284 890 3327; x_wconf 80' lang='lat' dir='ltr'>s)</span> <span class='ocrx_word' id='word_1_623' title='bbox 915 3285 1121 3318; x_wconf 88' lang='lat' dir='ltr'>Taurinensi</span> <span class='ocrx_word' id='word_1_624' title='bbox 1146 3283 1248 3317; x_wconf 88' lang='grc'><strong>2-5.</strong></span> <span class='ocrx_word' id='word_1_625' title='bbox 1365 3282 1412 3325; x_wconf 82' lang='lat' dir='ltr'>s&#39;)</span> <span class='ocrx_word' id='word_1_626' title='bbox 1439 3284 1481 3316; x_wconf 86' lang='lat' dir='ltr'>ad</span> <span class='ocrx_word' id='word_1_627' title='bbox 1510 3302 1551 3306; x_wconf 91' lang='lat'><strong>—</strong></span> <span class='ocrx_word' id='word_1_628' title='bbox 1577 3283 1661 3315; x_wconf 87' lang='lat' dir='ltr'>alios</span> <span class='ocrx_word' id='word_1_629' title='bbox 1684 3288 1760 3324; x_wconf 73' lang='lat' dir='ltr'>post</span> <span class='ocrx_word' id='word_1_630' title='bbox 1783 3292 1822 3314; x_wconf 86' lang='lat' dir='ltr'>ac</span> <span class='ocrx_word' id='word_1_631' title='bbox 1849 3281 1918 3323; x_wconf 81' lang='lat' dir='ltr'>ipsc</span> <span class='ocrx_word' id='word_1_632' title='bbox 1945 3279 2043 3312; x_wconf 81' lang='lat'>1—5.</span> <span class='ocrx_word' id='word_1_633' title='bbox 2162 3279 2195 3322; x_wconf 72' lang='lat'>8)</span> <span class='ocrx_word' id='word_1_634' title='bbox 2222 3280 2366 3319; x_wconf 77' lang='lat' dir='ltr'>fuerant,</span> 
     </span>
     <span class='ocr_line' id='line_1_59' title="bbox 169 3335 2367 3386; baseline -0.003 -12"><span class='ocrx_word' id='word_1_635' title='bbox 169 3342 262 3375; x_wconf 85' lang='lat' dir='ltr'>misit</span> <span class='ocrx_word' id='word_1_636' title='bbox 284 3340 322 3384; x_wconf 81' lang='lat'>23</span> <span class='ocrx_word' id='word_1_637' title='bbox 352 3343 498 3385; x_wconf 83' lang='lat' dir='ltr'>fuerant,</span> <span class='ocrx_word' id='word_1_638' title='bbox 525 3343 660 3376; x_wconf 87' lang='lat' dir='ltr'>miserat</span> <span class='ocrx_word' id='word_1_639' title='bbox 683 3341 716 3376; x_wconf 91' lang='lat'>4.</span> <span class='ocrx_word' id='word_1_640' title='bbox 741 3342 772 3375; x_wconf 91' lang='grc'>5.</span> <span class='ocrx_word' id='word_1_641' title='bbox 890 3341 922 3384; x_wconf 87' lang='lat' dir='ltr'>h)</span> <span class='ocrx_word' id='word_1_642' title='bbox 947 3343 1121 3386; x_wconf 82' lang='lat' dir='ltr'>aripuerat</span> <span class='ocrx_word' id='word_1_643' title='bbox 1148 3341 1177 3375; x_wconf 96' lang='lat'>1.</span> <span class='ocrx_word' id='word_1_644' title='bbox 1203 3341 1234 3375; x_wconf 91' lang='lat'>3.</span> <span class='ocrx_word' id='word_1_645' title='bbox 1353 3340 1376 3383; x_wconf 83' lang='lat' dir='ltr'>i)</span> <span class='ocrx_word' id='word_1_646' title='bbox 1403 3341 1493 3374; x_wconf 76' lang='lat' dir='ltr'>deest</span> <span class='ocrx_word' id='word_1_647' title='bbox 1519 3340 1547 3373; x_wconf 90' lang='lat'>1.</span> <span class='ocrx_word' id='word_1_648' title='bbox 1666 3338 1698 3381; x_wconf 74' lang='lat' dir='ltr'>k)</span> <span class='ocrx_word' id='word_1_649' title='bbox 1724 3339 1903 3371; x_wconf 82' lang='lat' dir='ltr'>affeetebat</span> <span class='ocrx_word' id='word_1_650' title='bbox 1929 3336 1959 3370; x_wconf 88' lang='lat'>3.</span> <span class='ocrx_word' id='word_1_651' title='bbox 2076 3335 2099 3377; x_wconf 87' lang='grc'>1)</span> <span class='ocrx_word' id='word_1_652' title='bbox 2132 3343 2242 3379; x_wconf 69' lang='lat' dir='ltr'>posset</span> <span class='ocrx_word' id='word_1_653' title='bbox 2266 3335 2367 3369; x_wconf 84' lang='lat'>3—5.</span> 
     </span>
     <span class='ocr_line' id='line_1_60' title="bbox 170 3393 2367 3443; baseline -0.003 -11"><span class='ocrx_word' id='word_1_654' title='bbox 170 3399 214 3441; x_wconf 77' lang='lat' dir='ltr'>m)</span> <span class='ocrx_word' id='word_1_655' title='bbox 248 3401 431 3433; x_wconf 83' lang='lat' dir='ltr'>reformare</span> <span class='ocrx_word' id='word_1_656' title='bbox 454 3399 486 3432; x_wconf 89' lang='lat'>4.</span> <span class='ocrx_word' id='word_1_657' title='bbox 512 3400 544 3434; x_wconf 84' lang='lat'>5.</span> <span class='ocrx_word' id='word_1_658' title='bbox 661 3402 696 3443; x_wconf 71' lang='grc' dir='ltr'>ῃ)</span> <span class='ocrx_word' id='word_1_659' title='bbox 725 3405 882 3433; x_wconf 79' lang='lat' dir='ltr'>octavam</span> <span class='ocrx_word' id='word_1_660' title='bbox 906 3401 1066 3433; x_wconf 85' lang='lat' dir='ltr'>sessionis</span> <span class='ocrx_word' id='word_1_661' title='bbox 1091 3400 1238 3433; x_wconf 88' lang='lat' dir='ltr'>secunde</span> <span class='ocrx_word' id='word_1_662' title='bbox 1264 3398 1296 3431; x_wconf 90' lang='lat'>3.</span> <span class='ocrx_word' id='word_1_663' title='bbox 1322 3397 1358 3439; x_wconf 82' lang='lat'>53</span> <span class='ocrx_word' id='word_1_664' title='bbox 1394 3404 1548 3431; x_wconf 81' lang='lat' dir='ltr'>octavam</span> <span class='ocrx_word' id='word_1_665' title='bbox 1575 3398 1684 3430; x_wconf 87' lang='lat' dir='ltr'>dietae</span> <span class='ocrx_word' id='word_1_666' title='bbox 1711 3397 1870 3428; x_wconf 82' lang='lat' dir='ltr'>sessionis</span> <span class='ocrx_word' id='word_1_667' title='bbox 1895 3395 2064 3427; x_wconf 79' lang='lat' dir='ltr'>secundae</span> <span class='ocrx_word' id='word_1_668' title='bbox 2089 3393 2120 3426; x_wconf 81' lang='lat'>4.</span> <span class='ocrx_word' id='word_1_669' title='bbox 2239 3393 2269 3435; x_wconf 75' lang='grc'>0)</span> <span class='ocrx_word' id='word_1_670' title='bbox 2296 3406 2367 3437; x_wconf 81' lang='lat' dir='ltr'>pro-</span> 
     </span>
    </p>
   </div>
   <div class='ocr_carea' id='block_1_17' title="bbox 170 3451 2001 3501">
    <p class='ocr_par' dir='ltr' id='par_1_18' title="bbox 170 3451 2001 3501">
     <span class='ocr_line' id='line_1_61' title="bbox 170 3451 2001 3501; baseline -0.004 -11"><span class='ocrx_word' id='word_1_671' title='bbox 170 3457 322 3501; x_wconf 87' lang='lat' dir='ltr'>longavit</span> <span class='ocrx_word' id='word_1_672' title='bbox 344 3457 376 3491; x_wconf 88' lang='lat'>3.</span> <span class='ocrx_word' id='word_1_673' title='bbox 399 3457 431 3491; x_wconf 88' lang='lat'>4.</span> <span class='ocrx_word' id='word_1_674' title='bbox 548 3458 582 3500; x_wconf 86' lang='lat' dir='ltr'>P)</span> <span class='ocrx_word' id='word_1_675' title='bbox 608 3458 701 3491; x_wconf 87' lang='lat' dir='ltr'>missi</span> <span class='ocrx_word' id='word_1_676' title='bbox 725 3457 763 3498; x_wconf 76' lang='lat'>33</span> <span class='ocrx_word' id='word_1_677' title='bbox 789 3458 909 3491; x_wconf 88' lang='lat' dir='ltr'>missos</span> <span class='ocrx_word' id='word_1_678' title='bbox 925 3456 964 3499; x_wconf 86' lang='lat'>4;</span> <span class='ocrx_word' id='word_1_679' title='bbox 991 3458 1080 3490; x_wconf 76' lang='lat' dir='ltr'>deest</span> <span class='ocrx_word' id='word_1_680' title='bbox 1105 3458 1137 3491; x_wconf 88' lang='lat'>5.</span> <span class='ocrx_word' id='word_1_681' title='bbox 1255 3457 1288 3498; x_wconf 76' lang='lat'>(1)</span> <span class='ocrx_word' id='word_1_682' title='bbox 1312 3456 1559 3489; x_wconf 83' lang='lat' dir='ltr'>dubitationem</span> <span class='ocrx_word' id='word_1_683' title='bbox 1584 3454 1684 3488; x_wconf 85' lang='grc'><strong>3-5.</strong></span> <span class='ocrx_word' id='word_1_684' title='bbox 1802 3455 1829 3494; x_wconf 70' lang='grc' dir='ltr'>ι“)</span> <span class='ocrx_word' id='word_1_685' title='bbox 1856 3453 1946 3485; x_wconf 68' lang='lat' dir='ltr'>deest</span> <span class='ocrx_word' id='word_1_686' title='bbox 1970 3451 2001 3484; x_wconf 88' lang='lat'>3.</span> 
     </span>
    </p>
   </div>
   <div class='ocr_carea' id='block_1_18' title="bbox 173 3564 2365 3672">
    <p class='ocr_par' dir='ltr' id='par_1_19' title="bbox 173 3564 2365 3672">
     <span class='ocr_line' id='line_1_62' title="bbox 310 3564 2365 3615; baseline -0.005 -10"><span class='ocrx_word' id='word_1_687' title='bbox 310 3571 345 3615; x_wconf 94' lang='lat'>1)</span> <span class='ocrx_word' id='word_1_688' title='bbox 374 3570 546 3605; x_wconf 66' lang='lat' dir='ltr'>Fortasse</span> <span class='ocrx_word' id='word_1_689' title='bbox 570 3571 686 3604; x_wconf 71' lang='lat' dir='ltr'>matio</span> <span class='ocrx_word' id='word_1_690' title='bbox 716 3571 826 3605; x_wconf 73' lang='lat' dir='ltr'>huius</span> <span class='ocrx_word' id='word_1_691' title='bbox 849 3570 1105 3614; x_wconf 73' lang='lat' dir='ltr'>archiepiscopi</span> <span class='ocrx_word' id='word_1_692' title='bbox 1132 3569 1325 3613; x_wconf 75' lang='lat' dir='ltr'>Hl-spcmici</span> <span class='ocrx_word' id='word_1_693' title='bbox 1350 3572 1398 3602; x_wconf 74' lang='lat' dir='ltr'>est</span> <span class='ocrx_word' id='word_1_694' title='bbox 1423 3579 1474 3611; x_wconf 76' lang='lat' dir='ltr'>cu,</span> <span class='ocrx_word' id='word_1_695' title='bbox 1507 3579 1611 3612; x_wconf 72' lang='lat' dir='ltr'>quam</span> <span class='ocrx_word' id='word_1_696' title='bbox 1637 3579 1653 3601; x_wconf 80' lang='lat' dir='ltr'>e</span> <span class='ocrx_word' id='word_1_697' title='bbox 1679 3566 1791 3601; x_wconf 78' lang='lat' dir='ltr'>codice</span> <span class='ocrx_word' id='word_1_698' title='bbox 1817 3565 1990 3600; x_wconf 71' lang='lat' dir='ltr'>Vaticano</span> <span class='ocrx_word' id='word_1_699' title='bbox 2016 3564 2131 3598; x_wconf 69' lang='lat' dir='ltr'>Palat.</span> <span class='ocrx_word' id='word_1_700' title='bbox 2155 3566 2220 3597; x_wconf 76' lang='lat'>953</span> <span class='ocrx_word' id='word_1_701' title='bbox 2249 3574 2299 3595; x_wconf 77' lang='lat' dir='ltr'>nr.</span> <span class='ocrx_word' id='word_1_702' title='bbox 2319 3568 2365 3596; x_wconf 75' lang='lat'>47</span> 
     </span>
     <span class='ocr_line' id='line_1_63' title="bbox 173 3626 1334 3672; baseline -0.002 -10"><span class='ocrx_word' id='word_1_703' title='bbox 173 3626 279 3662; x_wconf 74' lang='lat' dir='ltr'>edidit</span> <span class='ocrx_word' id='word_1_704' title='bbox 303 3627 555 3662; x_wconf 73' lang='lat' dir='ltr'>lVinkelmmm</span> <span class='ocrx_word' id='word_1_705' title='bbox 580 3628 683 3662; x_wconf 79' lang='lat' dir='ltr'>‘Acta</span> <span class='ocrx_word' id='word_1_706' title='bbox 707 3628 847 3672; x_wconf 75' lang='lat' dir='ltr'>imperii</span> <span class='ocrx_word' id='word_1_707' title='bbox 873 3627 1020 3662; x_wconf 70' lang='lat' dir='ltr'>inedita&#39;</span> <span class='ocrx_word' id='word_1_708' title='bbox 1045 3627 1075 3669; x_wconf 88' lang='lat' dir='ltr'>I,</span> <span class='ocrx_word' id='word_1_709' title='bbox 1092 3631 1158 3662; x_wconf 74' lang='grc'>568</span> <span class='ocrx_word' id='word_1_710' title='bbox 1184 3637 1238 3660; x_wconf 66' lang='grc' dir='ltr'>ην.</span> <span class='ocrx_word' id='word_1_711' title='bbox 1263 3630 1334 3660; x_wconf 79' lang='grc'>723.</span> 
     </span>
    </p>
   </div>
   <div class='ocr_carea' id='block_1_19' title="bbox 2029 3741 2100 3774">
    <p class='ocr_par' dir='ltr' id='par_1_20' title="bbox 2029 3741 2100 3774">
     <span class='ocr_line' id='line_1_64' title="bbox 2029 3741 2100 3774; baseline 0 0"><span class='ocrx_word' id='word_1_712' title='bbox 2029 3741 2100 3774; x_wconf 67' lang='lat'>65²⁶</span> 
     </span>
    </p>
   </div>
   <div class='ocr_carea' id='block_1_20' title="bbox 2401 702 2498 729">
    <p class='ocr_par' dir='ltr' id='par_1_21' title="bbox 2401 702 2498 729">
     <span class='ocr_line' id='line_1_65' title="bbox 2401 702 2498 729; baseline -0.01 -2"><span class='ocrx_word' id='word_1_713' title='bbox 2401 702 2451 729; x_wconf 77' lang='lat' dir='ltr'>lul.</span> <span class='ocrx_word' id='word_1_714' title='bbox 2475 706 2498 727; x_wconf 87' lang='grc' dir='ltr'>.ἰ.</span> 
     </span>
    </p>
   </div>
   <div class='ocr_carea' id='block_1_21' title="bbox 2400 2225 2516 2252">
    <p class='ocr_par' dir='ltr' id='par_1_22' title="bbox 2400 2225 2516 2252">
     <span class='ocr_line' id='line_1_66' title="bbox 2400 2225 2516 2252; baseline -0.009 -3"><span class='ocrx_word' id='word_1_715' title='bbox 2400 2225 2454 2251; x_wconf 87' lang='lat' dir='ltr'>lul.</span> <span class='ocrx_word' id='word_1_716' title='bbox 2478 2228 2516 2252; x_wconf 81' lang='lat'>17.</span> 
     </span>
    </p>
   </div>
  </div>
 </body>
</html>
