2558 3970
62 1097 92 1121 10

62 1512 92 1536 15

59 1858 92 1883 20

62 2205 94 2230 25

62 2556 95 2580 30

60 2902 92 2927 35

62 3246 96 3271 40

65 3641 98 3666 45

580 205 984 241 CONFossblcuA'l'lo
1012 205 1145 240 PACls
1175 204 1419 240 quNANA.
1475 207 1570 240 1255.
1623 206 1682 240 ΝΥ.
1705 206 1782 240 431».
1807 206 1883 241 431.
2249 210 2324 248 591

132 322 300 377 plenius
344 321 629 363 continentur.
703 320 797 362 I‘Iee
843 321 986 361 omnia
1028 326 1070 361 et
1114 322 1284 374 singula
1327 323 1514 363 fideliter
1556 322 1884 363 observabimus
1931 327 1973 363 et
2019 323 2334 379 eomplehiums

130 395 282 432 contra
314 391 552 446 quemlibet
596 390 835 435 hominem,
875 390 1046 431 domino
1081 395 1226 430 nostro
1261 391 1331 431 W.
1366 406 1468 445 rege
1504 391 1795 432 Romanorum
1831 392 1987 432 illustri
2023 398 2066 433 ct
2100 391 2334 433 venerabili

131 464 252 515 patre
277 459 449 501 domino
474 465 623 501 nostro
658 493 666 502 .
692 493 700 501 .
734 459 1064 514 archiepiscopo
1090 459 1338 500 Coloniensi
1364 460 1592 500 dumtaxat
1616 461 1829 514 exeeptis,
1863 475 1970 515 quos
1997 461 2036 501 in
2061 461 2140 501 hoe
2165 461 2332 516 specia-

129 529 225 569 liter
257 529 454 569 volumus
500 529 725 570 honorare.
795 529 838 569 Si
885 532 1030 569 autem
1070 528 1146 583 ipsi
1188 543 1293 583 pace
1336 529 1577 569 huiusmodi
1618 544 1699 569 non
1735 536 1905 570 servata
1951 530 2075 570 nobis
2111 531 2177 571 vel
2214 530 2334 570 vohis

127 597 241 652 quod
285 597 396 639 absit
440 597 619 638 iniurias
652 597 720 637 vel
767 597 985 638 molestias
1026 597 1287 651 irrogarent.
1334 612 1409 638 nos
1448 597 1499 638 ad
1547 598 1912 653 propulsationem
1949 599 2043 639 talis
2078 599 2231 639 iniuric
2267 599 2334 640 vel

128 666 334 708 violentie
369 670 519 708 eontra
553 666 668 721 ipsos
703 670 908 721 quantum
941 666 1182 720 poterimus
1215 680 1499 721 opponemus.
1568 667 1613 707 ln
1648 667 1941 722 predictorum
1978 668 2267 708 testimonimn
2294 673 2335 707 et

128 736 376 777 firmitatem
420 749 646 776 commune
689 735 877 789 sigillum
920 735 1106 776 civitatis
1139 734 1413 776 Coloniensis
1450 736 1722 791 presentibus
1756 736 1956 777 (luximus
1991 737 2337 791 apperidendum.

272 804 432 846 Actum
478 809 521 846 et
565 803 714 845 datum
758 804 958 849 Colonie,
1009 818 1120 844 anno
1165 803 1340 845 Domini
1381 805 1613 846 millesimo
1656 806 1727 846 (jc
1769 806 2125 860 ‹piinquagesimo
2168 812 2335 861 quarto.

129 874 319 916 crastino
352 878 506 916 octave
540 873 786 930 epyphanie
820 873 1006 915 Domini.

221 1080 693 1125 431.S('1311³1UM
725 1082 1107 1124 Moe'IJNJINI
1105 1081 1319 1123 'Nsw'll
1354 1081 1441 1122 AI)
1487 1081 1815 1123 (¹11⁷JT1'1'2'15
1851 1082 1926 1124 W!
1926 1082 2070 1124 §ST‘LI
2072 1083 2255 1125 11111

857 1151 1393 1193 Dlltll('JUM.1›:3:3.
1428 1152 1526 1192 Iun.
1548 1156 1617 1194 ·),Ἰ

274 1232 345 1274 Lib·
381 1233 638 1287 aulonrupleo
681 1234 724 1274 ln
761 1233 976 1274 labetlmto
1007 1233 1189 1273 ‹wi'tates
1225 1233 1485 1274 (s'olonienszs
1521 1236 1732 1273 asnar-talo
1774 1248 1836 1274 ier.
1858 1236 1940 1274 „2²11
1973 1232 2083 1273 ‹lmlc‘l
2116 1232 2339 1278 Srlaeecalm;

125 1302 275 1356 pendet
306 1303 493 1356 siyc'llum,
524 1303 682 1343 laesam
705 1303 797 1343 lora
820 1302 1147 1344 ›mmm-muman.
1201 1302 1272 1342 latt-
1293 1302 1427 1343 eodem
1451 1302 1579 1342 edidit
1604 1302 1755 1342 linum
1790 1302 1979 1354 ‘Qucllen
2000 1316 2076 1342 seo·
2103 1301 2339 1341 (ivs-cleirltle

130 1371 204 1413 der
235 1372 359 1414 Stude
389 1372 518 1413 Ko'ln'
551 1372 617 1422 II,
641 1374 725 1413 354
758 1385 826 1414 nr.
848 1374 947 1414 3555.
981 1397 1034 1401 —
1066 1371 1262 1422 Βόήηισν,
1295 1371 1395 1425 It'cy.
1432 1372 1527 1423 imp.
1557 1370 1600 1421 V,
1620 1374 1772 1413 117111.
1962 1370 2031 1422 (Ι).
2056 1371 2198 1419 (locst.)

274 1497 553 1540 Honorandis
588 1499 689 1539 viris
724 1503 767 1539 et
798 1498 997 1539 diseretis
1032 1530 1074 1538 ..
1109 1497 1444 1547 Susatensibus,
1479 1496 1900 1538 Monasteriensibus
1934 1512 1983 1538 ao
2018 1496 2199 1537 aliarum
2234 1496 2338 1536 civi-

129 1571 265 1608 tatum
299 1568 341 1608 in
363 1566 600 1609 NVestfalia
633 1567 797 1609 civibus
832 1567 1041 1608 universis
1076 1567 1149 1608 Ar.
1175 1567 1455 1617 camerarius,
1489 1566 1536 1606 1⁴¹.
1562 1566 1789 1610 scultetus,
1825 1566 2003 1617 iudices,
2038 1566 2262 1606 eonsilium
2294 1571 2336 1606 et

129 1636 321 1678 universi
355 1637 471 1679 cives
505 1636 776 1692 Maguutini³
807 1651 903 1679 cum
937 1636 1177 1678 dileccione
1222 1637 1393 1678 sincera
1427 1636 1716 1677 voluntarium
1749 1635 2007 1690 obsequium
2041 1640 2084 1677 et
2119 1636 2336 1677 honorem.

272 1705 453 1748 Noverit
486 1711 630 1748 vestra
662 1707 865 1758 dileccio‚
899 1721 1051 1762 pacem
1087 1710 1129 1747 et
1164 1711 1340 1761 treugas
1375 1706 1487 1746 inter
1521 1705 1688 1746 nobiles
1722 1721 1771 1746 ae
1805 1705 2004 1746 civitates
2040 1719 2171 1760 super
2203 1719 2335 1759 gene-

128 1775 231 1816 ralis
271 1776 390 1830 pacis
434 1776 742 1818 observacione
782 1776 836 1818 ad
879 1777 993 1818 diem
1037 1777 1257 1831 generalis
1298 1775 1503 1831 colloquii
1544 1789 1681 1831 nuper
1723 1776 1764 1816 in
1797 1775 1865 1816 die
1908 1775 2128 1816 beatorum
2164 1780 2336 1829 aposto-

128 1845 267 1886 lorum
299 1844 418 1886 Petri
452 1850 498 1886 et
528 1845 655 1887 Pauli
689 1846 731 1886 in
764 1845 999 1901 Maguncia
1032 1845 1237 1886 celebrati
1255 1847 1281 1897 ¹,
1316 1845 1385 1886 cui
1419 1849 1463 1886 et
1494 1859 1570 1885 vos
1605 1845 1877 1896 interfuistis,
1911 1845 2132 1886 ordinatas
2166 1860 2261 1885 esse
2298 1845 2338 1884 iu

131 1915 245 1955 hune
286 1914 481 1956 modum:
546 1914 609 1970 (l)
643 1915 709 1956 Ita
741 1914 856 1970 quod
889 1916 971 1971 ipsi
1006 1915 1165 1956 domini
1199 1930 1248 1956 ae
1282 1915 1450 1956 nobiles
1486 1928 1622 1969 usquc
1658 1913 1711 1955 ad
1745 1915 1902 1955 festum
1937 1915 2110 1955 Martini
2145 1914 2338 1970 proxime

128 1998 240 2025 nune
274 1988 500 2025 venturum
533 1984 673 2026 medio
706 1989 899 2040 tempore
933 2000 958 2026 a
992 1985 1114 2026 bonis
1138 1985 1440 2031 ecclesiarum.
1474 1985 1784 2039 cuiuscumque
1812 1984 1969 2025 fuerint
1992 1984 2227 2038 religionis,
2263 1998 2339 2024 seu

129 2068 154 2095 a
185 2053 308 2096 bonis
341 2054 497 2095 civium
531 2055 671 2095 nullas
705 2055 880 2096 omnino
914 2055 1173 2096 exacciones
1208 2056 1275 2095 vel
1309 2054 1531 2109 precarias
1566 2058 1641 2094 aut
1665 2068 1825 2095 census
1860 2054 2077 2096 indebitos
2103 2058 2338 2108 extorque-

129 2123 248 2175 bunt,
282 2124 364 2164 nisi
397 2124 695 2166 tantummodo
729 2139 793 2176 ca,
827 2139 910 2180 que
945 2124 1110 2166 scabini
1143 2128 1185 2165 et
1210 2123 1358 2165 villani
1390 2124 1463 2179 qui
1496 2123 1718 2165 hubcnerc
1744 2128 1954 2165 vocantur
1977 2123 2056 2164 sub
2093 2123 2337 2164 iuramento

135 2198 178 2235 et
209 2194 350 2235 banno
385 2194 489 2250 ipsis
523 2194 708 2236 dominis
741 2194 999 2236 dictaverint
1030 2193 1083 2236 de
1117 2194 1289 2235 iusticia
1321 2208 1419 2236 esse
1454 2193 1608 2235 danda.
1729 2193 1796 2249 (2)
1830 2193 1939 2235 Item
1974 2193 2157 2234 villanos
2192 2207 2339 2233 corum

131 2278 207 2319 pro
240 2278 313 2315 eo,
347 2263 459 2320 quod
492 2278 588 2306 cum
622 2265 869 2306 civitatibus
901 2264 984 2305 sibi
1018 2264 1168 2305 vicinis
1201 2278 1355 2320 pacem
1388 2264 1661 2315 iuraverunt,
1704 2263 1746 2304 in
1779 2264 1896 2304 nullo
1930 2263 2101 2318 penitus
2134 2263 2338 2304 molesta-

131 2333 237 2374 bunt
274 2333 341 2374 vel
384 2333 648 2388 gravabunt;
692 2334 795 2375 dieti
834 2348 937 2376 vero
970 2334 1117 2375 villani
1151 2333 1338 2375 dominis
1380 2334 1468 2375 suis
1509 2332 1684 2374 servitia
1724 2333 1907 2384 facient,
1951 2332 2189 2374 seeundum
2229 2333 2341 2388 quod

130 2403 236 2458 ipsis
275 2407 319 2444 et
355 2404 707 2446 antecessoribus
748 2405 836 2445 suis
880 2408 980 2445 ante
1023 2403 1312 2459 quadraginta
1345 2403 1416 2444 vel
1457 2402 1770 2458 quinquaginta
1801 2417 1935 2443 annos
1978 2403 2122 2443 facere
2157 2417 2339 2443 consue-

130 2477 296 2515 verunt.
417 2473 480 2528 (3)
513 2473 626 2515 Item
659 2474 918 2529 quicumque
960 2488 1016 2515 ex
1048 2473 1149 2528 ipsis
1184 2472 1353 2513 villanis
1395 2472 1539 2513 medio
1580 2477 1775 2527 tempore
1809 2471 1861 2512 ad
1895 2471 2082 2526 aliquam
2118 2472 2339 2513 civitatem

133 2543 352 2598 personali
392 2542 634 2585 resideneia
666 2543 851 2585 voluerit
891 2557 937 2584 se
978 2543 1234 2593 transferre,
1276 2541 1411 2596 recipi
1451 2541 1612 2596 poterit
1644 2541 1697 2581 ab
1731 2540 1883 2582 eadem
1918 2541 2008 2582 iure
2043 2541 2230 2581 civitatis
2265 2556 2341 2596 per

131 2612 278 2653 onmia
314 2612 541 2662 fruiturus,
584 2626 664 2654 nec
707 2611 866 2654 exinde
908 2626 994 2668 pax
1036 2611 1296 2652 iudicabitur
1328 2610 1502 2652 violata.
1566 2610 1611 2652 Si
1644 2624 1746 2652 vero
1778 2610 1935 2665 aliquis
1969 2610 2169 2665 proprius
2202 2610 2340 2651 dictas

131 2682 330 2724 civitates
367 2682 421 2724 ad
452 2681 714 2724 manendum
747 2682 984 2732 intraverit,
1021 2681 1193 2722 domino
1228 2681 1364 2736 ipsius
1399 2694 1498 2722 eum
1532 2680 1768 2735 requirenti
1801 2678 2038 2720 seeundum
2071 2678 2137 2719 ius
2171 2683 2215 2720 et
2238 2694 2339 2720 eon-

130 2751 401 2793 suetudinem
435 2751 659 2793 civitatum
699 2751 923 2807 hucusque
957 2752 1235 2793 observatam
1267 2764 1344 2806 per
1378 2750 1522 2791 omnia
1556 2750 1751 2791 satisfiet.
1873 2748 1936 2803 (4)
1972 2748 2081 2789 Item
2116 2749 2232 2789 cives
2268 2750 2340 2803 qui

131 2819 331 2861 dicuntur
361 2821 623 2876 palburgere
655 2820 708 2862 de
742 2825 887 2862 cetero
921 2821 1062 2861 nullos
1095 2819 1367 2861 habebimus.
1489 2818 1555 2874 (5)
1589 2818 1701 2860 Item
1735 2819 1778 2859 in
1802 2818 2002 2860 omnibus
2027 2823 2070 2859 ct
2101 2833 2177 2873 per
2199 2819 2340 2860 omnia

130 2889 268 2931 forma
308 2891 525 2944 generalis
571 2891 689 2946 pacis
729 2891 870 2931 iurata
911 2890 953 2931 in
998 2893 1115 2931 terra
1156 2893 1200 2931 et
1239 2889 1284 2930 in
1324 2889 1448 2944 aquis
1491 2888 1545 2930 ab
1587 2888 1786 2929 omnibus
1832 2888 2159 2929 conservabitur
2199 2888 2341 2929 medio

130 2962 325 3015 tempore
357 2959 530 3014 integra
562 2963 606 3001 et
635 2959 776 3002 illesa.
840 2958 886 3000 Si
918 2972 1022 3000 vero
1054 2958 1195 3000 medio
1229 2962 1425 3014 tempore
1449 2958 1651 2999 civitates
1675 2972 1774 2998 suos
1807 2957 2096 3007 iniuriatores,
2129 2957 2341 3012 predones

131 3033 174 3070 et
206 3028 325 3083 pacis
357 3028 601 3070 turbatores
634 3028 793 3070 debitis
819 3028 1076 3069 vincdietisb
1109 3028 1270 3070 fuerint
1300 3027 1531 3083 prosecuti,
1565 3041 1718 3083 pacem
1742 3026 1929 3068 violasse
1963 3040 2018 3067 ex
2051 3025 2133 3066 hoe
2165 3026 2340 3068 minime

132 3097 436 3140 censebuntur.
557 3098 621 3152 (6)
653 3098 765 3140 Item
799 3098 854 3139 ad
876 3097 1130 3153 vgeneralem
1162 3111 1314 3154 pacem
1338 3097 1391 3139 de
1417 3110 1633 3139 consensu
1662 3099 1856 3152 parcium
1881 3099 1949 3138 cst
1972 3099 2195 3147 statutum,
2228 3095 2341 3149 quod

131 3166 332 3209 dominus
374 3171 524 3210 noster
563 3182 642 3209 rex
678 3169 722 3208 in
755 3182 831 3209 suo
866 3167 1056 3209 adventu
1089 3182 1146 3209 ex
1177 3167 1281 3223 ipsis
1315 3167 1498 3208 dominis
1531 3170 1575 3208 et
1607 3165 1824 3206 nobilibus
1858 3165 1992 3220 eliget
2024 3169 2142 3216 octo,
2187 3165 2341 3220 quibus

132 3240 229 3278 octo
270 3236 324 3279 de
369 3237 583 3278 universis
628 3237 875 3279 civitatibus
916 3235 1219 3291 adiungentur,
1265 3237 1337 3292 qui
1369 3235 1559 3277 sedecim
1598 3234 1816 3276 mediante
1851 3233 2026 3275 domino
2060 3238 2204 3275 nostro
2239 3248 2341 3289 rege

132 3320 198 3358 ea,
238 3320 322 3361 que
363 3307 616 3361 generalem
655 3321 809 3362 pacem
850 3306 1058 3347 roborare
1102 3320 1152 3347 ac
1198 3305 1406 3361 perficere
1440 3304 1715 3355 videbuntur,
1760 3307 1978 3345 annuente
2017 3302 2164 3344 divina
2201 3304 2343 3358 gratia

132 3374 404 3417 concorditer
435 3375 710 3418 ordinabunt.
772 3375 963 3423 Quorum
1003 3374 1305 3416 ordinaciones
1338 3378 1382 3416 et
1423 3378 1587 3416 statuta
1619 3387 1698 3429 per
1730 3372 1876 3414 omnia
1911 3376 2010 3412 sunt
2040 3371 2343 3412 immobiliterc

133 3443 421 3487 observanda.
542 3445 592 3485 In
623 3445 777 3486 horum
810 3443 1107 3486 testimonium
1130 3457 1180 3485 ac
1204 3443 1396 3485 debitam
1430 3443 1679 3484 firmitatem
1708 3440 1891 3497 predicti
1917 3440 2078 3482 domini
2102 3454 2151 3481 ae
2175 3440 2342 3482 nobiles

133 3513 351 3569 presentis
375 3514 524 3569 scripti
548 3518 745 3556 tenorem
768 3513 894 3555 nobis
918 3513 1123 3555 traditum
1147 3513 1387 3568 sigillorum
1411 3526 1584 3554 suorum
1608 3511 1846 3552 munimine
1870 3509 2142 3558 roborarunt;
2175 3523 2341 3566 nosque

272 3626 360 3664 431.
399 3627 430 3673 a)
456 3631 608 3673 Magunf
623 3642 674 3664 or.
803 3629 836 3670 b)
861 3631 907 3663 sic
932 3641 982 3662 or.
1106 3628 1136 3671 G)
1162 3619 1306 3662 imoffiit'
1333 3640 1383 3662 or.

276 3733 309 3775 1)
336 3730 391 3774 Cf.
416 3741 530 3784 supra
552 3742 609 3766 ην.
627 3736 694 3767 428
716 3739 779 3767 III.

2362 1863 2423 1886 lun.
2440 1862 2482 1887 ἓξ).

2361 1931 2493 1957 Naxum.
