2558 3970
104 912 136 935 10

102 1263 131 1287 15

99 1604 132 1631 20

95 1953 127 1979 25

95 2301 128 2326 30

95 2647 126 2673 ³5

93 2995 127 3020 40

92 3339 124 3365 45

709 162 952 199 FRIDERICI
980 164 1022 198 11.
1050 163 1484 203 CONSTITUTIONES.
1537 169 1634 203 1244.
1687 170 1747 205 Nr.
1766 170 1842 205 252.
2301 176 2375 214 351

177 282 220 320 et
252 278 452 334 Regnum
485 279 756 320 intraremus.
820 280 1068 336 Optulimus
1103 288 1279 335 tamen',
1314 286 1347 325 si
1373 284 1571 326 (lominus
1597 301 1706 341 papa
1733 288 1771 327 in
1798 287 2081 341 Campaniam
2109 288 2167 328 ire
2196 288 2381 329 voluerit

176 351 218 388 et
250 346 307 387 ibi
339 348 517 398 morari,
551 347 650 388 dum
683 348 877 403 predicta
910 350 1053 391 omnia
1085 351 1360 393 declarentur
1393 358 1436 394 et
1469 354 1690 396 absolucio
1726 356 2029 410 subsequatur.
2065 361 2231 411 partem
2265 364 2378 398 terre

174 416 403 457 restituere
437 416 489 458 de
523 430 606 471 qua
639 423 780 458 actum
816 425 903 465 est;
936 428 982 459 ut
1015 424 1158 461 tamen
1193 421 1317 461 nobis
1351 429 1591 473 caveretur,
1627 424 1737 478 quod
1772 425 1971 465 dominus
2006 439 2116 480 papa
2143 440 2220 480 per
2242 441 2285 465 sc
2311 426 2377 466 vel

173 498 251 540 per
283 484 414 525 alium
449 498 531 526 non
564 493 765 540 procuret
798 487 864 528 vel
899 489 1116 543 procurari
1152 490 1424 544 permitteret
1447 497 1521 531 aut
1545 493 1681 532 eciam
1707 493 1796 533 sine
1830 495 2139 548 procuracione
2166 496 2377 550 reciperet

173 558 329 596 terram
377 554 564 610 aliquam
612 569 686 596 seu
734 570 961 610 personam
1006 571 1030 598 a
1078 557 1285 598 fidelitate
1332 564 1478 599 nostra
1522 560 1739 602 divertere
1783 568 1824 602 et
1868 561 1920 602 ad
1967 563 2195 603 ecclesiam
2238 564 2377 605 redire

173 623 387 664 volentem
421 636 557 678 usque
588 623 640 664 ad
679 623 902 666 Kalendas
937 625 1086 666 Marcii
1120 627 1258 681 primo
1293 628 1474 669 futuras.
1529 629 1774 684 Optulimus
1800 631 1952 673 eciam.
1987 631 2096 686 quod
2123 633 2157 673 si
2181 632 2376 674 dominus

172 707 285 748 papa
316 693 502 734 voluerit
542 693 583 733 in
618 693 900 750 Campaniam
935 695 1014 740 ire,
1059 709 1139 736 non
1184 701 1361 750 recepta
1395 703 1516 751 parto
1559 704 1670 738 terre
1704 699 1758 739 dc
1792 714 1875 753 qua
1909 701 2061 754 agitur.
2107 716 2182 741 nos
2216 703 2375 743 cessari

173 763 412 803 faceremus
446 778 468 803 a
498 776 667 817 guerra,
702 776 784 818 que
809 764 854 804 fit
877 763 1066 804 alicubiu
1098 769 1249 805 contra
1272 770 1430 806 terram
1455 780 1581 820 quam
1613 768 1796 808 ecclesia
1820 774 1953 809 tenet.
2009 769 2187 824 Propter
2211 777 2375 812 tantum

172 831 331 872 bonum
373 832 506 872 eciam
551 832 935 874 consummandum
980 833 1033 874 ad
1074 834 1197 888 plura
1237 833 1565 886 descendimus,
1607 836 1661 876 ad
1701 851 1782 891 que
1826 837 2070 878 nullomodo
2112 838 2376 880 descendero

174 899 471 951 credebamus,
506 900 713 942 videlicet
745 901 883 957 quodv
917 915 1047 957 super
1080 903 1192 943 facto
1215 901 1571 950 Lombardorum,
1608 906 1785 946 retentis
1820 906 2034 961 prioribus
2069 908 2214 948 formis
2249 923 2378 963 super

173 969 473 1012 declaracione
507 970 705 1012 facienda
739 972 777 1012 in
813 973 910 1013 aliis
944 972 1145 1028 capitulis
1179 986 1261 1027 que
1296 973 1337 1013 in
1370 973 1506 1014 forma
1529 974 1650 1029 pacis
1674 974 1957 1016 devenerunt.
1990 976 2022 1016 si
2047 976 2242 1017 dominus
2266 992 2376 1033 papa

174 1039 442 1081 committere
475 1039 692 1081 volueritw
733 1046 868 1082 totum
909 1043 1138 1096 negocium
1180 1042 1470 1083 absolucionis
1504 1043 1736 1084 Portuensi
1784 1049 1826 1085 et
1859 1045 2101 1086 Albanensi
2149 1047 2376 1102 episcopis.

171 1122 247 1149 nos
287 1108 496 1150 stabimus
535 1108 649 1150 dicto
691 1114 732 1150 et
765 1110 1053 1152 declaracioni
1097 1112 1302 1167 ipsorum.
1366 1112 1505 1167 Super
1539 1111 1842 1154 declaracione
1877 1114 2077 1155 facienda
2110 1129 2238 1170 super
2272 1116 2376 1157 iure.

171 1176 283 1232 quod
316 1176 526 1218 habemus
558 1178 599 1219 in
633 1183 747 1220 terra
781 1180 987 1229 ecclesie,
1028 1181 1257 1236 petivimus
1291 1195 1497 1236 expresse
1531 1183 1711 1237 apponi:
1756 1182 1808 1224 de
1843 1184 2059 1235 exercitu,
2095 1185 2376 1240 parlamento,

173 1246 408 1297 cavalcata,
442 1246 618 1288 fodoro¹
652 1253 694 1290 et
725 1249 1058 1304 procuracione;
1093 1255 1166 1290 aut
1199 1250 1233 1290 si
1266 1249 1462 1305 predicta
1491 1252 1730 1306 expressim
1756 1251 1986 1307 designare
2012 1254 2242 1303 noluerint,
2277 1269 2375 1296 con-

170 1316 279 1357 tenti
312 1331 481 1367 sumus,
524 1317 636 1372 quod
671 1324 901 1359 serventur
933 1318 1055 1359 nobis
1099 1333 1149 1360 ea
1193 1320 1337 1360 omnia
1378 1333 1460 1375 que
1504 1320 1721 1376 principes
1762 1322 1929 1376 imperii
1970 1322 2130 1363 habent
2174 1325 2213 1363 in
2250 1325 2376 1365 terris

168 1386 449 1427 ecclesiarum
492 1400 671 1441 quarum
716 1387 798 1442 ipsi
844 1392 942 1429 sunt
983 1387 1199 1435 advocati;
1244 1394 1286 1430 et
1321 1403 1452 1444 super
1495 1389 1574 1430 hoc
1608 1391 1819 1432 stabimus
1854 1392 2100 1433 testimonio
2136 1393 2374 1448 principum

171 1455 478 1511 predictorum.
600 1456 692 1511 (19)
732 1456 903 1498 Deinde
937 1472 1033 1498 cuin
1067 1457 1120 1499 ad
1160 1457 1482 1513 procedendum
1517 1473 1649 1514 super
1681 1459 1827 1501 formis
1863 1461 2066 1516 predictis
2101 1462 2265 1503 nobiles
2301 1463 2373 1503 viri

168 1525 402 1581 imperator
449 1524 998 1581 Constantinopolitanusv,
1043 1541 1189 1568 comes
1233 1527 1508 1569 Tholosanus
1551 1534 1592 1570 et
1641 1530 1833 1584 magistri
1873 1530 2027 1572 Petrus
2069 1531 2122 1572 de
2155 1531 2295 1573 Vinea
2335 1540 2376 1573 et

171 1593 404 1636 Thaddeus
437 1594 490 1636 de
524 1595 688 1636 Suessa
720 1601 817 1651 post
850 1596 1130 1638 collacionem
1165 1611 1296 1652 super
1329 1598 1389 1638 eis
1421 1611 1518 1639 eum
1540 1598 1709 1639 domino
1736 1614 1847 1655 papa
1873 1604 1915 1641 et
1939 1600 2142 1641 fratribus
2168 1601 2374 1642 habitam.

169 1663 310 1704 vocati
343 1677 419 1720 per
450 1665 683 1719 magistros
708 1664 936 1706 Oddonem
959 1665 1247 1707 Portuensem
1273 1671 1316 1707 et
1338 1665 1515 1708 Petrum
1542 1667 1839 1709 Albanensem
1865 1669 2092 1724 episcopos
2117 1669 2375 1711 cardinales.

169 1732 223 1774 ad
257 1733 419 1775 curiam
453 1734 786 1790 processissent,
820 1748 917 1775 eum
951 1740 1049 1790 post
1083 1735 1278 1776 diversos
1311 1739 1525 1777 tractatus
1560 1751 1691 1793 super
1722 1738 2001 1779 restitucione
2034 1740 2168 1793 partis
2192 1744 2306 1780 terre
2330 1746 2375 1780 ut

167 1801 407 1858 predictum
449 1808 515 1844 est
557 1808 624 1844 etz
663 1818 869 1858 processu
914 1819 1025 1860 pape
1068 1806 1107 1846 in
1143 1804 1424 1861 Campaniam
1460 1807 1786 1849 convenissent.
1831 1807 1931 1849 data
1968 1807 2173 1863 predictis
2206 1810 2374 1849 nunciis

166 1872 290 1913 firma
323 1871 478 1914 fiducia
511 1872 594 1914 dev
627 1873 780 1914 summi
813 1874 1046 1929 pontificis,
1092 1889 1187 1915 cum
1223 1889 1304 1930 quo
1338 1875 1579 1916 cardinales
1612 1877 1796 1932 predicti
1830 1877 1883 1918 de
1917 1878 2055 1918 forma
2088 1879 2182 1933 ipsa
2215 1884 2371 1919 tracta-

168 1946 338 1989 verant,
384 1942 643 1991 voluntatev,
691 1943 863 1984 tandem
903 1958 1061 1999 papam
1095 1945 1287 1986 variasse
1320 1945 1546 1986 consilium
1590 1946 1904 2001 responderunt
1939 1952 1979 1988 et
2019 1947 2059 1987 in
2095 1946 2373 2003 Campaniam

166 2012 306 2067 ipsum
338 2011 572 2067 procedere
607 2014 719 2054 nolle
755 2013 969 2054 dixerunt.
1033 2014 1336 2055 Redeuntibus
1362 2028 1463 2055 vero
1495 2014 1700 2070 predictis
1734 2017 1901 2057 nunciis
1935 2016 1988 2056 ad
2013 2030 2090 2056 nos
2115 2031 2209 2057 cum
2234 2019 2371 2058 varie-

166 2086 255 2123 tate
287 2081 496 2137 predicta,
531 2082 849 2138 subsequenter
881 2083 1064 2138 predicti
1099 2083 1265 2125 nobiles
1299 2084 1536 2139 imperator
1569 2088 1611 2125 et
1644 2098 1804 2135 comes,
1839 2086 1909 2139 qui
1945 2092 2039 2140 post
2063 2087 2178 2141 ipsos
2206 2100 2372 2127 reman—

167 2157 335 2202 serant,
370 2151 591 2193 redierunt
624 2156 666 2193 et
699 2167 723 2193 a
756 2152 1048 2194 cardinalibus
1082 2152 1343 2208 supradictis
1377 2152 1430 2194 de
1464 2167 1677 2208 expressa
1712 2155 1934 2195 voluntate
1969 2156 2123 2195 summi
2159 2155 2372 2210 pontificis

165 2219 431 2271 habuerunt,
479 2221 591 2276 quod
638 2222 672 2262 si
716 2227 864 2263 nostro
908 2222 1184 2278 beneplacito
1231 2222 1473 2264 residebat²¹
1507 2223 1706 2264 dominus
1738 2238 1853 2279 papa
1885 2224 2045 2269 Reate,
2088 2225 2373 2267 libentissime

164 2289 431 2345 procedebat
473 2291 550 2332 sub
590 2291 715 2333 modo
755 2296 798 2332 et
830 2291 1184 2333 condicionibusb
1218 2291 1372 2347 quibus
1416 2306 1698 2348 processurus
1738 2294 1780 2334 in
1815 2292 2095 2349 Campaniam
2129 2294 2371 2349 petebatur.

165 2357 289 2405 Quod
333 2359 474 2416 ipsum
517 2361 654 2402 eciam
696 2361 869 2403 tandem
912 2362 1241 2417 acceptantibus
1275 2361 1419 2405 nobis.
1465 2362 1566 2403 dum
1598 2362 1651 2403 ad
1687 2363 2051 2418 complementum
2085 2363 2372 2404 indubitatum

164 2427 383 2484 predictos
429 2429 544 2471 viros
591 2431 790 2485 egregios
839 2431 1147 2486 imperatorem
1191 2436 1234 2473 et
1282 2432 1482 2472 comitem
1531 2447 1580 2473 ae
1631 2433 1952 2488 prenominatos
2003 2432 2163 2474 iudices
2206 2438 2372 2474 nostros

165 2498 484 2540 remitteremus
518 2499 572 2540 ad
605 2514 762 2556 papam
796 2505 838 2542 et
869 2500 1049 2552 fratres,
1089 2500 1256 2542 XXIX.
1291 2500 1430 2542 Iuniic
1463 2501 1651 2543 secunde
1683 2501 1930 2542 indictionis
1964 2503 2147 2543 occurrit
2179 2503 2240 2543 eis
2273 2516 2369 2557 pro-

165 2566 421 2609 cedentibus
468 2568 635 2611 obiterd
677 2584 822 2612 rumor
858 2571 971 2612 ultra
1013 2585 1141 2626 quam
1186 2570 1271 2611 dici
1303 2571 1446 2612 valeat
1487 2571 1752 2626 insperatus:
1800 2571 2001 2612 videlicet
2033 2571 2145 2626 quod
2179 2571 2369 2626 prefatus

164 2650 278 2693 papa
309 2641 351 2678 et
382 2641 507 2693 pater
537 2643 684 2681 noster
712 2640 965 2695 precedenti
995 2645 1119 2682 nocte
1144 2642 1364 2682 accinctus
1389 2640 1535 2695 gladio
1560 2641 1603 2681 in
1626 2639 1773 2681 habito
1797 2640 1968 2681 militari
1992 2644 2143 2682 noeteV
2178 2640 2367 2681 Sutrium

163 2706 381 2758 exiverat,
413 2707 574 2750 relictis
608 2713 651 2750 et
684 2710 856 2751 omnino
891 2710 1040 2751 celatis
1075 2709 1369 2751 cardinalibus
1403 2709 1498 2750 aliis
1531 2714 1602 2750 etV
1633 2714 1791 2765 nepote
1825 2724 1902 2751 suo
1939 2708 2145 2751 cardinali
2178 2715 2365 2750 tantum-

161 2774 290 2816 modo
323 2776 576 2828 comitatus,
619 2783 662 2820 et
701 2792 747 2820 se
788 2779 1030 2821 contulerat
1061 2779 1115 2821 ad
1148 2779 1316 2834 galeas,
1357 2792 1463 2834 quas
1497 2779 1664 2820 occulte
1697 2777 1833 2820 Ianue
1874 2779 2038 2820 fecerat
2071 2779 2291 2834 preparari
2326 2783 2368 2821 et

163 2845 354 2897 occulte,
396 2846 598 2889 simulata
628 2861 804 2904 prorsus
837 2849 923 2890 alia
956 2849 1198 2899 occasione,
1232 2848 1398 2896 venire;
1438 2853 1482 2890 et
1515 2862 1611 2889 cum
1643 2848 1933 2890 Ianuensibus
1967 2847 2090 2889 nobis
2124 2852 2166 2888 et
2198 2848 2367 2902 imperii

162 2914 298 2955 nostri
338 2914 574 2957 rebellibus
614 2917 756 2958 subito
799 2917 1022 2972 navigavit
1062 2916 1115 2958 ad
1147 2915 1332 2972 Ligures
1366 2917 1432 2958 vel
1465 2916 1518 2958 ad
1556 2917 1846 2972 transalpinas
1878 2920 2044 2971 partes.
2088 2920 2133 2957 ut
2166 2915 2366 2958 creditur.

161 2997 446 3038 processurus
487 2985 530 3026 in
573 2990 766 3028 nostrum
807 2991 849 3028 et
888 2987 1076 3042 imperii,
1123 2986 1158 3027 si
1196 3000 1325 3041 posse
1365 2985 1479 3041 quod
1512 2986 1627 3027 absit
1659 2986 1869 3026 voluntati
1908 2985 2197 3035 consenserit,
2232 2999 2365 3025 nocu-

162 3056 367 3095 mentum.
429 3054 765 3098 Animadvertat
805 3057 940 3112 igitur
976 3055 1189 3097 industria
1220 3061 1385 3103 vestra,
1435 3060 1576 3096 utrum
1618 3070 1706 3111 pax
1738 3056 1779 3096 in
1823 3055 2007 3110 puritate
2042 3054 2266 3095 nobiscum
2300 3055 2365 3095 vel

162 3121 288 3163 aliter
319 3124 603 3175 tractabatur,
645 3126 767 3167 euius
800 3129 987 3167 tractatu
1018 3125 1237 3181 pendente
1270 3132 1372 3181 perv
1406 3125 1628 3181 galearum
1662 3125 1961 3172 vocacionem,
1995 3123 2118 3165 nobis
2152 3130 2194 3164 et
2227 3124 2364 3165 cardi-

159 3190 330 3232 nalibus
369 3193 507 3234 eciam
548 3194 659 3235 sieut
699 3193 911 3236 credimus
954 3208 1130 3250 prorsus
1173 3195 1357 3250 ignaris,
1403 3195 1456 3236 de
1498 3199 1676 3250 ruptura
1716 3194 1885 3248 negocii
1924 3192 2134 3247 agebatur
2167 3194 2364 3234 etiamsiv

160 3260 344 3308 occulte;
378 3261 709 3315 animadvertat,
743 3264 779 3304 si
811 3264 935 3305 nobis
961 3267 1078 3305 esset
1101 3263 1340 3318 expediens
1365 3277 1415 3304 ae
1438 3277 1651 3314 securum,
1687 3275 1860 3303 causam
1886 3266 2102 3302 1105110111Θ
2135 3266 2178 3303 01
2200 3267 2364 3303 tantam

161 3326 337 3369 arbitrio
369 3330 467 3370 talif
496 3331 563 3373 vel
597 3332 728 3373 iudici
761 3334 1029 3374 committere
1062 3332 1392 3374 terminandam.

297 3455 383 3491 252.
410 3457 436 3500 t)
462 3460 572 3492 eciam
596 3459 626 3492 2.
654 3459 686 3493 3.
819 3460 855 3501 ¹²)
881 3461 964 3494 alibi
990 3459 1021 3493 2.
1047 3460 1079 3493 3.
1210 3461 1241 3501 v)
1268 3460 1358 3493 deest
1375 3459 1406 3493 2.
1431 3460 1462 3492 3.
1581 3460 1622 3500 W)
1648 3460 1872 3492 committeret
1895 3456 1926 3490 2.
1953 3456 1985 3491 3.
2112 3462 2144 3499 x)
2170 3460 2242 3492 foro
2266 3457 2298 3490 2.
2324 3458 2363 3496 3;

160 3518 308 3547 mercato
333 3526 442 3558 supra
459 3528 499 3559 p.
516 3519 594 3559 349,
621 3518 644 3551 l.
662 3519 719 3551 34.
858 3518 892 3560 y)
918 3522 952 3552 et
977 3518 1059 3552 add.
1078 3517 1109 3550 2.
1135 3518 1166 3552 3.
1311 3518 1341 3559 Ζ)
1367 3529 1444 3550 011111
1470 3518 1501 3550 2.
1527 3518 1559 3550 3.
1702 3517 1732 3557 a)
1764 3517 1926 3549 resideret
1950 3514 1981 3548 2.
2007 3515 2039 3548 3.
2180 3514 2213 3555 b)
2239 3517 2363 3548 contio<

159 3570 310 3605 tionibus
335 3572 366 3606 1.
493 3573 524 3617 0)
551 3586 638 3608 corr.
664 3576 781 3609 eadem
805 3587 912 3608 manu
936 3588 976 3608 ex
999 3576 1078 3609 Iulii
1105 3575 1141 3615 13
1168 3576 1247 3608 Iulii
1272 3574 1303 3608 2.
1434 3573 1466 3614 d)
1493 3586 1608 3607 rumor
1633 3575 1675 3607 ob
1700 3575 1764 3607 iter
1788 3572 1818 3606 2.
1845 3573 1877 3607 3.
1995 3580 2024 3615 θ)
2049 3574 2148 3606 talem
2175 3574 2255 3607 add.
2273 3574 2303 3605 2.
2331 3573 2362 3605 3.

162 3626 193 3672 f)
214 3640 281 3671 pro
306 3631 365 3664 tal.
390 3643 424 3665 v.
450 3633 517 3665 iud.
544 3631 576 3665 2.
595 3631 649 3676 3².
665 3633 742 3666 talis
767 3634 899 3667 iudicis.

2441 620 2516 645 1245.

2407 652 2486 678 Nlart.
2511 656 2530 678 1.

2409 2518 2470 2546 lun.
2493 2524 2535 2547 Ἀθ.
