2558 3970
161 176 237 214 471
588 170 832 204 WILHELMI
865 170 1001 203 uilius
1027 169 1453 203 CONS'MTUTIONES.
1506 169 1600 202 1255.
1651 168 1711 201 Nr.
1730 168 1807 202 370.
1833 169 1907 202 371.

163 288 343 327 afflictis.
378 287 515 326 omniu
554 286 662 325 bona
697 284 1040 338 naufragantium
1066 285 1183 324 velut
1216 284 1388 339 propria
1421 283 1501 324 sibi
1526 282 1754 323 vendicant
1787 287 1829 322 et
1860 287 2082 338 usurpant.
2136 283 2203 324 Ad
2227 284 2339 338 quod

161 370 234 410 per
268 354 451 395 eundem
487 354 859 408 archiepiscopum
884 353 1188 393 sententiatum
1221 353 1300 393 fuit
1323 357 1365 393 et
1389 352 1517 392 etiam
1541 351 1785 392 diffinitum:
1820 350 1930 405 quod
1954 351 2051 392 talis
2075 352 2339 393 consuetudo

161 423 212 464 dc
247 422 415 463 ceterod
450 427 643 462 cessaret
677 422 861 470 omnino,
896 435 991 461 cum
1023 420 1294 462 detestabilis
1328 426 1371 462 et
1404 420 1642 475 perniciosa
1674 420 1845 460 existat.
1942 419 2051 460 Item
2085 421 2337 475 requisitum

161 494 236 532 fuit
271 503 311 532 et
344 506 418 546 per
452 490 633 531 eundem
657 490 1026 545 archiepiscopum
1052 490 1371 531 sententialiter
1393 489 1635 539 diffinitum,
1670 493 1716 529 ut
1739 488 1875 529 omnis
1899 492 2074 529 moneta
2097 488 2340 530 adulterina

161 572 200 601 ct
246 561 347 600 falsa
393 560 561 614 penitus
601 559 652 600 de
695 565 839 599 cetero
885 563 1026 599 cesset
1066 573 1143 600 nec
1188 559 1341 613 aliquis
1383 558 1587 599 abutatur
1624 557 1828 613 predictis
1860 556 2110 598 adulterinis
2144 561 2187 598 et
2217 557 2338 598 falsis

160 629 341 669 monetis
375 627 616 682 deincepsc.
651 627 725 667 sed
757 632 903 667 utatur
926 626 1050 667 voras
1081 632 1123 667 et
1154 627 1346 681 legitima
1379 630 1552 667 moneta
1585 626 1626 665 in
1659 625 1762 665 locis
1798 625 1978 680 singulis
2010 639 2085 680 per
2117 626 2340 681 imperium

161 704 349 737 statutag
383 704 423 736 ct
464 710 664 737 concessu
700 695 943 743 du1utaxat;
989 700 1032 736 et
1064 695 1225 736 domini
1259 700 1467 736 terrarum
1501 698 1543 734 et
1587 695 1779 734 locorum
1819 694 2034 748 predictos
2067 694 2266 736 falsarios
2300 699 2343 736 et

161 766 367 806 abusores
403 766 442 805 in
478 779 552 805 suo
586 765 780 806 districtu
814 779 960 805 eorum
995 764 1174 819 quilibet
1208 763 1409 805 studeat¹¹
1443 764 1612 818 penitus
1646 776 1859 814 amovere,
1893 762 2111 817 predictos
2143 763 2342 805 falsarios

162 845 202 875 et
235 834 443 874 abusores
485 848 593 888 pena
636 848 718 888 qun.
761 834 960 875 convenit
1000 839 1042 874 et
1083 834 1311 874 severitate
1351 833 1496 874 debita
1536 831 1835 887 percellendoi
1867 836 1909 873 et
1944 832 2071 872 etiam
2112 832 2341 887 puniendo.

161 904 276 950 Quas
317 904 552 944 sententias
595 917 742 943 omnes
784 908 825 943 et
871 903 1027 956 singuli
1070 902 1301 957 supradicti
1343 902 1434 956 pari
1478 907 1575 942 voto
1620 900 1931 942 communiterk
1968 901 2262 956 approbarunt
2302 906 2344 942 et

161 987 235 1013 nos
278 980 389 1013 eas⁰=
432 977 581 1026 utpote
624 972 756 1012 iustas
796 977 837 1012 et
877 971 1073 1021 idoneas,
1119 975 1233 1012 ratas
1274 974 1317 1012 et
1357 974 1499 1025 gratas
1540 970 1751 1011 habentes
1785 984 1858 1010 eas
1893 970 2151 1010 auctoritate
2184 970 2344 1024 regalis

162 1041 354 1081 culminis
388 1040 690 1080 confirmamus
729 1044 771 1080 et
813 1040 1054 1080 sanccimus
1088 1043 1216 1094 atque
1260 1039 1519 1093 precipimus
1554 1052 1626 1079 eas
1660 1038 1714 1079 ab
1749 1039 1960 1079 universis
1994 1043 2036 1080 et
2069 1038 2249 1093 singulis
2281 1038 2344 1078 in-

163 1109 420 1149 violabiliter
453 1108 688 1150 observari.
720 1109 911 1163 presenti
945 1108 1085 1149 edicto
1121 1108 1199 1148 sub
1231 1107 1579 1148 interminatione
1613 1107 1758 1161 gracie
1792 1112 1937 1148 nostre
1967 1106 2202 1148 districtius
2234 1106 2344 1148 inhi-

162 1177 344 1219 bentcs¹.
389 1192 440 1218 ne
484 1178 578 1232 quis
620 1182 769 1218 contra
811 1177 1025 1233 predictas
1066 1177 1305 1218 sententias
1338 1181 1380 1216 et
1420 1176 1794 1217 confirmationism
1827 1180 1869 1216 et
1902 1175 2167 1217 inhibitionis
2200 1179 2345 1217 nostre

163 1253 352 1287 tenorem
385 1247 530 1287 venire
563 1251 784 1301 presumat
816 1247 913 1287 vel¹¹
946 1260 1053 1286 ausu
1078 1246 1305 1287 temerario
1330 1245 1557 1286 contraire.
1613 1244 1738 1292 Quod
1762 1245 1833 1300 qui
1857 1245 1997 1286 facere
2021 1245 2341 1300 presumpserit,

163 1329 338 1370 gravem
371 1315 709 1370 indignationem
743 1315 1036 1356 celsitudinis⁰
1070 1320 1211 1355 nostre
1244 1328 1289 1355 se
1321 1315 1487 1355 noverit
1519 1315 1801 1356 incursurum.

306 1384 463 1425 Datum
498 1383 761 1435 Wormaeie,
796 1383 918 1425 VIII.
953 1384 1014 1424 Id.
1048 1383 1317 1435 Februariil',
1364 1382 1596 1424 indictione
1638 1382 1772 1434 XIII,
1823 1397 1934 1423 anno
1976 1382 2148 1424 Domini
2189 1381 2347 1423 MOOL

164 1463 322 1507 quinto.

599 1804 726 1872 371.
783 1801 1541 1873 CONFIRMATIO
1594 1801 1908 1873 PACIS.

1054 1939 1195 1986 1255.
1234 1939 1374 1985 Mart.
1405 1938 1479 1985 10.

2381 914 2412 938 10

2381 1256 2412 1280 15

2390 1958 2422 1983 20

311 2082 541 2134 Supersunt
570 2083 650 2125 duo
679 2084 938 2137 auto-qraplza
981 2085 1019 2140 l)
1053 2085 1254 2126 tabularii
1284 2085 1426 2125 secreti
1456 2085 1706 2138 reipublicae
1736 2084 2003 2134 Bawaricae,
2039 2097 2082 2124 eo
2112 2084 2278 2125 illatum
2310 2085 2356 2125 ab
2410 2077 2412 2079 ’

171 2150 327 2190 videtur
357 2166 376 2191 e
408 2152 614 2193 tabulario
644 2153 1018 2205 archiepiscopatus
1039 2153 1308 2207 Mammam,-
1337 2166 1564 2207 appensam
1595 2156 1653 2194 est
1682 2153 1864 2205 sz‘yzfllum
1893 2153 1993 2193 loris
2013 2152 2355 2202 membranaceis,-

172 2219 253 2271 ipse
292 2219 437 2259 ilerum
475 2221 649 2270 eontuli;
692 2223 732 2275 2)
767 2222 967 2263 tabularii
998 2223 1177 2263 civitatis
1211 2222 1469 2263 Coloniensi&
1498 2235 1562 2262 nr.
1584 2223 1680 2271 201,
1719 2222 1836 2263 cuius
1872 2222 2056 2275 siyillmn
2086 2221 2242 2278 laesum
2269 2221 2355 2274 filis

169 2288 310 2328 sericis
341 2289 459 2329 rubri
489 2292 525 2329 et
552 2290 654 2340 flavi
684 2291 829 2331 coloris
859 2291 1038 2343 affixum
1069 2293 1148 2341 est:
1179 2291 1352 2332 eontulit
1380 2291 1445 2331 vir
1476 2291 1514 2332 d.
1539 2290 1757 2333 Schwalm.
1816 2289 1889 2331 Ex
1911 2293 1935 2330 1
1964 2289 2179 2331 ediderunt
2199 2289 2354 2330 Monu-

174 2359 307 2397 mem‘a
339 2356 470 2398 Boiea
500 2358 646 2409 XXX,
671 2362 706 2407 1,
729 2361 823 2409 321,
854 2373 904 2400 ca:
925 2361 953 2400 2
982 2359 1136 2400 Ennea
1168 2360 1354 2413 ‘szllmz
1383 2373 1459 2401 em·
1493 2359 1728 2402 &esclcichte
1758 2359 1830 2400 der
1862 2358 1985 2401 Stadt
2014 2358 2141 2400 Koln'
2173 2358 2235 2409 II,
2256 2359 2352 2399 344.

172 2449 224 2454 —
256 2425 449 2476 Bmaner,
481 2426 579 2480 Rey.
613 2428 709 2479 imp.
740 2427 784 2478 V,
809 2429 932 2469 5235.
2006 2427 2077 2481 (P.
2099 2428 2216 2479 372.)

315 2552 608 2593 Wilhelmusa
638 2553 719 2594 Dei
753 2556 899 2609 gracia
923 2554 1213 2596 Romanorum
1247 2569 1323 2595 rex
1355 2569 1526 2610 semper
1559 2559 1766 2609 augustus
1799 2554 2013 2595 universis
2045 2554 2155 2595 sacri
2188 2554 2355 2609 imperii

173 2620 370 2661 fidelibus
403 2627 649 2675 presentem
688 2624 889 2677 paginam
932 2624 1190 2679 inspecturis
1224 2625 1414 2678 graciam
1448 2638 1569 2665 suam
1604 2628 1646 2664 et
1677 2636 1802 2664 omne
1836 2623 2031 2663 bonum.>
2129 2622 2235 2664 Cum
2268 2623 2353 2664 dis-

173 2696 358 2744 ponente
393 2690 536 2730 divina
567 2692 740 2745 graciab
773 2692 903 2732 simus
938 2692 990 2733 ad
1025 2693 1191 2747 apicem
1226 2693 1342 2747 regie
1376 2692 1599 2746 dignitatis
1633 2691 1843 2746 assumpti
1876 2694 1919 2732 et
1951 2691 2200 2746 temporalis
2223 2690 2354 2746 gladii

174 2759 467 2813 acceperimus
501 2759 594 2800 Deo
635 2760 756 2800 nobis
802 2761 1018 2815 propicio⁰
1056 2765 1338 2815 potestatem7
1385 2761 1497 2800 illius
1536 2760 1672 2800 aciem
1714 2760 1772 2800 sic
1816 2759 2051 2800 extendere
2085 2759 2279 2800 volumus
2312 2764 2355 2800 et

175 2827 401 2868 debemus.
445 2827 557 2881 quod
595 2833 842 2869 cunctorum
883 2830 976 2869 iura
1021 2844 1096 2884 per
1138 2835 1325 2870 nostram
1362 2828 1695 2869 sollicitudinem
1733 2828 1898 2869 illibata
1929 2832 2166 2879 serventur,
2206 2827 2356 2869 coher-

176 2903 321 2937 centes
354 2896 489 2936 malos
523 2897 754 2937 severitate
788 2896 935 2938 debita
967 2903 1009 2938 et
1033 2898 1256 2952 condigna,
1293 2898 1429 2939 bonos
1463 2902 1606 2938 autem
1630 2900 1777 2937 contra
1809 2896 2113 2938 insultaciones
2147 2897 2357 2938 malorum

176 2965 216 3004 in
250 2978 326 3004 sua
366 2965 535 3005 iusticia
574 2966 867 3006 confoventes.
932 2965 1044 3007 Sane
1084 2980 1179 3007 cum
1224 2966 1277 3007 ad
1319 2966 1578 3021 deponenda
1622 2965 1874 3006 inconsueta
1907 2970 1949 3006 et
1981 2966 2138 3007 iniusta
2168 2966 2358 3008 thelonia

178 3047 306 3088 super
339 3033 507 3074 Renum
541 3033 683 3075 divina
716 3036 981 3090 suffragante
1016 3036 1250 3077 clemencia
1283 3037 1500 3090 generalis
1533 3050 1618 3090 pax
1661 3036 1731 3090 pie
1765 3039 1974 3090 concepta
2004 3035 2133 3076 fuerit
2164 3039 2207 3076 et
2236 3039 2355 3090 post-

178 3101 348 3142 modum
393 3117 417 3142 a
456 3102 734 3156 quibusdamd
777 3118 830 3144 ex
871 3105 1026 3145 nostris
1072 3106 1337 3159 principibus
1382 3110 1424 3146 et
1465 3104 1677 3146 universis
1718 3105 1945 3146 comitibus
1985 3109 2028 3145 et
2068 3104 2282 3145 nobilibus
2314 3108 2357 3146 et

180 3171 483 3224 sollempnibus
522 3173 688 3212 nunciis
727 3174 913 3213 omnium
949 3174 1167 3214 civitatum
1201 3174 1251 3215 de
1286 3174 1462 3215 Basilca
1506 3174 1681 3214 inferius
1715 3173 1754 3213 in
1790 3177 1937 3214 nostra
1968 3173 2192 3228 presencia
2223 3187 2360 3228 nuper

180 3238 292 3293 apud
327 3238 616 3280 W'ormaciam
665 3242 905 3292 coniurata,
956 3242 1013 3281 ita
1058 3242 1258 3283 videlieet
1299 3247 1345 3282 ut
1385 3243 1583 3297 quilibet,
1632 3243 1720 3282 sive
1763 3242 1959 3296 princeps
1994 3243 2061 3282 vel
2104 3255 2245 3283 comes
2287 3246 2360 3283 aut

315 3363 401 3397 310.
437 3364 469 3405 d)
497 3367 541 3398 <le
567 3374 706 3399 cetero
731 3367 798 3399 des.
818 3367 847 3399 2.
965 3372 994 3407 e)
1029 3368 1118 3401 deest
1142 3368 1172 3400 ⁶2.
1283 3368 1312 3409 s)
1346 3370 1433 3401 veris
1458 3374 1489 3400 ct
1516 3369 1673 3411 legitimis
1699 3369 1840 3401 monetis
1865 3368 1897 3400 ⁶2.
2003 3367 2036 3406 g)
2067 3369 2200 3400 statutis
2225 3372 2257 3400 et
2281 3379 2358 3400 con-

180 3424 280 3455 cessis
307 3422 336 3454 2.
432 3422 463 3463 ¹¹)
490 3425 622 3456 studeat
649 3436 761 3456 eorum
789 3426 929 3467 quilibet
955 3424 985 3457 ’2.
1092 3424 1114 3466 i)
1141 3427 1408 3468 percellendo
1440 3432 1478 3458 et
1508 3427 1632 3458 etiam
1658 3424 1775 3458 desa-2.
1880 3423 1913 3460 k)
1939 3425 2159 3457 communiter
2183 3425 2255 3467 pari
2281 3431 2357 3458 'voto

180 3482 219 3512 in
245 3488 384 3512 nostra
409 3482 622 3523 presentia
650 3480 680 3513 ⁶2.
765 3481 789 3522 l)
816 3483 1000 3515 districtius
1027 3484 1215 3515 inhibentes
1241 3485 1303 3515 sub
1330 3485 1602 3516 interminatione
1634 3484 1744 3526 gratie
1769 3488 1880 3515 nostre
1905 3483 1935 3514 2.
2022 3482 2064 3523 m)
2089 3487 2201 3515 nostre
2225 3482 2306 3515 add.
2324 3482 2355 3514 2.

180 3540 212 3580 ¹¹)
239 3539 286 3570 eis
313 3538 393 3569 add.
413 3538 442 3569 2.
562 3544 593 3579 0)
621 3540 807 3572 serenitatis
833 3540 863 3572 2.
983 3540 1016 3581 1³)
1044 3543 1165 3573 Actum
1194 3542 1380 3573 Wormacie
1406 3542 1495 3573 VIII.
1522 3542 1569 3573 Id.
1596 3541 1709 3572 Martii
1729 3550 1914 3581 perperam
1938 3539 1969 3572 2.

317 3604 401 3639 371.
436 3612 465 3648 ³)
495 3607 604 3641 Wilns
625 3606 658 3646 13
685 3607 778 3640 Wlls
804 3609 834 3640 2.
954 3608 984 3649 ὓ)
1012 3609 1190 3641 clementia
1215 3609 1246 3641 2.
1365 3614 1395 3650 C)
1421 3610 1564 3652 propitio
1590 3608 1621 3650 2,
1647 3608 1772 3641 similia
1796 3619 1934 3649 semper.
2053 3605 2085 3649 d)
2111 3619 2130 3640 a
2154 3609 2358 3651 quibusdam

183 3664 217 3694 in
244 3674 368 3695 rasura
394 3662 423 3695 2.

2389 2375 2421 2401 25

2392 2781 2425 2805 30

2392 3121 2424 3147 35

2393 3497 2426 3522 40
