2558 3970
112 906 144 929 10

107 1604 140 1629 20

104 1951 137 1976 25

108 2297 141 2323 30

106 2644 139 2670 35

106 2991 140 3016 40

108 3337 141 3362 45

109 3698 142 3728 50

688 155 891 190 ALFONSI
919 156 1061 192 REGIS
1087 158 1516 195 CONS'l'l'l'U'l'lONES.
1569 162 1666 196 1256.
1719 163 1777 196 ΧΓ.
1796 163 1873 197 393.
2291 171 2371 208 493

183 271 453 326 privilegium
487 272 776 326 promittimus
801 273 1068 314 confirmare.
1123 274 1176 314 Et
1201 290 1253 315 cx
1280 290 1389 316 nunc
1414 278 1673 319 comitatum.
1699 278 1952 322 districtum,
1979 281 2190 323 civitates,
2217 288 2371 322 eastra.

183 340 328 390 villas,
371 340 464 380 loca
497 346 540 381 et
573 341 758 390 insulas,
800 347 922 396 prout
955 343 1125 382 comuni
1161 342 1352 384 Pisarum
1386 360 1410 385 a
1442 345 1548 385 divis
1585 346 1872 388 ltomanorum
1911 350 2238 404 imperatoribus
2273 358 2370 390 sunt

182 423 400 458 concessa,
435 408 511 449 tibi
545 423 620 464 pro
655 411 824 451 comuni
857 410 1056 452 Pisarum
1090 417 1132 451 et
1166 412 1243 466 ipsi
1279 415 1448 454 comuni
1488 415 1677 456 Pisarum
1715 418 1752 457 in
1787 418 1955 458 feodum
1992 425 2033 458 vt
2067 421 2234 460 nomine
2259 419 2370 460 feodi

181 477 353 526 damus,
395 476 669 518 concedimus
712 484 754 519 ct
795 479 996 533 largimur
1039 483 1081 520 et
1119 494 1170 520 ea
1209 483 1476 523 auctorizare
1516 490 1557 524 et.
1599 485 1831 526 ‹l‹·f011‹l‹=1·‹·
1871 488 1924 527 ab
1958 489 2068 528 omni
2112 502 2295 543 persona
2329 494 2372 528 ct

180 546 276 587 loco
324 544 398 586 tibi
445 559 520 601 pro
565 545 676 587 dicto
715 548 882 588 comuni
924 553 967 588 et
1015 548 1093 602 ipsi
1139 550 1308 589 comuni
1350 550 1544 592 Pisarum
1595 555 1894 607 promittimus.
1973 555 2022 596 let
2071 557 2167 598 inde
2209 563 2249 597 te
2296 571 2372 611 per

181 615 386 656 vexillum
435 614 545 669 quod
595 616 634 656 in
684 630 810 656 manu
859 622 1056 657 tenemus
1096 617 1148 658 de
1193 619 1351 659 nostris
1392 621 1518 660 arinis
1562 622 1825 663 investimus.
1899 624 1947 664 Et
1989 631 2180 680 tempori·
2225 630 2367 665 nostre

181 683 469 725 coronationis
508 698 656 725 ensem
697 689 740 726 ct
773 685 978 726 vexillum
1019 686 1155 727 eidem
1195 689 1365 729 comuni
1410 690 1710 732 concedemus.
1832 692 1896 746 (qtss‘)
1930 694 2073 740 Quari-
2109 710 2187 746 ego
2221 708 2367 748 snpra-

180 752 318 794 dictus
350 752 575 794 Bandinus
610 753 844 794 sindicatus
878 755 1050 795 nomine
1084 770 1157 810 pro
1191 756 1304 797 dicto
1338 760 1508 799 conium
1537 759 1727 800 l'isarum
1763 766 1804 800 et
1838 763 2035 802 omnibus
2060 763 2369 803 :ullu-rentibus

180 822 293 863 dicto
326 824 496 864 comuni
539 823 741 879 promitto
774 828 817 865 et
859 825 1069 866 convenio
1106 826 1224 866 vobis
1267 829 1590 883 supi-ascriptou
1622 830 1795 870 domino
1830 831 2008 871 Alfonso
2044 832 2122 872 Dei
2156 833 2295 885 gratia
2330 833 2368 871 in

180 892 471 934 Romanorum
506 907 652 949 regem
676 899 718 934 et
741 894 781 934 in
807 894 1111 949 imperatorem
1137 896 1291 941 eleeto,
1324 897 1434 951 quod
1461 912 1643 939 comune
1670 899 1862 940 Pisarum
1890 902 2159 941 inuh-statem
2186 908 2368 941 vestram

182 966 225 1003 et
257 976 487 1018 personam
513 967 698 1003 vestram
734 967 776 1003 et
808 963 990 1004 filiorum
1017 969 1252 1005 vestrorum
1278 970 1321 1005 et
1343 966 1530 1007 omnium
1557 968 1813 1014 nuntiorum,
1848 970 1916 1023 qui
1952 985 2025 1024 pro
2051 970 2170 1009 vobis
2196 971 2369 1010 fuerint.

180 1031 366 1073 salvabit
398 1037 440 1072 et
472 1031 687 1073 custodiet
719 1032 760 1072 in
793 1036 907 1073 terra
940 1037 982 1073 et
1014 1033 1119 1073 mari
1154 1038 1197 1074 et
1229 1034 1388 1089 ubique
1425 1036 1543 1076 iuxta
1576 1051 1698 1077 suum
1733 1052 1859 1092 posse
1893 1043 1934 1078 et
1969 1039 2076 1078 seire
2110 1039 2222 1078 omni
2258 1045 2364 1078 tem-

179 1114 283 1156 pore
327 1101 437 1141 bona
478 1100 575 1143 fide.
644 1100 700 1141 Et
740 1101 851 1156 quod
886 1116 1066 1143 comune
1100 1103 1295 1144 Pisarum
1337 1118 1418 1145 non
1459 1106 1540 1145 erit
1580 1106 1619 1146 in
1653 1107 1853 1151 consilio,
1897 1122 2107 1148 consensu
2144 1108 2206 1147 vel
2242 1109 2368 1149 liu-to.

179 1170 288 1225 quod
324 1175 466 1212 vestra
498 1170 702 1211 maiestas
736 1172 803 1212 vel
837 1171 1021 1212 filiorum
1055 1177 1292 1213 vestrorum
1328 1174 1393 1215 vel
1419 1174 1602 1215 vicarius
1626 1181 1769 1216 vester
1793 1176 1831 1216 in
1862 1176 2002 1217 Ytalia
2026 1178 2090 1217 vel
2117 1178 2367 1232 capitaneus

126 1257 140 1279 5
178 1243 323 1281 vester
355 1239 395 1280 in
428 1239 585 1281 Tuscia
619 1239 709 1281 sive
743 1241 879 1281 nuntii
914 1245 1042 1295 atque
1075 1241 1285 1283 officiales
1319 1242 1502 1297 perdant
1536 1244 1666 1284 vitani
1691 1244 1757 1284 vel
1792 1245 2027 1285 membrum
2057 1246 2121 1285 vel
2147 1246 2370 1300 capiantur

177 1309 291 1350 mala
321 1309 521 1364 captione
553 1313 627 1350 aut
658 1309 841 1364 perdant
864 1310 1089 1365 imperium
1115 1311 1180 1352 vel
1206 1310 1423 1357 honorem,
1458 1326 1635 1367 regnum
1659 1314 1724 1354 vel
1749 1318 1921 1361 terram,
1955 1328 2036 1369 que
2061 1328 2171 1354 nune
2197 1313 2366 1354 habetis

177 1378 245 1419 vel
288 1377 487 1419 inantea¹¹
529 1378 658 1420 dante
698 1378 883 1420 Domino
922 1379 1254 1434 acquisiveritis,
1304 1385 1345 1421 et
1391 1381 1425 1421 si
1469 1382 1615 1434 sciret,
1661 1397 1736 1423 vos
1779 1388 1822 1424 et
1866 1384 1981 1438 ipsos
2027 1383 2122 1424 inde
2166 1382 2367 1424 defendet

178 1448 300 1489 iuxta
332 1462 455 1489 suurn
488 1462 630 1504 posse,
664 1453 707 1489 et
737 1449 770 1489 si
803 1463 887 1490 non
918 1453 1087 1504 posset,
1122 1453 1266 1491 vestre
1299 1451 1515 1491 maiestati
1551 1455 1593 1492 et
1625 1451 1806 1492 filiorum
1841 1459 2078 1493 vestrorum
2113 1457 2155 1493 et
2186 1453 2360 1493 cuilibet

177 1516 466 1572 predictorum
502 1516 626 1558 citius
661 1531 786 1573 quam
820 1518 979 1573 poterit
1012 1519 1240 1569 nuntiabit,
1275 1525 1317 1561 et
1350 1535 1423 1561 vos
1460 1525 1503 1562 et
1525 1521 1642 1576 ipsos
1667 1522 1845 1576 recipiet
1878 1523 2187 1564 honorabiliter
2208 1522 2366 1563 debitis

177 1587 421 1628 reverentia
467 1591 510 1628 et
547 1586 721 1628 honore.
790 1585 847 1627 Et
887 1587 1003 1642 quod
1044 1589 1186 1630 omnia
1228 1593 1270 1631 et
1316 1590 1484 1645 singula
1525 1591 1723 1642 consilia,
1772 1606 1853 1646 quc
1888 1606 1962 1631 vos
1996 1592 2061 1632 vel
2106 1591 2259 1646 aliquis
2295 1605 2367 1645 pro

178 1655 298 1698 vobis
330 1656 544 1712 petieritis
577 1670 602 1697 a
633 1655 746 1697 dieto
780 1657 965 1708 comuni,
1001 1657 1190 1699 fideliter
1222 1663 1264 1699 et
1297 1664 1412 1700 recte
1446 1659 1578 1704 dabit.
1613 1666 1737 1715 prout
1770 1660 1911 1702 divina
1935 1662 2074 1715 gratia
2098 1660 2369 1701 ministrabit.

174 1724 232 1766 Et
271 1725 385 1781 quod
429 1739 579 1767 omnes
618 1725 882 1777 credentias,
922 1739 1028 1781 quas
1074 1727 1157 1768 sibi
1196 1727 1505 1770 mandaveritis
1538 1730 1605 1770 vel
1639 1729 1823 1770 vicarius
1857 1736 2000 1771 vester
2040 1730 2080 1770 in
2118 1729 2259 1769 Ytalia
2291 1728 2367 1768 sibi

175 1794 445 1836 mandaverit
483 1796 574 1837 sive
620 1795 872 1851 capitaneus
912 1795 954 1836 in
993 1795 1167 1847 Tuscia,
1211 1797 1403 1839 servabit
1441 1803 1484 1839 et
1523 1799 1687 1840 tenebit
1721 1803 1763 1840 ct
1795 1799 1847 1840 ad
1882 1798 2113 1854 dampnum
2149 1797 2366 1839 credontiv

174 1878 258 1906 non
291 1864 602 1906 manifestabit.
664 1864 721 1906 Et
752 1864 861 1921 quod
897 1878 1071 1921 operam
1104 1871 1146 1907 et
1178 1866 1367 1908 studium
1393 1872 1436 1909 ct
1458 1868 1659 1910 iuvamen
1683 1867 1801 1909 dabit
1824 1883 2004 1910 comune
2031 1869 2223 1909 I'isarum
2252 1868 2370 1908 iuxta

176 1947 300 1975 suum
331 1947 479 1990 posse,
520 1938 567 1975 ut
598 1938 777 1976 actenus
810 1935 936 1976 alicui
968 1936 1276 1992 imperatorum
1310 1938 1412 1979 fecit
1444 1938 1512 1980 vel
1546 1938 1688 1980 facere
1721 1939 1966 1984 consuevit,
1997 1938 2109 1993 quod
2144 1937 2369 1993 imperium

175 2003 423 2045 universum
455 2003 498 2044 in
530 2004 829 2059 tranquilitate
863 2009 905 2045 et
937 2019 1043 2061 pace
1076 2005 1274 2048 habeatis
1308 2011 1351 2049 et
1383 2007 1644 2063 possideatis
1679 2008 1721 2048 in
1753 2013 2023 2064 perpetuum,
2059 2021 2131 2047 vos
2165 2010 2206 2047 ct
2237 2005 2368 2046 vestri

176 2071 251 2113 filii
283 2073 483 2128 legittimi
515 2073 587 2129 qui
611 2073 732 2114 vobis
764 2073 807 2114 in
840 2073 921 2115 hoc
945 2074 1108 2116 honore
1134 2076 1435 2127 successerint,
1469 2076 1580 2118 bona
1603 2077 1700 2128 fide,
1735 2078 1846 2118 sicut
1867 2077 2157 2118 Romanorum
2182 2089 2370 2130 unquam

177 2141 331 2198 aliquis
365 2142 516 2184 habuit
547 2142 887 2199 imperatorumi,
921 2145 1050 2185 etiam
1084 2145 1118 2185 si
1151 2145 1281 2201 aliqui
1315 2145 1367 2187 de
1400 2146 1578 2202 imperio
1602 2147 1669 2188 vel
1699 2161 1774 2202 pro
1807 2147 1985 2202 imperio
2017 2144 2370 2186 contradixerint.

177 2209 234 2252 Et
266 2211 378 2267 quod
410 2212 554 2253 omnia
577 2216 620 2254 et
643 2212 827 2268 singula,
861 2227 944 2269 que
969 2214 1098 2255 alicui
1122 2213 1417 2256 Romanorum
1445 2216 1756 2271 imperatorum
1781 2221 2103 2258 antecessorum
2128 2218 2370 2256 vostrorum

177 2279 338 2322 dictum
381 2295 561 2324 comune
606 2281 712 2324 fecit
741 2282 810 2324 vel
854 2286 1027 2324 tenetur
1069 2283 1211 2325 facere
1255 2298 1332 2326 seu
1381 2286 1624 2337 consuevit,
1667 2285 1798 2327 faciet
1838 2285 1958 2327 vobis
2002 2289 2045 2327 et
2078 2284 2233 2326 vestris
2275 2282 2371 2322 filiis

176 2350 413 2406 legittimis,
446 2351 517 2407 qui
548 2351 670 2393 vobis
704 2352 746 2393 in
779 2352 858 2394 hoc
890 2352 1052 2394 honore
1084 2354 1388 2406 successerint,
1424 2359 1509 2396 tam
1543 2369 1621 2410 per
1652 2369 1770 2397 mare
1795 2369 1922 2410 quam
1956 2369 2033 2409 per
2063 2358 2223 2395 terram
2257 2351 2369 2392 bona

174 2419 274 2472 fide,
307 2420 398 2462 sine
430 2420 596 2474 fraude,
630 2426 794 2463 remota
825 2423 941 2464 omni
974 2423 1152 2465 malitia.
1214 2422 1272 2464 Et
1304 2423 1414 2478 quod
1438 2428 1756 2466 sacramentum
1788 2424 2008 2465 fidelitatis
2043 2420 2371 2478 imperatoribus

176 2494 431 2532 consuetum
463 2495 552 2532 tam
583 2505 662 2547 per
692 2495 953 2547 potestatem
988 2506 1115 2548 quam
1146 2506 1225 2548 per
1257 2493 1531 2548 capitaneum
1565 2493 1713 2548 populi
1746 2497 1789 2534 et
1820 2492 2048 2534 anthianos
2073 2497 2116 2533 et
2146 2494 2371 2532 senatores

176 2562 220 2601 et
250 2560 498 2616 capitaneos
530 2561 713 2602 militum
747 2565 791 2602 et
823 2561 1020 2602 consules
1053 2560 1210 2602 ordinis
1243 2562 1372 2603 maris
1408 2566 1451 2604 et
1484 2563 1684 2604 consules
1723 2566 2013 2604 mercatorum
2047 2565 2158 2601 terre
2191 2563 2233 2600 et
2267 2572 2367 2598 eon-

178 2629 294 2671 sules
341 2630 497 2671 artium
542 2634 584 2671 et
630 2643 779 2672 omnes
824 2629 1034 2672 officiales
1077 2634 1120 2672 et
1166 2631 1374 2687 populum
1413 2631 1661 2672 universum
1703 2637 1790 2672 tam
1834 2630 1885 2671 de
1935 2630 2110 2671 civitate
2152 2641 2279 2683 quam
2319 2625 2370 2666 de

177 2697 374 2740 districtu
420 2703 463 2741 et
510 2699 683 2751 insulis,
732 2699 846 2755 quod
888 2703 1205 2742 sacramentum
1251 2700 1397 2756 populi
1437 2700 1550 2741 Pisis
1593 2704 1785 2755 prestare
1825 2702 2167 2748 consueverunt,
2211 2696 2369 2737 dietum

176 2781 357 2809 comune
390 2768 602 2825 prestabit
633 2768 687 2810 ad
709 2774 898 2811 vestram
921 2774 1252 2825 vestrorumque
1286 2770 1532 2811 nuntiorum
1555 2769 1893 2825 requisitionem.
2006 2768 2068 2822 (4)
2102 2766 2158 2807 Et
2182 2779 2235 2806 ex
2259 2778 2369 2805 nunc·

176 2851 258 2893 ego
292 2837 432 2880 dictus
465 2838 688 2880 Bandinus
729 2838 967 2881 sindicatus
1010 2839 1184 2881 nomine
1225 2852 1300 2895 pro
1335 2838 1450 2880 dicto
1492 2839 1683 2891 comuni,
1732 2839 1930 2879 invocata
1964 2836 2124 2878 Christi
2156 2834 2296 2889 gratia
2329 2838 2371 2873 et

176 2908 353 2960 auxilio,
386 2907 438 2949 ad
472 2908 654 2963 gloriam
676 2908 761 2950 Dei
794 2909 1103 2965 omnipotentis
1136 2912 1180 2949 et
1210 2907 1264 2949 ad
1296 2908 1504 2949 honorem
1527 2908 1835 2963 gloriosissime
1859 2906 2036 2962 virginis
2061 2908 2208 2945 sancte
2232 2902 2367 2943 Marie

176 2980 221 3018 et
261 2977 579 3034 archiepiscopi
620 2982 662 3019 et
699 2978 1099 3034 archiepiscopatus
1131 2977 1280 3019 Pisani
1320 2981 1363 3019 et
1405 2977 1561 3019 Sancte
1600 2976 1736 3019 Marie
1781 2977 1952 3017 maioris
1994 2973 2178 3016 ecclesie
2212 2971 2368 3013 Pisano

176 3045 356 3102 eiusque
390 3048 566 3104 capituli
599 3052 642 3090 et
673 3049 854 3090 aliarum
877 3048 1156 3090 ecclesiarum
1182 3051 1226 3090 et
1248 3047 1459 3089 dictorum
1492 3047 1717 3103 potestatis
1741 3050 1782 3087 et
1805 3045 2033 3101 capitanei,
2067 3042 2364 3084 anthianorum

176 3118 220 3156 et
259 3116 443 3157 aliorum
484 3117 672 3158 omnium
710 3117 1020 3174 predictorum,
1063 3118 1106 3159 in
1147 3117 1312 3158 animas
1353 3116 1455 3157 dicti
1500 3116 1693 3157 comunis
1733 3119 1775 3156 et
1808 3115 1996 3155 omnium
2030 3118 2072 3154 et
2105 3110 2367 3166 singulorum

175 3182 429 3226 Pisanorum
461 3199 517 3228 ex
547 3187 723 3229 licentia
754 3191 797 3228 et
828 3191 1044 3243 potestate
1078 3185 1236 3228 michik
1268 3185 1369 3227 data
1400 3200 1479 3241 per
1510 3185 1729 3241 publicum
1762 3184 2095 3226 instrumentum
2128 3180 2245 3221 bulle
2271 3192 2368 3219 cere

175 3251 324 3295 Pisani
357 3255 551 3296 comunis
583 3255 797 3298 bullatum
839 3261 1158 3298 sacramentum
1200 3254 1418 3296 fidelitatis
1458 3254 1590 3305 facio,
1630 3254 1737 3295 sicut
1774 3266 1961 3307 unquam
1995 3249 2140 3292 Pisani
2174 3248 2367 3290 consueti

178 3326 278 3363 sunt
306 3322 451 3365 facere
483 3324 816 3381 imperatoribus
849 3325 1157 3374 Romanorum,
1192 3324 1312 3365 vobis
1346 3323 1518 3365 domino
1552 3322 1734 3363 Alfonso
1774 3320 1966 3377 predicto
2001 3317 2369 3361 excellentissimo

178 3395 222 3432 et
267 3391 549 3435 invictissimo
587 3393 882 3436 Romanorum
921 3395 1172 3451 imperatori
1214 3398 1257 3435 et
1296 3393 1404 3434 iuro.
1472 3391 1529 3433 Et
1561 3405 1615 3432 ex
1654 3404 1766 3431 nunc
1800 3389 2070 3439 comitatum,
2113 3386 2369 3435 districtum,

179 3460 399 3514 civitates,
444 3466 605 3516 castra,
646 3464 791 3517 villas,
831 3465 928 3506 loca
971 3469 1015 3506 et
1056 3464 1241 3515 insulas,
1284 3466 1411 3518 prout
1443 3461 1613 3502 comuni
1646 3460 1845 3500 Pisarum
1878 3473 1902 3499 a
1933 3457 2041 3498 divis
2073 3456 2367 3497 Romanorum

179 3528 509 3585 imperatoribus
542 3537 641 3574 sunt
673 3547 891 3587 concessa,
925 3548 951 3576 a
980 3534 1209 3575 maiestate
1240 3536 1387 3573 vestra
1418 3544 1495 3586 pro
1528 3529 1697 3571 comuni
1719 3528 1917 3569 Pisarum
1941 3525 2174 3567 sindicatus
2197 3523 2368 3564 nomine

179 3611 248 3640 me
278 3598 323 3639 in
353 3599 526 3641 feodum
557 3600 697 3643 fateor
728 3603 961 3659 recepisse,
1081 3602 1145 3657 (5)
1181 3601 1236 3642 Et
1266 3600 1320 3642 ad
1352 3599 1546 3641 veritatis
1588 3597 1841 3639 memoriam
1873 3595 1928 3636 de
1960 3592 2163 3650 predictis
2196 3592 2237 3632 in
2271 3604 2367 3646 per-

314 3689 400 3728 393-
433 3691 467 3736 Β)
493 3681 540 3727 fto
566 3706 617 3728 or.
732 3694 767 3738 h)
791 3700 902 3729 masia
925 3708 975 3729 or.
1098 3693 1122 3735 i)
1148 3697 1283 3737 Impatt‘]
1309 3705 1359 3726 or.
1475 3690 1508 3732 k)
1539 3681 1570 3721 lil
1599 3702 1647 3723 or.
