2558 3970
222 124 301 162 270
754 119 993 153 FRIDERICI
1023 119 1066 154 ΙΙ.
1092 118 1517 153 CONSTITUTIONES.
1569 119 1667 153 1236.
1716 118 1778 152 Nr.
1797 119 1876 153 201.

223 234 457 288 questionis
490 234 662 275 afferre.
697 234 818 273 cuius
851 234 1002 274 levitas
1037 232 1164 273 ducta
1194 233 1407 273 motibusc
1439 233 1688 273 inconsultis
1721 231 1827 272 adeo
1860 233 2070 286 processit
2102 233 2144 273 in
2179 234 2396 288 publicum

223 308 309 342 etc·
334 303 424 342 eius
447 302 669 342 temeritas
694 307 841 342 contra
864 301 1070 342 honorem
1093 305 1286 341 nostrum
1310 305 1352 342 et
1374 302 1538 356 imperii
1562 299 1815 354 dignitatem
1839 300 1969 341 verbo
1994 305 2037 341 et
2061 314 2190 356 opere
2213 306 2395 357 attemp-

221 375 309 410 tata
342 384 418 410 nos
451 374 535 409 tam
568 369 756 423 graviter
799 369 1069 423 provocavit,
1110 372 1156 409 ut
1193 369 1376 409 transire
1409 383 1492 409 non
1534 368 1749 423 possimus
1790 368 1970 425 ulterius
2002 369 2290 411 incorrectosd
2321 385 2397 412 sue

222 439 406 478 levitatis
440 450 659 478 excessus.
722 437 892 478 Revera
924 437 1026 491 quia
1057 436 1287 477 dileximus
1320 441 1484 491 patrem
1518 449 1664 486 suum,
1696 436 1849 476 merito
1881 438 2050 491 paterni
2082 438 2252 479 servicii
2283 438 2398 479 cordi

222 506 343 545 nobis
377 510 468 546 est⁰
501 509 543 545 et
567 519 680 546 cure.
714 505 753 545 in
778 504 961 545 eundem
989 504 1142 545 ducem
1164 507 1206 544 et
1228 504 1359 545 filium
1384 505 1475 545 eius
1498 504 1688 544 favorem
1712 507 1890 558 paterne
1914 503 2155 546 dilectionis
2178 506 2399 548 effundere

223 580 265 613 ct
288 574 486 614 affectum
512 578 703 613 nostrum
728 587 829 626 erga
852 587 975 612 suum
1000 572 1224 613 comodum
1249 576 1291 613 et
1315 572 1517 612 honorem
1543 571 1772 612 ostendere
1797 585 1891 612 cum
1917 573 2083 614 effectu.
2160 573 2226 629 (2)
2248 574 2401 629 Itaque

222 656 315 681 cum
338 641 464 696 aputs
485 641 767 681 Rauennam
790 641 951 681 curiam
974 640 1285 682 indixerimus¹¹
1308 639 1607 681 celebrandam
1622 639 1650 689 ¹,
1673 640 1918 680 vocavimus
1940 641 2078 695 ipsum
2103 642 2212 682 sicut
2232 647 2401 684 ceteros

222 711 458 765 principum
506 714 552 750 ut
595 710 778 755 veniret,
826 713 1114 764 proponentes
1163 722 1261 750 eum
1305 707 1468 749 amore¹'
1516 711 1696 762 paterno
1741 708 1933 762 recipere
1980 723 2029 750 ac
2071 709 2262 752 foverek.
2326 710 2404 752 Set

221 779 382 818 maiore
422 783 541 832 parte
583 778 820 832 principum
860 777 919 818 in¹
953 778 1098 818 multis
1140 777 1359 818 laboribus
1397 781 1440 816 ct
1479 776 1682 830 expensis
1716 777 1986 817 venientibus
2017 792 2042 818 a
2072 779 2269 831 remotis,
2310 779 2403 834 ipse

222 847 291 901 qui
325 847 574 900 oportunius
608 847 750 886 venire
784 850 967 900 poterat.
1001 860 1124 887 suum
1157 845 1392 899 denegavit
1422 858 1659 885 accessum.
1724 843 1893 886 Deinde
1925 845 2046 886 nobis
2079 847 2403 889 transeuntibus

222 914 582 968 Aquilegiamm-2,
621 928 715 954 cum
755 928 851 954 eum
893 914 1050 955 ibidem
1085 914 1231 954 videre
1264 914 1491 963 vellemus,
1534 917 1711 953 vocatus
1744 913 1891 954 venire
1923 914 2144 968 pueriliter
2175 915 2404 957 recusavit.

223 982 287 1026 ‹3‘›
321 982 444 1029 Quod
478 988 519 1022 ct
552 997 628 1023 nos
662 983 870 1023 habentes
903 986 1146 1037 respectum
1180 982 1233 1022 ad
1271 986 1454 1036 paterna
1495 982 1675 1022 servicia
1707 981 1977 1023 dissimulare
2010 983 2244 1033 voluimus,
2277 985 2406 1025 etatis

223 1065 298 1090 suc
340 1051 525 1091 motibus
566 1052 851 1092 ascribentes:
894 1052 993 1105 quin
1037 1051 1186 1105 pocius
1219 1055 1265 1090 ut
1297 1064 1347 1090 eo
1387 1063 1469 1089 non
1503 1049 1805 1090 recederemus
1838 1050 1998 1101 inviso,
2040 1053 2296 1093 contulimus
2327 1067 2405 1094 nos

223 1120 505 1173 personaliter
536 1120 588 1160 ad
622 1125 778 1161 terram
814 1136 933 1162 suam
966 1121 1094 1161 Porte
1128 1120 1294 1170 None¹¹‚
1329 1134 1455 1174 quam
1488 1120 1705 1161 habebat⁰
1736 1120 1778 1160 in
1802 1120 1911 1161 Foro
1934 1120 2048 1172 Iulii,
2082 1125 2125 1162 et
2156 1122 2214 1162 ibi
2236 1136 2402 1164 moram

221 1188 470 1228 trahentes³
504 1189 696 1229 misimus
729 1204 802 1244 pro
836 1190 1009 1240 eodem,
1043 1193 1101 1239 ut,
1136 1190 1170 1229 si
1203 1189 1432 1229 molestum
1464 1188 1545 1228 sibi
1579 1188 1720 1229 fuerat
1743 1189 1784 1229 in
1812 1189 2058 1230 civitatibus
2081 1191 2215 1230 nostri
2236 1191 2405 1246 imperii

223 1270 298 1295 nos
332 1256 502 1298 vidisse.
536 1256 587 1296 ad
621 1261 777 1297 terram
812 1272 932 1298 suam
966 1272 1041 1312 pro
1074 1258 1199 1298 nobis
1232 1257 1441 1298 accedere
1465 1271 1548 1298 non
1573 1258 1742 1300 vitaret.
1796 1257 1933 1304 Quem
1958 1258 2203 1299 venientem
2226 1273 2405 1301 venera-

223 1324 294 1363 bili
338 1324 570 1364 affeccione
613 1325 894 1379 recepimusr‘,
937 1329 1182 1379 satagentes
1215 1327 1253 1366 ei
1286 1326 1417 1366 verbo
1462 1329 1504 1365 et
1543 1338 1671 1380 opere
1704 1325 1995 1380 complacere,
2037 1330 2199 1368 tantam
2232 1327 2410 1383 insuper

223 1392 300 1432 sibi
333 1392 519 1446 graciam
552 1393 785 1444 facientes,
819 1393 931 1448 quod
965 1407 1039 1448 pro
1072 1394 1279 1448 sopienda
1310 1394 1405 1443 lite,
1440 1407 1565 1448 quam
1598 1394 1640 1434 in
1663 1394 1898 1434 exaccione
1922 1393 2061 1435 dotis<1
2094 1396 2276 1436 sororisr
2306 1403 2408 1437 sue*3

222 1461 332 1500 filius
371 1463 539 1502 nostert
573 1466 720 1502 contra
759 1476 853 1503 eum
897 1463 988 1503 iure
1021 1476 1070 1502 ac
1101 1463 1264 1503 viribus
1305 1462 1637 1516 attemptabatu,
1678 1465 1872 1517 septemV
1913 1463 2030 1503 milia
2068 1463 2337 1505 marcharum
2369 1465 2409 1505 ei

224 1530 495 1584 promisimus
530 1530 823 1574 exhibendaw,
863 1544 945 1570 non
979 1531 1255 1571 obmittentes
1288 1531 1326 1572 ei
1360 1531 1611 1572 satisfacere
1645 1531 1697 1571 dc
1728 1531 1887 1586 pulcris
1921 1532 2043 1586 equis
2075 1536 2117 1573 et
2149 1532 2241 1573 aliis
2273 1532 2406 1574 dona-

223 1599 319 1638 tivis
353 1612 400 1638 ac
434 1598 717 1639 libentissime
741 1613 972 1653 procurare
997 1613 1079 1653 que
1104 1600 1191 1639 suis
1216 1604 1362 1640 essent
1386 1599 1614 1640 affectibus
1637 1603 1906 1654 acceptatax,
1939 1605 1984 1640 ut
2009 1614 2105 1640 eum
2129 1600 2408 1642 redderemus

224 1667 379 1707 nostris
413 1668 659 1722 aspectibus
693 1668 947 1722 graciorem.
1066 1667 1130 1723 (4)
1161 1667 1343 1722 Nuper4
1375 1672 1518 1708 autem
1557 1668 1599 1708 in
1633 1667 1932 1708 Alamaniamy
1964 1670 2188 1710 venientes
2220 1673 2409 1711 tantamz

224 1735 274 1775 de
309 1736 400 1789 ipso
432 1735 654 1776 fiduciam³
690 1736 977 1783 habebamus,
1020 1736 1132 1790 quod
1171 1750 1257 1777 11011
1290 1735 1609 1776 dubitavimusb
1648 1750 1876 1791 personam
1914 1741 2104 1778 nostram
2143 1751 2219 1793 per
2249 1742 2408 1779 terram

226 1817 343 1843 suam
379 1803 535 1844 Stiriec
568 1805 847 1855 committere,
882 1809 928 1844 ut
961 1804 1000 1845 ci
1032 1804 1205 1845 daretur
1236 1804 1370 1845 maior
1392 1804 1445 1845 de
1469 1804 1607 1858 gratia
1629 1808 1777 1844 nostra
1799 1806 2085 1860 presumpcio,
2120 1805 2238 1847 etad
2261 1809 2410 1847 nostra

224 1872 491 1926 beneplacita
534 1886 577 1912 se
615 1873 750 1927 magis
793 1873 1093 1927 obsequiosum
1135 1877 1176 1914 et
1215 1873 1459 1914 benivolum
1498 1872 1737 1913 exhiberet.
1805 1872 1906 1927 Ipse
1938 1887 2040 1914 vero
2074 1874 2174 1914 dum
2214 1888 2410 1915 essemus

225 1941 265 1980 in
300 1940 449 1980 cadem
493 1945 607 1981 terra
647 1956 742 1990 sua,
788 1940 900 1981 non‘l
933 1941 1104 1982 erubuit
1136 1941 1218 1982 duo
1260 1942 1377 1982 milia
1409 1941 1680 1982 marcharum
1713 1955 1737 1982 a
1768 1941 1892 1981 nobis
1933 1943 2110 1996 exigere
2143 1956 2220 1997 pro
2252 1955 2410 1997 guerra

226 2009 300 2048 tibi
334 2014 375 2049 ct
407 2009 561 2049 illustri
595 2010 684 2062 regi
707 2009 897 2063 Ungarie
921 2009 1133 2051 facienda.
1195 2009 1312 2057 Quas
1346 2010 1445 2064 quia
1478 2010 1558 2050 sibi
1591 2023 1675 2050 non
1698 2009 1906 2061 dedimus,
1941 2009 2049 2050 dixit
2072 2024 2118 2050 se
2142 2011 2263 2052 nobis
2285 2024 2408 2050 num-

225 2084 378 2131 quame
411 2078 583 2119 inantea
617 2079 916 2127 serviturume,
945 2082 993 2118 ut
1024 2077 1207 2132 quadam
1240 2078 1454 2118 violencia
1485 2092 1566 2118 non
1600 2082 1881 2132 cognosceret
1913 2077 2129 2119 dominum
2159 2092 2300 2120 coram
2325 2091 2408 2133 quo

224 2152 310 2185 tam
345 2146 534 2199 improbe
567 2146 828 2200 loqueretur.
880 2145 1000 2186 Nous
1030 2151 1174 2187 tamen
1198 2151 1371 2201 propter
1392 2146 1471 2186 hoc
1492 2146 1627 2186 motig
1657 2146 1815 2186 fuimus
1839 2150 1905 2186 set
1926 2147 2148 2201 pacienter
2173 2147 2406 2188 iuvenilem

226 2213 586 2254 dissimulavimus
619 2215 861 2265 levitatem,
895 2215 1106 2255 habentes
1138 2215 1444 2255 nichilominus
1477 2216 1519 2255 in
1552 2215 1792 2270 propositO,
1826 2228 1902 2255 sua
1934 2215 2111 2256 comoda
2140 2229 2408 2270 promovere.

227 2284 289 2335 (15)
330 2282 495 2322 Indicta
538 2283 671 2322 eciam
715 2283 969 2337 Maguntina
1010 2284 1129 2324 curia
1167 2284 1359 2338 generali
1374 2285 1401 2334 ⁵,
1442 2283 1772 2324 convocavimus
1815 2297 1912 2324 eum
1945 2284 1996 2324 ad
2031 2283 2211 2325 eandem
2246 2284 2408 2325 curiam

226 2351 404 2390 termino
439 2352 682 2401 constituto,
715 2357 840 2406 prout
873 2353 1136 2405 generaliter
1168 2357 1210 2392 et
1242 2352 1491 2407 specialiter
1524 2352 1681 2406 singuli
1713 2352 1954 2407 principum
1977 2352 2151 2394 fuerant
2174 2352 2410 2394 convocati.

226 2417 307 2463 Qui
341 2432 434 2458 cum
468 2419 630 2473 prefixo
664 2424 852 2474 tempore
887 2421 1204 2472 convenissent,
1236 2420 1349 2461 idem
1382 2420 1470 2461 dux
1502 2420 1660 2461 nedum
1694 2421 1921 2461 convenire
1954 2421 2264 2462 contumaciter
2286 2434 2409 2462 recu-

227 2488 355 2527 savit.
397 2488 497 2541 quin
537 2488 683 2542 pocius
716 2502 810 2528 cum
845 2490 1074 2543 campestri
1109 2489 1304 2530 exercitu
1337 2489 1500 2543 absque
1543 2493 1688 2530 nostra
1732 2489 1905 2529 licentia
1936 2489 2004 2529 vel
2035 2503 2218 2530 assensu
2249 2493 2409 2530 terram

227 2556 340 2609 regis
373 2555 564 2610 Ungarie
598 2557 811 2598 hostiliter
844 2562 885 2598 et
911 2559 1123 2599 violenter
1145 2559 1379 2612 ingressus,
1414 2557 1521 2598 adeo
1545 2561 1710 2598 tantum
1732 2558 1968 2611 principem
1997 2557 2260 2612 provocavit,
2295 2557 2407 2611 quod

227 2623 508 2678 expedicione
557 2625 670 2665 facta
716 2626 883 2680 imperii
925 2626 1033 2666 fines
1074 2626 1247 2666 intravit
1290 2640 1376 2666 non
1424 2626 1516 2666 sine
1558 2626 1711 2665 iniuria
1751 2629 1896 2665 nostra
1928 2628 1969 2665 et
2006 2625 2172 2679 imperii
2205 2625 2411 2678 lesioneh,

227 2692 457 2733 humilians
501 2708 596 2734 eum
640 2694 693 2734 ad
734 2709 857 2735 suum
896 2695 1214 2751 beneplacitum
1256 2700 1298 2737 et
1330 2696 1591 2736 mandatum.
1712 2694 1775 2749 (6)
1809 2694 1987 2735 Interim
2019 2695 2157 2735 eciam
2190 2708 2274 2735 11011
2307 2708 2409 2734 0011-

226 2766 369 2801 tentus
404 2762 514 2815 quod
547 2764 854 2804 conterminum
888 2765 964 2805 sibi
999 2779 1147 2819 regem
1178 2764 1451 2817 turbaverat,
1485 2763 1700 2819 principes
1733 2763 1922 2818 imperii,
1956 2763 2157 2803 videlicet
2189 2766 2231 2804 te
2264 2775 2411 2816 regem

228 2828 421 2879 Boemie,
455 2831 748 2871 venerabilem
773 2831 1150 2885 Salisburgensem
1174 2832 1559 2886 archiepiscopum,
1591 2831 2035 2885 Babenbergensemi,
2058 2829 2365 2872 Pataviensem
2376 2829 2410 2883 ¹³,

230 2896 582 2950 Ratisponcnsem
629 2905 669 2937 et
701 2899 1041 2953 Frisingenscm¹
1087 2901 1332 2954 epis001mS,
1380 2900 1560 2939 Bavaric
1604 2898 1754 2939 ducem
1794 2904 1836 2939 et
1869 2898 2058 2939 Moravie
2104 2899 2404 2949 marchionem,

362 2986 447 3021 ⁸201.
482 2995 512 3027 c)
538 2990 688 3021 moribus
716 2989 744 3023 1.
839 2994 890 3031 θ’)
918 2997 952 3022 111
980 2990 1010 3022 1.
1105 2989 1138 3030 (¹)
1165 2992 1370 3033 incorreptos
1397 2991 1426 3022 1.
1499 2991 1528 3030 e)
1555 2992 1620 3022 suit
1635 2990 1667 3023 2.
1739 2989 1771 3031 s)
1796 2995 1878 3031 aput
1895 2990 1983 3021 deest
1999 2988 2030 3022 2.
2102 2989 2136 3028 8)
2162 2990 2357 3022 Ravendam
2377 2988 2414 3030 13

230 3046 387 3076 {tax-enne
406 3044 443 3084 ’ἒς
470 3047 680 3078 Ravenniam
699 3045 729 3077 3.
812 3046 845 3087 ¹¹)
872 3048 1019 3086 esu-resfa}
1044 3048 1241 3079 duxerimus
1260 3047 1294 3087 1;
1322 3048 1504 3079 indiximus
1525 3048 1555 3079 2.
1574 3046 1610 3086 33
1638 3048 1869 3080 induxerimus
1887 3045 1917 3078 4.
1989 3045 2011 3088 i)
2037 3048 2152 3079 favore
2169 3045 2208 3085 2;
2235 3048 2364 3078 fervore
2380 3045 2412 3078 4.

228 3100 257 3130 k.
287 3104 399 3133 sax-erc
428 3102 453 3133 1.
550 3101 573 3143 ly
601 3104 632 3134 in
661 3121 701 3125 —-
729 3105 884 3145 expensis
910 3104 979 3135 des.
996 3103 1027 3135 4.
1122 3107 1164 3144 ¹¹¹)
1190 3101 1309 3136 Λ1011119
1327 3102 1365 3142 23
1400 3105 1610 3136 Alcmaniam
1635 3102 1666 3135 3.
1762 3103 1795 3145 n)
1820 3105 1919 3135 I’ortc
1946 3104 2040 3135 Noue
2067 3103 2096 3135 1.
2121 3102 2160 3142 4;
2186 3114 2293 3145 praua
2318 3103 2414 3136 nobis

229 3159 426 3190 accc-derant
453 3158 490 3198 :23
520 3160 582 3202 ffilo
609 3161 704 3191 nobis
729 3161 886 3192 accedere
910 3160 942 3193 3.
1061 3160 1092 3201 0)
1119 3161 1221 3192 habet
1245 3159 1282 3199 43
1309 3161 1434 3193 habent
1458 3160 1489 3193 2.
1596 3160 1628 3202 1’)
1655 3161 1833 3202 recipimus
1861 3160 1892 3192 1.
1986 3161 2016 3200 q)
2043 3161 2146 3193 debiti
2171 3161 2224 3192 vel
2250 3161 2355 3192 doctis
2378 3158 2412 3192 4.

228 3220 253 3251 Γ]
284 3216 402 3245 sororis
422 3217 585 3255 sztpstlm-lz
603 3217 713 3249 Jluill.
808 3222 834 3257 ὃ)
862 3218 932 3249 sive
949 3216 980 3248 4.
1074 3217 1099 3257 t)
1126 3223 1239 3249 noster
1257 3218 1345 3249 deest
1366 3217 1400 3255 l;
1427 3220 1462 3250 (“.
1481 3217 1565 3250 «dal.
1583 3216 1615 3249 4.
1710 3217 1743 3258 ¹¹)
1769 3217 1992 3258 intemptabat
2012 3215 2041 3248 2.
2061 3216 2092 3249 3.
2187 3217 2218 3257 v)
2244 3222 2318 3249 octo
2333 3215 2363 3248 2.
2378 3215 2409 3250 3.

230 3276 265 3307 w)
294 3272 498 3303 exhibendas
527 3272 554 3303 1.
649 3278 680 3312 x)
707 3274 914 3315 acceptanda
932 3273 963 3306 2.
981 3272 1021 3313 4;
1047 3274 1241 3316 accipiendo
1267 3273 1297 3305 3.
1391 3275 1422 3315 S)
1450 3274 1654 3306 Alamannia
1683 3272 1710 3306 I.
1804 3272 1833 3314 z)
1859 3273 1905 3304 sic
1929 3271 1960 3305 2.
1979 3272 2016 3312 3;
2043 3278 2177 3305 tantum
2203 3272 2241 3312 43
2267 3274 2355 3306 deest
2382 3272 2413 3307 1.

230 3330 258 3361 ὃ]
286 3328 526 3359 «301111110110111111
546 3330 576 3360 3.
596 3328 626 3360 4.
723 3329 755 3370 Β)
781 3332 808 3361 ci
837 3330 918 3362 add.
936 3328 967 3361 4.
1063 3331 1092 3370 ⁰)
1119 3331 1202 3362 Sirie
1229 3330 1265 3370 1;
1292 3331 1387 3373 Syrie
1413 3331 1476 3362 sibi
1502 3330 1539 3371 33
1565 3331 1654 3362 deest
1678 3329 1709 3362 4.
1816 3328 1848 3371 d)
1875 3342 1942 3362 11011
1967 3330 2055 3362 deest
2082 3331 2110 3362 1.
2205 3330 2236 3372 e)
2261 3341 2413 3372 uuquam

229 3394 247 3413 a
273 3384 366 3414 nobis
394 3386 610 3416 sei-viciorum
639 3398 777 3417 munera
802 3388 966 3429 recepisse
991 3386 1021 3419 4.
1162 3386 1191 3429 s)
1218 3388 1285 3419 Nos
1309 3386 1430 3419 2—4.
1572 3388 1604 3428 g)
1631 3398 1696 3418 11011
1722 3387 1801 3419 add.
1828 3386 1905 3418 2——
1921 3385 1950 3418 4.
2067 3385 2100 3428 ¹¹)
2126 3387 2251 3419 lesione
2276 3387 2365 3419 deest
2380 3386 2412 3420 2.

230 3438 251 3480 5)
278 3440 413 3470 confer-iz
437 3447 521 3471 recte
550 3441 734 3482 [suillarum
758 3445 796 3475 Τ.
816 3444 1153 3486 Brandaburgonscm
1183 3443 1215 3482 13
1242 3445 1604 3486 Brandcnburgcnsem
1631 3442 1660 3475 2.
1688 3442 1724 3481 3;
1752 3436 2074 3486 ffundeburgensem
2099 3442 2130 3476 4·
2248 3442 2279 3482 k)
2305 3445 2352 3475 ⁸¹7⁰
2372 3443 2412 3483 4;

229 3502 261 3526 ct
286 3496 343 3527 tal.
370 3497 615 3537 epictaucnscui
645 3499 680 3535 13
708 3501 954 3531 I'ictauicnsem
973 3500 1005 3532 2.
1024 3499 1060 3538 33
1087 3506 1119 3531 ct
1136 3502 1173 3532 P.
1192 3501 1272 3532 add.
1293 3500 1320 3532 l.
1437 3500 1460 3541 1)
1485 3501 1540 3532 tal.
1566 3501 1795 3543 csrisigensem
1817 3500 1852 3539 13
1879 3505 1911 3531 ct
1927 3501 2012 3532 Fris.
2031 3500 2098 3532 des.
2117 3499 2149 3532 4.

367 3574 399 3611 11
426 3574 535 3605 Anno
565 3580 651 3608 1231.
680 3575 763 3609 Dec.
783 3582 836 3610 25.
977 3578 1012 3619 2)
1044 3577 1164 3610 Mense
1193 3578 1329 3611 Martio
1353 3589 1385 3612 α.
1407 3582 1496 3611 1232.
1620 3578 1655 3619 3)
1684 3578 1808 3611 Mense
1833 3577 1938 3611 Maio
1962 3582 2108 3611 (1,.1232.
2225 3579 2261 3621 4)
2290 3578 2414 3612 Mense

234 3629 335 3662 „Unio
360 3642 391 3662 α.
414 3634 504 3664 1235.
621 3633 655 3671 ὦ)
682 3632 742 3665 Ad
767 3632 855 3666 rlt'em
887 3639 933 3667 15.
954 3635 1044 3676 Any.
1071 3646 1102 3666 a.
1124 3639 1214 3668 1235.

2442 863 2474 888 10

2444 1207 2475 1231 15

2445 1544 2478 1570 20

2447 1891 2480 1917 25

2447 2232 2480 2257 30

2445 2572 2476 2597 35

2447 3227 2478 3251 45

2449 3508 2481 3534 50
