2558 3970
88 975 119 1000 10

85 1312 116 1337 15

86 2001 118 2028 25

564 140 809 174 FRIDERICI
836 140 880 174 ΙΙ.
907 141 1336 178 CONS‘I'I'I'U'I'IONES.
1391 146 1488 179 1232.
1537 147 1632 179 1233.
1685 146 1745 180 Nr.
1770 147 1842 181 175.
1872 147 1944 180 176.
2269 151 2346 188 217

153 256 460 297 castrinensem
510 257 737 312 episcopos
785 262 827 298 et
875 271 1004 312 super
1052 257 1217 298 nobiles
1257 266 1299 298 et
1342 260 1556 313 principes
1599 268 1637 299 et
1685 259 1865 300 barones
1908 263 1946 302 in
1981 264 2068 302 suis
2103 262 2347 303 dim-esibus

152 324 408 365 constitutos
432 324 640 379 vobisque
673 325 864 366 districte
890 326 1165 380 precipiendo
1188 327 1441 367 auctoritato
1474 329 1682 381 premissa
1708 330 1973 372 mundamus.
2008 332 2208 384 qiiutinus
2235 332 2347 386 ipsos

153 407 208 434 ex
240 397 360 448 parte
393 393 553 434 domini
586 394 858 448 imperatoris
892 399 934 434 ct
967 399 1115 434 nostru
1147 395 1288 435 citetis
1322 402 1364 435 et
1398 397 1543 435 venire
1578 411 1717 436 corum
1754 398 1885 439 vobis.
1919 413 2044 452 quam
2070 400 2200 440 cicius
2226 405 2347 454 pote·

153 461 262 511 ritis,
307 462 477 502 faciatis
519 463 740 503 tractaturi
783 468 825 503 et
857 462 1094 503 ordinaturi
1128 477 1223 503 cum
1265 464 1368 518 ipsis
1402 478 1529 518 super
1571 465 1634 505 liis
1669 466 1864 506 omnibus
1899 476 1940 506 et
1976 469 2156 520 singulis
2190 483 2271 523 que
2308 470 2346 509 in

153 530 288 572 literis
321 529 478 571 domini
513 531 784 586 imperatoris
824 532 1023 587 superius
1057 532 1345 573 continentur.
1390 534 1688 587 promittentes
1723 549 1818 574 nos.
1862 536 1971 588 quod
2006 538 2220 591 «μω-ιμήν·
2255 537 2349 576 iud«-

154 613 248 640 cum
291 599 394 654 ipsis
438 599 626 640 feceritis
672 600 837 640 firmum
886 599 1142 641 habebimus
1185 606 1313 654 atque
1357 608 1506 641 ratum.
1637 602 1730 643 luit.
1772 604 2003 647 Aninione.
2057 607 2200 659 quinto
2254 605 2350 645 ldus

153 680 296 728 Febr..
330 681 556 722 millesimo
580 680 879 722 ducentesimo
904 681 1030 721 XXX
1065 681 1218 726 tercio,
1252 679 1482 720 indictione
1517 687 1660 721 sestu.
1687 657 1821 759 sskh
1882 683 2095 726 (lituum-r,
2133 685 2227 736 li'tgp.
2255 686 2347 736 imp.

162 761 206 812 V,
227 763 401 809 13122.)
460 759 718 801 Mandatum
742 760 920 812 passima
951 759 1078 800 edidit
1112 759 1260 812 l’apon
1293 758 1492 798 ‘Histoire
1522 760 1569 799 de
1604 760 1817 802 I’roecncv‘
1854 762 1914 804 Il.
1939 767 2002 802 list.
2128 763 2347 803 ΙΙιιιἸΙιιι-ιΙ-

152 829 371 871 Βνέῆοῖῐεε
400 829 431 870 I
440 828 481 878 V,
505 831 602 871 403.
664 829 858 878 Balmmr,
893 828 992 881 Rea.
1027 829 1122 881 imp.
1156 827 1199 876 V,
1223 829 1349 867 2007.
1385 830 1535 868 1313ξέ.
2000 831 2069 873 (J’.
2092 835 2209 875 xlma)

301 955 369 996 Fr.
403 954 487 996 Dei
519 956 658 1010 gratia
689 955 982 996 Romanorum
1016 955 1248 1009 imperator
1280 968 1452 1009 semper
1484 960 1709 1008 augustus,
1748 954 1982 995 ierusalem
2017 963 2056 995 et
2093 958 2239 996 Sicilie
2277 972 2350 996 rex

155 1024 472 1066 venerabilibus
506 1024 864 1080 archiepiscopis.
908 1024 1143 1079 episcopis.
1190 1023 1475 1078 principibus.
1518 1023 1749 1064 baronibus
1784 1025 2026 1078 ceterisque
2062 1025 2278 1064 nobilibus
2314 1026 2350 1064 iu

155 1106 287 1148 regno
320 1092 572 1148 Burgundie
607 1094 864 1139 constitutis.
899 1093 1100 1134 fidelibus
1134 1093 1236 1138 suis.
1270 1093 1450 1146 gratiam
1486 1107 1605 1133 suam
1641 1098 1683 1133 et
1718 1093 1870 1133 lionam
1907 1095 2183 1134 voluntatem.

298 1161 406 1203 Cum
446 1162 556 1203 sicut
596 1163 712 1203 scitis
753 1167 796 1204 et
837 1166 987 1217 aperta
1029 1162 1210 1203 veritate
1249 1161 1441 1209 fulcitur,
1488 1176 1563 1216 pei·
1606 1167 1800 1216 tempora
1846 1162 2096 1215 longissime
2145 1168 2353 1202 retroacta

154 1230 318 1272 nullum
350 1245 429 1286 per
460 1245 535 1272 vos
570 1232 796 1273 servicium
830 1231 954 1272 nobis
987 1236 1060 1272 aut
1092 1231 1270 1285 imperio
1305 1231 1359 1271 sit
1393 1231 1649 1285 impensum,
1684 1231 1793 1285 qnod
1819 1235 1964 1271 tamen
1989 1231 2185 1271 fidelitati
2213 1237 2352 1271 vesti-e

152 1300 351 1356 inputare
383 1314 467 1341 non
499 1314 730 1356 possumus
764 1315 842 1342 nec
876 1301 1085 1341 debemus
1118 1299 1171 1340 ad
1204 1300 1393 1354 culpam,
1429 1313 1522 1340 cum
1557 1314 1688 1354 super
1721 1300 1798 1340 hoe
1833 1314 1915 1340 non
1949 1301 2112 1340 fueritis
2147 1300 2352 1354 requisiti.

153 1382 203 1410 ac
235 1368 419 1424 quedam
442 1370 608 1425 imperii
632 1370 816 1424 negocia
839 1369 963 1411 nobis
987 1369 1199 1410 instanter
1223 1369 1472 1413 inmineant.
1507 1383 1588 1423 que
1614 1370 1839 1409 consilium
1866 1384 1941 1409 nee
1968 1384 2047 1409 uon
2076 1376 2117 1409 et
2141 1369 2349 1409 auxilium

155 1442 297 1480 vestre
323 1438 542 1480 fidelitatis
567 1444 822 1494 exposcunt,
856 1436 1223 1494 unlilvcrsitatem
1250 1443 1449 1485 vestram,
1483 1438 1535 1478 dc
1559 1453 1643 1492 qua
1668 1438 1791 1493 plene¹
1817 1438 2083 1478 confidimus.
2119 1438 2352 1492 imperialis

154 1506 282 1548 edicti
328 1508 586 1549 auctoritate
629 1509 811 1549 citamus
851 1523 899 1549 ac
942 1508 1020 1549 sub
1062 1521 1175 1562 pena
1220 1507 1429 1561 regalium
1471 1506 1662 1548 districte
1703 1505 2016 1562 prelelipimus.
2067 1508 2268 1561 quatinus
2314 1507 2351 1546 in

153 1577 350 1632 proximo
383 1577 524 1618 futuro
558 1576 700 1618 Madio
732 1577 785 1618 ad
820 1592 897 1618 nos
931 1577 1116 1618 veniatis
1151 1590 1246 1616 cum
1281 1580 1543 1616 armatorum
1579 1575 1783 1616 laudabili
1817 1577 2076 1616 commitiva.
2111 1577 2221 1616 circu
2247 1576 2351 1615 ‹rita-

156 1645 323 1687 cionem
355 1651 398 1687 et
429 1645 679 1687 mandatum
712 1651 906 1688 nostrum
940 1646 1084 1687 taliter
1116 1659 1192 1686 vos
1234 1644 1467 1686 habentes.
1511 1645 1623 1699 quod
1665 1645 1944 1686 devocionem
1982 1651 2166 1685 vestram
2202 1645 2353 1685 mei-ito

155 1714 456 1756 commendare
487 1716 704 1770 possimus
737 1720 780 1757 et
812 1729 888 1771 pro
927 1715 1136 1770 impensis
1168 1713 1291 1755 nobis
1325 1714 1518 1755 serviciis
1551 1718 1676 1768 grato
1710 1713 1950 1755 debeamus
1986 1714 2354 1754 remuneracionis

153 1783 363 1826 beneficio
385 1784 663 1840 respondere.
710 1784 896 1840 Propter
920 1784 999 1825 hoc
1024 1784 1154 1838 igitur
1175 1782 1379 1824 dilectum
1405 1782 1577 1824 fidelem
1602 1788 1791 1823 nostrum
1817 1783 2027 1830 Qualcam
2052 1782 2104 1823 de
2130 1783 2355 1830 (im-cunm*

153 1854 335 1895 latorem
378 1854 645 1909 presentium
687 1854 740 1895 ad
774 1868 846 1894 vos
889 1853 1120 1901 mittimus,
1163 1857 1387 1893 monentes
1432 1857 1596 1893 attente
1636 1867 1684 1892 ac
1718 1852 1910 1892 districte
1955 1853 2241 1906 precipientes
2276 1851 2353 1889 suli

153 1921 298 1964 debito
331 1922 566 1973 fidelitatis,
599 1937 682 1978 quo
707 1923 832 1964 nobis
856 1928 899 1964 et
923 1923 1101 1978 imperio
1127 1921 1350 1966 tenemini.
1385 1922 1589 1976 quatinus
1614 1935 1745 1976 super
1770 1921 1985 1962 exibendo
2012 1921 2134 1961 nobis
2160 1920 2355 1960 servicio.

156 1991 270 2047 quod
301 2007 324 2032 a
359 1992 480 2033 vobis
512 1993 715 2048 petimus,
747 1990 903 2033 devote
938 2005 987 2033 ac
1020 1991 1257 2032 efficaciter
1287 1989 1523 2031 intendatis
1548 1990 1703 2032 eidem.
1766 1990 1855 2030 Nos
1887 1994 2031 2030 autem
2057 1990 2135 2043 ipsi
2161 1987 2353 2035 Qualee‘¹

155 2061 348 2117 presenti
371 2062 625 2103 auctoritate
650 2061 927 2103 concedimus
960 2064 1234 2116 potestatem,
1269 2064 1315 2100 ut
1338 2059 1434 2100 illos
1459 2074 1514 2100 ex
1538 2059 1671 2110 vobis,
1705 2061 1777 2114 qui
1801 2060 1958 2115 petitae
1994 2064 2036 2099 ct
2059 2058 2205 2099 debita
2231 2057 2354 2097 nobis

157 2131 338 2172 servicia
369 2131 424 2172 ad
457 2131 781 2172 exortacionem
820 2130 955 2185 ipsius
987 2128 1169 2170 reddere
1208 2142 1294 2169 non
1327 2128 1562 2180 curabunt,
1609 2128 1662 2169 ad
1696 2128 1736 2168 id
1770 2129 1906 2183 possit
1939 2127 2200 2182 compellere
2233 2131 2359 2180 prout

158 2199 315 2241 viderit
347 2199 569 2255 expedire.

303 2269 401 2310 Dat.
435 2269 591 2324 Fogie,
625 2269 722 2310 XV.
755 2269 969 2319 Novenb.,
1003 2267 1078 2307 VI.
1112 2267 1372 2308 indictionis.

378 2645 688 2714 176-1812.
742 2641 1378 2714 ARBITRIUM
1429 2636 1973 2710 GREGORH
2019 2635 2144 2706 IX.

92 2679 125 2705 30

202 2746 550 2818 INTER
597 2744 1400 2818 IMPERATOREM
1457 2742 1589 2813 ET
1645 2736 2322 2812 LOMBARDOS.

905 2884 1048 2931 1233.
1086 2883 1196 2930 Mai.
1227 2881 1306 2929 24.
1328 2907 1370 2911 —
1391 2880 1518 2939 Aug.
1553 2878 1626 2925 14.

594 3029 694 3072 176.
735 3028 1114 3072 PETITIONES
1155 3023 1659 3069 LOMBARDORUM.
1724 3021 1832 3062 Mai.
1856 3022 1924 3062 24.

304 3111 480 3164 Leyitur
515 3112 563 3152 in
600 3111 730 3153 Libro
766 3110 931 3152 Poteris
967 3123 1032 3150 nr.
1055 3112 1084 3150 2
1126 3107 1385 3149 bibliothecae
1427 3104 1711 3158 <gneo-inimum
1744 3100 1999 3147 [frisiensis
2044 3112 2145 3139 saec.
2176 3097 2311 3145 XIII,
2341 3110 2360 3135 e

95 3196 128 3223 ³⁵
163 3192 241 3231 quo
270 3179 383 3221 dedit
410 3180 521 3230 Iaffe'
548 3183 586 3222 et
615 3180 834 3221 ediderunt
863 3179 1016 3220 Ficker
1046 3175 1366 3229 ‘Forsehunqen'
1401 3175 1432 3216 I
1439 3173 1480 3223 V,
1502 3174 1584 3213 374
1618 3184 1682 3211 nr.
1706 3172 1788 3210 344
1819 3183 1868 3209 ae
1900 3167 2114 3208 Valentini
2146 3166 2204 3206 ‘Il
2234 3165 2361 3205 Liber

164 3246 338 3289 Poterz's’
367 3262 410 3300 p.
434 3251 500 3290 71.
535 3273 586 3278 —
618 3248 813 3299 Bahmer,
846 3247 947 3300 Rey.
980 3247 1079 3298 imp.
1111 3245 1156 3296 V,
1181 3246 1334 3286 13134.
1973 3235 2044 3287 (P.
2077 3234 2219 3284 deest.)

305 3351 357 3392 In
388 3351 560 3392 nomine
589 3351 779 3393 Domini.
841 3351 967 3391 Anno
1000 3364 1025 3390 a
1057 3348 1282 3390 nativitate
1306 3345 1481 3387 Domini
1504 3340 1841 3389 MCCXXXIH,
1875 3339 1944 3379 die
1977 3338 2112 3379 Lune.
2146 3351 2257 3377 nono
2290 3336 2358 3376 die

165 3423 264 3461 ante
308 3419 531 3462 Kalendas
570 3420 704 3472 Iunii,
752 3419 989 3461 indictione
1020 3418 1096 3459 VI.
1218 3416 1324 3457 Cum
1362 3415 1422 3455 ita
1465 3417 1595 3461 erat²²,
1637 3409 1748 3466 quod
1781 3408 1977 3449 dominus
2017 3420 2129 3461 papa
2162 3410 2359 3445 vocasset

301 3533 386 3569 175.
419 3533 449 3578 a)
473 3547 535 3568 nos
559 3547 591 3577 q.
617 3537 707 3578 quod
732 3536 892 3578 quicquic
917 3547 941 3567 ε.
1085 3533 1116 3574 b)
1147 3533 1279 3574 signum
1311 3531 1372 3563 hoc
1403 3535 1462 3561 aue
1486 3529 1617 3571 siquam
1641 3526 1753 3569 finale
1778 3529 1838 3556 auc
1862 3533 1946 3555 crux
1971 3522 2148 3562 duplicata
2171 3526 2217 3552 ωε
2241 3525 2301 3551 aue
2325 3531 2357 3551 ss

46 3631 51 3636 ,
97 3596 131 3622 4⁰
165 3590 379 3635 (subscripsi)
404 3592 488 3625 solvi
505 3598 626 3635 potest.
721 3591 752 3635 0)
777 3593 919 3626 Caillam
945 3592 986 3623 de
1010 3592 1150 3625 Gurzan
1173 3589 1211 3621 P.
1308 3586 1340 3630 d)
1365 3587 1473 3621 Cailla
1499 3585 1536 3617 P.
1632 3588 1661 3624 e)
1680 3581 1859 3625 praeeedit
1882 3590 1944 3612 voz
1969 3579 2082 3610 debita
2106 3578 2173 3608 iam
2198 3576 2307 3608 deleta
2332 3585 2358 3606 e.

303 3659 389 3695 176.
423 3659 455 3703 a)
481 3658 542 3694 eft
565 3672 593 3693 ε.

302 3733 352 3758 ιι,
379 3732 660 3757 οοΝετιτυτιοΝΕε
675 3732 708 3755 11.
2044 3705 2089 3738 28
