2558 3970
104 962 135 986 10

103 1305 132 1330 15

98 1650 132 1675 20

97 2346 130 2371 30

98 2694 130 2718 35

100 3047 134 3072 40

101 3388 133 3413 45

310 214 494 249 URBANI
515 214 576 250 IV.
595 214 742 250 EPIST.
762 214 822 249 DE
847 214 1224 250 coan‘l'loNllssl's
1242 214 1432 249 cAluJLo
1451 215 1617 249 cOMl'l'l
1641 215 1900 249 menemus.
1944 216 2039 249 1263.
2080 215 2142 249 Nr.
2161 216 2239 249 423.
2293 220 2373 254 555,

173 332 359 384 cerptos,
392 343 448 370 ex
480 328 637 384 quibus
670 330 856 385 aliquos,
899 334 946 371 ut
976 330 1138 370 asseris
1172 335 1214 370 ct
1247 330 1382 384 ipsius
1417 329 1570 371 cedulc
1603 331 1739 372 series
1774 331 2042 372 manifestat.
2079 330 2191 371 idem
2225 345 2371 371 eomes

173 397 252 438 sub
285 402 402 439 certa
431 398 569 439 forma
609 397 844 439 modificari
886 398 1103 453 postulat,
1145 398 1353 452 quosdam
1388 413 1489 439 vero
1524 399 1694 453 penitus
1728 400 1942 441 amoveri:
1987 407 2029 439 et
2075 406 2141 440 est
2175 399 2370 440 eiusdem

173 465 326 508 cedule
359 471 483 508 tenor
514 466 630 507 talis:

431 534 497 590 (2)
531 542 573 582 (Ι)
606 535 775 576 Primus
816 535 1024 575 articulus
1067 534 1119 575 dc
1160 539 1276 576 terra
1310 535 1534 576 retinenda
1575 537 1646 591 qui
1692 537 1839 591 incipit
1880 536 2155 577 ·Remancbit
2189 536 2376 577 ecclesie

287 607 379 644 tota
409 607 526 644 terra
549 602 674 645 etc.’¹’
707 603 897 644 totaliter
918 607 1171 644 amoveatur
1194 607 1236 644 ct
1268 608 1454 658 ponatur
1485 604 1672 645 ‘census'
1708 605 1798 645 loc«)
1822 604 1977 648 *tori-02
2010 621 2059 646 ae
2085 620 2215 660 super
2239 618 2372 645 censu

288 672 361 713 fiat
392 672 632 714 moderatio
665 672 778 713 talis:
825 671 962 719 ‘Quod
1005 672 1038 711 si
1073 671 1316 726 contingat,
1360 671 1577 712 dominum
1619 673 1818 713 comitem
1854 674 1918 713 vel
1953 675 2044 714 eius
2078 673 2260 714 heredes
2295 687 2371 713 ex-

288 740 478 796 pendere
518 744 752 797 proventus
796 741 928 781 totius
968 739 1109 795 Regni
1153 741 1194 780 in
1235 740 1486 781 defensione
1522 741 1661 795 Regni
1698 742 1763 782 vel
1811 743 2018 787 ecclesie,
2065 744 2135 783 liat
2183 742 2376 783 remissio

288 823 445 851 census
479 810 670 851 totaliter
702 809 773 851 illo
807 813 1022 865 tempore:
1057 810 1091 849 si
1125 823 1224 850 vcro
1258 810 1495 863 contingat.
1531 810 1669 864 ipsum
1695 811 1760 850 vel
1796 811 1976 851 heredes
2000 826 2098 852 suos
2124 811 2374 866 exlwndere

288 886 455 934 partem
499 883 784 935 proventuum
818 878 960 933 Regni
1002 878 1044 919 in
1089 878 1344 920 defensione
1383 878 1524 933 Regni
1569 879 1635 919 vel
1678 879 1884 921 ecclesie.
1930 881 2003 920 tiat
2049 880 2181 935 ipsius¹
2221 894 2377 921 vens-us

286 948 485 990 remissio
517 962 594 1003 pro
624 953 731 998 rata,
763 948 874 988 sicut
905 948 1042 997 fieret,
1076 948 1110 988 si
1144 953 1259 989 terra
1293 948 1428 1002 petita
1451 947 1635 988 ecclesie
1660 947 1932 989 remaneret'.
2045 956 2106 995 (ΙΙ)
2144 949 2217 989 Ιιις
2252 950 2377 989 tertis»

285 1017 467 1058 articulo
506 1017 578 1072 qui
623 1016 774 1071 incipit
816 1016 951 1057 ‘idem
992 1022 1137 1057 autem
1178 1030 1321 1057 comes
1362 1022 1404 1056 ct
1447 1016 1511 1056 sui
1552 1016 1737 1057 heredes
1771 1016 1867 1058 etc.'
1903 1018 2063 1072 petitur
2097 1024 2140 1058 ut
2174 1017 2377 1058 addatur:

285 1085 341 1126 ‘in
373 1084 543 1140 Regno,
576 1099 630 1126 ne
663 1085 699 1126 si
732 1085 805 1126 filii
839 1086 904 1126 sui
938 1085 1008 1139 qui
1042 1099 1125 1126 non
1151 1084 1316 1126 debent
1349 1084 1584 1126 succedere
1620 1087 1660 1126 in
1686 1085 1838 1140 Regno
1863 1086 2025 1141 aliquid
2051 1092 2199 1127 eontra
2233 1087 2377 1127 liuius-

284 1153 399 1195 modi
431 1154 661 1196 articulum
695 1158 1025 1209 attemptarent,
1069 1154 1163 1195 fieri
1196 1154 1331 1209 possit
1363 1153 1649 1209 prciudicium
1684 1154 1742 1194 illi
1775 1155 1845 1209 qui
1880 1156 2086 1196 succedet
2121 1157 2159 1196 in
2195 1154 2377 1207 Regno‘.

285 1230 365 1271 (ΙΙΙ)
397 1222 474 1264 In⁰
507 1228 631 1264 sexto
661 1224 843 1264 articulo
877 1223 948 1278 qui
980 1223 1130 1278 incipit
1164 1223 1288 1264 ‘Item
1313 1227 1451 1264 totum
1477 1222 1669 1264 eiusdem
1695 1223 1815 1278 regni
1842 1223 2073 1265 rcsiduum⁷
2109 1225 2200 1265 vult
2223 1239 2377 1267 comes.

286 1291 398 1347 quod
441 1307 651 1348 expresse
693 1292 874 1344 dicatur,
919 1291 1033 1347 quod
1080 1306 1231 1333 omnes
1275 1307 1299 1333 a
1341 1292 1514 1334 domino
1558 1292 1717 1334 comite
1757 1298 1800 1333 ct
1833 1293 1930 1334 liliis
1965 1297 2008 1334 et
2040 1293 2210 1334 filiabus
2244 1300 2287 1335 et
2321 1294 2380 1333 si(-

283 1360 489 1418 deinceps
523 1365 736 1404 exeuntes
779 1362 869 1402 sive
910 1362 953 1402 in
993 1365 1113 1403 recta
1145 1362 1260 1403 linea
1293 1362 1383 1403 sive
1417 1376 1472 1403 ex
1516 1366 1764 1403 transverso
1797 1362 2082 1403 admittantur
2115 1363 2168 1403 ad
2203 1377 2378 1404 succes-

291 1430 455 1472 sionem
489 1430 641 1486 Regni,
676 1430 970 1472 moderatione
1003 1444 1080 1485 per
1113 1430 1333 1472 dominum
1369 1444 1525 1486 papam
1559 1431 1766 1486 magistro
1791 1431 1974 1472 Alberto
2008 1431 2163 1472 tradita
2200 1432 2378 1473 nichilo-

282 1499 423 1541 minus
462 1505 728 1542 remanente.
849 1506 926 1547 (IV)
969 1499 1047 1540 Ine
1079 1500 1262 1555 septimo
1293 1501 1483 1556 capitulo
1516 1500 1629 1556 quod
1664 1500 1813 1555 incipit
1853 1500 1977 1541 ‘Item
2012 1515 2085 1555 pro
2116 1506 2206 1542 toto
2244 1515 2380 1556 genc-

286 1569 365 1610 rali
398 1582 530 1610 censu
563 1567 656 1611 etc?
691 1569 867 1625 petitur,
900 1573 947 1610 ut
978 1569 1097 1610 locus
1130 1574 1250 1610 tutus
1284 1574 1327 1611 et
1350 1575 1495 1611 certus
1530 1574 1728 1624 ponatur,
1763 1569 1804 1609 in
1832 1583 1915 1624 quo
1940 1570 2015 1610 fiat
2039 1571 2196 1611 solutio
2222 1585 2380 1612 census

285 1637 492 1690 eiusdem,
525 1639 627 1694 quia
659 1652 754 1680 cum
788 1652 942 1680 census
974 1639 1066 1694 ipse
1101 1639 1157 1680 sit
1180 1638 1331 1691 decem
1365 1638 1557 1680 miliumd
1590 1640 1831 1689 unciarum,
1866 1653 1950 1680 non
1982 1645 2125 1694 potest
2149 1654 2298 1681 secure
2322 1642 2381 1682 ita

283 1705 335 1748 de
367 1706 483 1748 facili
515 1707 679 1762 portari
711 1706 764 1747 ad
797 1707 1039 1762 quemlibet
1071 1707 1237 1756 locum;
1272 1709 1381 1763 petit
1413 1708 1561 1759 etiam,
1596 1707 1710 1762 quod
1736 1714 1991 1763 prorogetur
2015 1714 2200 1764 tempus,
2237 1711 2276 1750 in
2301 1724 2383 1764 que

283 1776 419 1831 possit
457 1789 644 1831 purgare
681 1789 845 1817 moram
889 1789 1020 1831 super
1052 1777 1268 1818 solutione
1305 1776 1515 1832 predicta.
1638 1783 1696 1823 (V)
1744 1776 1820 1817 Inc
1861 1777 2027 1818 decimo
2062 1779 2271 1834 capitulo,
2312 1778 2382 1819 ubi

284 1845 472 1900 loquitur
513 1844 567 1887 de
609 1858 788 1886 numero
830 1845 1201 1900 equitaturarum,
1245 1845 1359 1900 quod
1403 1845 1554 1901 incipit
1596 1844 1720 1886 ‘Item
1764 1846 2122 1901 quandocumque
2162 1847 2382 1888 Romanus

283 1913 481 1969 pontifex
513 1912 610 1957 etc?
643 1914 765 1970 petit,
799 1918 847 1955 ut
879 1918 1135 1956 amoveatur
1167 1929 1371 1957 numerus
1394 1928 1615 1970 equorum,
1655 1929 1751 1956 cum
1777 1916 1966 1958 sufficiat
1989 1917 2155 1958 dicere:
2192 1917 2317 1958 ‘bene
2342 1922 2385 1957 et

283 1981 487 2025 decenter
523 1982 711 2024 munitos
753 1985 797 2024 ct
836 1982 1040 2038 paratos'.
1159 1989 1239 2033 (VI)
1272 1983 1349 2025 Inc
1389 1983 1644 2026 duodecimo
1685 1985 1876 2040 capitulo
1911 1985 2024 2040 quod
2067 1986 2218 2042 incipit
2259 1985 2381 2027 ‘Item

282 2050 423 2094 dictus
463 2064 607 2093 comes
648 2054 691 2093 et
731 2051 824 2094 eius
866 2051 1052 2094 heredes
1086 2052 1182 2095 etc.’
1222 2053 1298 2095 fiat
1336 2053 1576 2095 moderatio
1618 2066 1696 2107 per
1727 2053 1947 2095 dominum
1981 2069 2139 2110 papam
2174 2055 2381 2109 magistro

277 2121 465 2163 -Alberto
509 2135 728 2163 concessa.
847 2127 942 2169 (Vn)
980 2122 1058 2163 In⁰
1098 2122 1396 2165 tertiodecimo
1441 2123 1633 2179 capitulo
1675 2122 1789 2178 quod
1835 2123 1986 2179 incipit
2030 2124 2155 2166 ‘Item
2197 2124 2292 2180 ipsc
2340 2128 2383 2165 ct

282 2190 442 2246 singuli
473 2190 660 2232 heredes
693 2189 761 2231 sui
793 2189 890 2231 etc.'
932 2191 1110 2246 petitur,
1143 2195 1192 2232 ut
1223 2192 1505 2247 exprimatur,
1540 2191 1653 2247 quod
1685 2192 1719 2232 si
1752 2191 1847 2243 ille,
1882 2193 1953 2247 qui
1986 2192 2120 2235 debet
2154 2194 2194 2234 in
2228 2193 2381 2248 Regno

283 2260 532 2313 succedere,
566 2263 742 2316 propter
764 2260 1008 2316 imperium,
1042 2260 1098 2302 ad
1120 2260 1234 2316 quod
1258 2261 1370 2303 forte
1395 2262 1562 2303 clectus
1585 2261 1731 2313 fuerit,
1764 2261 1833 2302 vel
1866 2266 2042 2317 propter
2065 2276 2382 2317 quamcumque

280 2330 410 2371 aliam
452 2343 628 2371 causam
670 2329 992 2371 successionem
1035 2330 1304 2371 recusaverit
1348 2329 1452 2371 dicti
1485 2329 1652 2385 Regni,
1697 2329 1856 2371 dictum
1900 2330 2104 2385 Regnum
2152 2331 2203 2372 ad
2248 2331 2382 2386 ipsius

279 2399 523 2441 recusantis
555 2398 735 2440 fratrem
759 2412 836 2441 seu
867 2399 1112 2454 proximum
1137 2400 1269 2441 alium
1293 2398 1562 2451 devolvatur,
1596 2400 1667 2454 qui
1691 2413 1715 2440 a
1738 2400 1895 2441 comite
1920 2399 2168 2454 supradicto
2192 2400 2375 2442 descen-

281 2467 393 2510 derit
424 2481 595 2523 quoquo
626 2467 767 2518 modo,
811 2468 1006 2523 legitimo
1038 2471 1194 2509 tamen.
1312 2474 1426 2516 (VIII)
1468 2467 1546 2509 Ιη0
1579 2469 1784 2510 vicesimo
1819 2467 2010 2510 secundo
2044 2469 2231 2523 capitulo
2265 2467 2378 2523 quod

280 2538 431 2593 incipit
469 2536 594 2578 ‘Item
631 2537 773 2578 nullas
818 2537 960 2578 tallias
993 2537 1061 2579 vel
1103 2537 1308 2579 collectas
1341 2536 1454 2590 etc.’,
1499 2537 1572 2579 ubi
1615 2537 1772 2579 dicitur
1808 2538 1850 2578 in
1890 2537 1974 2578 fine
2017 2538 2163 2579 ‘rebus
2203 2535 2379 2586 eorum',

281 2607 445 2662 petitur
465 2610 513 2647 ut
534 2605 736 2647 addatur:
773 2606 1111 2658 ‘ecclesiasticis‚
1146 2607 1267 2648 salva
1290 2607 1595 2648 nichilominus
1623 2620 1770 2648 eorum
1796 2607 1998 2648 libertate
2021 2607 2063 2648 in
2088 2606 2217 2648 rebus
2243 2606 2377 2662 patri-

282 2677 544 2718 monialibus
584 2675 638 2718 de
669 2675 811 2731 Regni
853 2676 1190 2728 consuetudine,
1236 2677 1271 2718 si
1312 2690 1440 2732 quam
1482 2675 1674 2718 habent'.
1794 2683 1870 2724 (IX)
1909 2677 1986 2717 Inc
2018 2677 2218 2717 vicesimo
2254 2679 2378 2715 sexto

283 2747 470 2802 capitulo
503 2745 617 2801 quod
648 2745 800 2801 incipit
831 2745 957 2788 ‘Item
991 2746 1153 2787 nullam
1190 2746 1591 2788 confederationem
1625 2760 1703 2787 seu
1742 2747 1988 2802 pactionem
2025 2747 2089 2787 vel
2124 2747 2377 2787 societatem

280 2815 411 2858 faciet
442 2813 539 2857 etc.⁷
577 2815 742 2870 petitur
780 2818 827 2855 ut
858 2814 1063 2856 addatur:
1105 2816 1320 2867 ‘scienter,
1355 2820 1399 2857 et
1431 2817 1466 2857 si
1499 2816 1630 2858 ctiam
1663 2816 1830 2857 faceret
1869 2815 2134 2870 ignoranter,
2170 2819 2374 2856 teneatur

281 2885 335 2926 ad
366 2884 618 2926 mandatum
650 2884 834 2927 ecclesie
866 2883 1102 2927 revocare’.
1223 2891 1282 2933 (X)
1316 2884 1393 2926 Inc
1426 2885 1632 2926 vicesimo
1666 2889 1821 2926 octavo
1857 2884 2047 2940 capitulo
2080 2883 2191 2939 quod
2226 2884 2377 2938 incipit

285 2954 441 3010 ‘Super
481 2954 753 2996 comitatibus
789 2967 891 2995 vero
932 2957 975 2994 et
1015 2954 1112 2995 aliis
1146 2952 1243 2995 etc.'
1283 2954 1461 3010 petitur,
1506 2958 1553 2995 ut
1594 2954 1668 2995 ubi
1701 2954 1888 3009 loquitur
1920 2952 1972 2994 de
2007 2953 2377 2998 concessionibus,

284 3023 486 3065 addatur:
521 3023 727 3078 ‘legitime
759 3023 885 3064 factis
919 3026 962 3064 et
985 3036 1068 3078 que
1091 3022 1251 3065 debent
1273 3024 1419 3065 valere
1443 3023 1495 3065 de
1521 3022 1642 3074 iure',
1676 3023 1796 3064 salva
1819 3021 2113 3063 moderatione
2137 3035 2214 3076 per
2236 3021 2375 3061 domi-

282 3106 384 3133 num
421 3105 579 3147 papam
616 3091 825 3146 magistro
845 3091 1038 3138 ,Alberto
1078 3105 1300 3133 concessa.
1411 3098 1489 3140 (XI)
1529 3092 1611 3132 Inc
1643 3091 1851 3132 vicesimo
1894 3104 2005 3131 nono
2039 3090 2227 3145 capitulo
2263 3089 2376 3145 quod

281 3161 432 3217 incipit
463 3160 588 3201 ‘Item
620 3159 734 3202 idem
768 3173 915 3201 comes
948 3160 1095 3202 veniet
1127 3160 1223 3202 etc?
1265 3161 1440 3217 petitur,
1473 3165 1521 3202 ut
1553 3160 1626 3201 ubi
1660 3159 1849 3215 loquitur
1881 3158 1933 3200 de
1968 3172 2146 3200 numero
2180 3159 2377 3209 militum,

283 3233 537 3272 amoveatur
567 3229 661 3285 ipse
693 3243 914 3281 numerus,
949 3229 983 3270 si
1017 3229 1159 3271 dictus
1192 3244 1334 3272 comes
1366 3231 1409 3271 in
1442 3231 1616 3286 propria
1637 3243 1825 3285 persona
1848 3227 1994 3280 vadat,
2028 3227 2130 3282 quia
2161 3242 2245 3269 non
2270 3229 2375 3279 vult,

286 3299 400 3355 quod
432 3298 532 3350 sibi,
573 3298 609 3339 si
646 3298 933 3353 personaliter
964 3298 1114 3351 vadat,
1155 3303 1299 3341 certus
1330 3314 1538 3340 numerus
1571 3298 1822 3355 prefigatur,
1868 3298 1969 3352 quia
2000 3297 2136 3338 multo
2170 3297 2377 3338 maiorem

285 3369 465 3410 duceret
495 3381 624 3423 quam
656 3367 837 3408 dicatur.
901 3366 978 3408 Set
1011 3367 1048 3408 si
1070 3367 1184 3409 forte
1207 3369 1499 3423 personaliter
1521 3382 1607 3409 non
1636 3368 1733 3419 iret,
1767 3367 1880 3408 bene
1904 3367 2050 3421 placet
2073 3365 2229 3417 eidem,
2265 3366 2376 3421 quod

286 3437 504 3493 predictus
536 3452 742 3479 numerus
783 3441 997 3478 statuatur
1029 3441 1074 3478 et
1101 3437 1175 3478 ubi
1208 3438 1380 3489 dicitur,
1423 3438 1537 3493 quod
1571 3437 1756 3492 quilibet
1797 3436 1959 3477 habeat
1993 3440 2176 3490 quatuor
2209 3436 2376 3490 equita-

284 3510 419 3558 turas,
451 3506 654 3548 addatur:
687 3506 939 3548 ‘secundum
971 3506 1110 3560 magis
1133 3510 1176 3546 et
1196 3507 1353 3560 minus,
1386 3507 1470 3548 itae
1502 3506 1670 3548 scilicet
1702 3505 1815 3561 quod
1850 3505 1970 3546 mille
1995 3505 2155 3546 milites
2186 3504 2379 3545 habeant

285 3575 339 3616 ad
378 3576 519 3616 minus
565 3579 749 3630 quatuor
787 3575 906 3616 milia
945 3573 1183 3630 equorum'.
1303 3582 1399 3623 (ΧΙΙ)
1445 3575 1520 3616 Inc
1568 3575 1787 3616 tricesimo
1827 3574 2018 3629 capitulo
2071 3573 2185 3628 quod
2226 3573 2379 3628 incipit

307 3676 394 3713 423.
427 3679 458 3720 b)
483 3684 516 3712 et
538 3681 562 3709 ὃ
581 3690 711 3721 semper
734 3691 785 3712 or.
903 3677 932 3720 c)
951 3678 1130 3720 praecedit
1153 3678 1286 3721 siqnmn
1311 3679 1333 3719 ,ξ
1356 3679 1393 3711 Ιἱη
1418 3690 1467 3711 or.
1580 3676 1615 3719 (¹)
1644 3678 1895 3711 ‹lecemmilium
1924 3690 1972 3710 or.
2085 3679 2116 3721 θ)
2143 3679 2191 3709 ita
2219 3694 2257 3699 —-
2285 3677 2377 3709 mille

107 3743 140 3768 50
174 3735 212 3768 ’ἱπ
234 3747 364 3769 rasura
389 3748 439 3769 or.

2034 3786 2102 3819 70*
