2558 3970
203 199 283 238 555
600 193 848 227 MANFREDI
876 192 1015 226 REGIS
1042 190 1275 225 EPISTOLA
1304 190 1367 223 AD
1392 189 1636 224 ROMANOS.
1687 189 1785 224 1265.
1835 190 1897 224 Nr.
1920 189 1996 224 424.

204 311 426 364 ripationis
470 309 659 348 existent
703 308 864 347 ratione
906 307 1040 361 patrie
1080 305 1318 360 potestatis.
1438 304 1473 357 (l
1494 307 1529 358 l)
1562 304 1847 344 Declaramus
1880 304 2009 345 etiam
2042 304 2084 344 in
2117 305 2297 345 articulo
2329 305 2384 346 de

204 379 398 432 imperio.
432 376 542 430 quod
578 377 611 416 si
645 376 733 429 regi
768 375 916 416 Sicilie
949 376 1039 415 sine
1070 375 1155 414 filio
1179 373 1404 414 decedenti
1429 377 1646 427 superstes
1670 373 1725 412 sit
1746 372 1848 424 filia,
1882 386 1964 427 que
1988 373 2252 428 imperatori,
2284 373 2384 414 dum

206 455 328 500 pater
360 446 540 486 viveret.
582 444 710 485 fuerit
750 443 1011 497 desponsata
1042 443 1111 483 vel
1144 445 1298 496 nupta,
1337 455 1422 482 non
1454 439 1659 481 succedat
1689 441 1731 480 in
1763 440 1939 495 Regn03
1973 445 2016 481 et
2054 441 2088 481 si
2120 441 2273 496 Regno
2307 441 2385 482 sibi

203 514 344 553 delato
388 513 633 567 imperatori
677 512 887 566 nupserit,
935 510 1060 551 cadat
1099 510 1295 565 protinus
1328 509 1381 550 ab
1414 509 1588 557 eodem,
1633 508 1715 549 nisi
1746 509 1811 549 vir
1843 508 1936 550 eius
1969 509 2171 564 imperio,
2211 523 2385 564 prorsus

204 581 452 621 renuntians
485 581 697 634 Regnum.
732 579 995 620 solummodo
1029 579 1083 619 sit
1115 582 1355 619 contentus.
1416 577 1465 617 In
1496 577 1631 631 primo
1663 580 1805 618 autem
1840 590 1962 629 casu,
1996 578 2168 632 repulsa
2198 577 2298 630 filia,
2331 577 2384 619 ad

203 663 407 703 personas
440 649 536 689 illas
570 649 752 689 servatis
786 648 991 702 gradibus
1024 646 1224 701 Regnum
1255 646 1494 701 perveniat,
1528 659 1634 700 quas
1664 645 1986 700 prenotavimus
2011 645 2054 686 in
2075 646 2227 701 Regno
2255 660 2384 702 posse

203 717 452 760 succedere.
499 718 531 757 si
576 717 665 771 regi
709 721 953 771 premortuo
998 715 1122 756 liberi
1166 729 1250 756 non
1294 715 1521 769 supersint.
1583 712 1633 754 In
1672 713 1861 755 secundo
1895 718 2038 755 autem
2072 728 2173 756 casu
2204 728 2385 769 regnum

204 787 341 840 ipsum
383 785 434 825 ad
471 785 712 826 Romanam
756 785 985 825 ecclesiam
1025 783 1292 825 devolvatur.
1411 782 1502 837 (12)
1543 782 1618 822 111⁰
1649 782 1828 823 articulo
1860 796 1963 824 vero
2002 782 2238 838 penultimo
2270 783 2384 824 dicte

204 855 369 896 ccdule.
402 856 443 895 in
476 868 558 908 quo
592 853 644 895 de
679 854 918 894 iuramento
950 853 1103 907 agitur.
1138 853 1179 892 in
1212 852 1291 893 hoc
1315 853 1510 893 volumus
1533 851 1734 892 comitem
1767 851 1990 903 honorare,
2026 850 2136 906 quod
2159 855 2387 907 postquam

202 924 292 977 ipse
327 937 449 963 suum
483 922 606 963 nobis
639 922 878 977 prestiterit
915 922 1221 971 iuramentum,
1262 921 1503 961 iuramenta
1540 920 1749 961 baronum
1783 923 1826 960 et
1857 919 2078 961 hominum
2110 919 2213 961 dicti
2243 920 2386 975 Regni

201 992 334 1032 semel
368 997 532 1031 tantum
567 991 609 1030 in
642 991 727 1031 vita
766 990 901 1044 ipsius
941 993 1201 1044 prestentur‚
1245 993 1310 1030 set
1341 992 1440 1043 post
1471 988 1701 1030 decessum
1734 987 1926 1029 eiusdem
1958 988 2160 1030 iurabunt
2189 988 2386 1031 Romano

201 1060 391 1115 pontifici
426 1072 696 1100 successores
730 1059 863 1113 ipsius
897 1062 939 1099 et
972 1057 1276 1098 nichilominus
1300 1057 1484 1098 barones
1509 1060 1552 1098 et
1575 1057 1770 1098 homines
1793 1056 1896 1097 dicti
1918 1056 2060 1112 Regni
2084 1057 2204 1098 iuxta
2226 1057 2386 1098 formas

203 1130 243 1168 in
277 1127 612 1172 conditionibus,
659 1141 764 1181 quas
805 1127 959 1177 tulisti,
1005 1126 1254 1180 diligentius
1299 1129 1523 1177 exaratas,
1574 1125 1823 1167 iuramentis
1857 1125 2065 1166 dictorum
2103 1125 2314 1167 baronum
2346 1130 2390 1168 et

202 1198 418 1237 hominum
452 1196 504 1237 de
537 1195 745 1237 decennio
779 1195 820 1235 in
853 1194 1109 1235 decennium
1143 1194 1415 1235 renovandis.
1535 1192 1629 1248 (13)
1663 1193 1818 1241 Quod0
1850 1207 1951 1235 vero
1992 1193 2045 1235 de
2077 1194 2389 1249 quinquaginta

203 1266 375 1306 milibus
419 1278 657 1305 marcarum
700 1263 967 1304 remittendis
1010 1263 1150 1304 eidem
1192 1267 1277 1303 tam
1322 1263 1376 1305 ab
1414 1263 1508 1318 ipso
1548 1276 1676 1317 quam
1716 1277 1741 1303 a
1777 1276 1881 1317 rege
1922 1262 2130 1318 postulari
2163 1262 2386 1318 scripsisti,

202 1335 316 1374 nulla
350 1333 531 1373 vidimus
564 1334 727 1374 ratione
761 1331 1007 1387 petendum,
1039 1345 1135 1372 cum
1168 1332 1224 1373 sit
1256 1332 1360 1373 satis
1393 1331 1561 1373 modica
1593 1331 1824 1386 quantitas,
1859 1335 1901 1372 et
1933 1331 2020 1372 sint
2042 1345 2174 1373 onera
2195 1331 2386 1373 maxima

200 1401 310 1443 sedis
343 1401 487 1442 huius:
521 1416 613 1442 cum
648 1407 790 1442 tamen
822 1401 1062 1455 negotium,
1096 1400 1149 1442 de
1182 1414 1263 1455 quo
1296 1399 1450 1454 agitur,
1490 1399 1584 1440 Deo
1618 1399 1746 1441 dante
1779 1399 1964 1441 feliciter
2002 1400 2246 1441 consumari
2285 1414 2386 1441 con-

203 1471 360 1524 tigerit,
394 1470 646 1525 petitionem
672 1469 865 1511 eiusdem
889 1469 1058 1510 comitis
1081 1483 1135 1510 ex
1159 1472 1281 1524 parte
1307 1469 1460 1509 saltem
1484 1469 1642 1522 aliqua,
1676 1468 1727 1509 de
1750 1482 1834 1523 qua
1855 1468 1978 1510 nobis
2002 1468 2055 1510 ad
2077 1472 2222 1524 grates
2245 1469 2386 1511 teneri

201 1539 376 1580 debeat.
411 1537 649 1580 audiemus,
712 1538 807 1580 Hec
840 1542 939 1579 sunt
971 1552 1053 1593 que
1086 1538 1196 1593 apud
1238 1552 1314 1579 nos
1354 1538 1482 1592 plena
1515 1537 1826 1578 deliberatione
1861 1537 2111 1589 statuimus,
2154 1537 2197 1578 in
2231 1537 2388 1592 quibus

201 1608 384 1662 qualiter
416 1612 458 1648 et
489 1620 570 1661 quo
604 1607 682 1648 tibi
715 1607 770 1648 sit
803 1607 952 1648 ordine
994 1606 1332 1662 procedendum,
1375 1620 1453 1661 per
1485 1606 1615 1647 aliam
1653 1606 1862 1658 litteram,
1912 1619 2039 1660 quam
2071 1619 2168 1647 cum
2200 1606 2283 1647 ista
2313 1609 2386 1647 tue

200 1676 447 1717 discretioni
487 1676 878 1725 transmitttimus¹‚
920 1677 1047 1731 plene
1088 1676 1251 1731 poteris
1290 1675 1480 1726 edoceri,
1524 1675 1567 1715 in
1600 1689 1684 1729 qua
1715 1675 1904 1716 rationes
1936 1678 2143 1730 urgentes
2175 1674 2385 1727 invenies,

201 1759 282 1799 que
314 1745 366 1785 ad
400 1744 650 1785 firmandam
682 1745 1005 1799 responsionem
1039 1744 1286 1785 huiusmodi
1317 1758 1394 1785 nos
1428 1747 1662 1785 moverunt.

347 1813 446 1854 Dat.
479 1812 591 1867 apud
627 1813 1003 1861 Vrbemueterem,
1044 1813 1170 1854 XIII.
1203 1812 1299 1854 Kal.
1333 1811 1574 1864 Decembr.‚
1616 1812 1890 1866 pontificatus
1924 1813 2055 1853 nostri
2098 1825 2208 1853 anno
2244 1812 2384 1853 tertio.

440 2197 567 2262 4³24.
615 2192 1197 2263 MANFREDI
1239 2193 1569 2265 REGIS
1620 2192 2151 2264 EPISTOLA

930 2296 1072 2366 AD
1123 2295 1655 2368 ROMANOS.

1098 2420 1241 2467 1265.
1280 2421 1389 2468 Mai.
1422 2422 1500 2468 24.

345 2551 575 2602 Epistolam
620 2552 839 2604 insiyncm,
877 2566 950 2604 por
989 2566 1114 2605 quemn
1151 2553 1408 2608 Mansi⁴ecl·a3
1445 2554 1502 2595 acl
1537 2555 1756 2605 imperium
1793 2554 2023 2604 anhelavit,
2063 2554 2242 2595 servavit
2279 2553 2391 2595 solas

200 2619 323 2660 codor
354 2619 687 2661 Pcmormilamcs
710 2621 922 2673 principis
952 2622 1138 2663 Filaliac
1169 2635 1271 2665 Sacc.
1297 2622 1426 2663 XIV.
1451 2623 1509 2664 m.
1541 2637 1602 2674 cp.
1625 2624 1693 2673 27,
1731 2636 1751 2663 c
1781 2636 1860 2675 (sao
1890 2635 1980 2663 cam
2010 2622 2095 2663 iam
2127 2622 2224 2663 olim
2253 2635 2387 2662 oxom-

195 2688 330 2737 stlace't
363 2687 498 2731 Perti.
559 2689 673 2729 Idem
712 2689 834 2730 coclea:
874 2690 970 2730 usui
1002 2689 1094 2744 fail
1132 2690 1305 2732 editioni
1335 2692 1418 2732 viri
1448 2691 1487 2731 cl.
1515 2690 1698 2743 Gapasso
1729 2690 1936 2732 ‘Historia
1973 2689 2240 2743 diplomatica
2270 2690 2389 2742 reym'

199 2756 366 2796 ,Siciliae
400 2757 492 2798 {mlo
521 2758 572 2798 ab
604 2770 715 2798 mmo
738 2758 848 2798 1:250
879 2759 935 2799 acl
964 2772 1124 2799 ammom
1151 2760 1274 2800 1266’
1303 2774 1345 2811 φ).
1367 2761 1451 2800 274
1482 2772 1549 2800 ην.
1573 2761 1670 2800 460.
1732 2759 1924 2800 Rubrum
1955 2758 2148 2810 epistolae
2178 2758 2225 2798 in
2255 2757 2386 2799 codice

195 2825 466 2873 praemissum
499 2828 557 2866 est
588 2827 689 2867 talo:
732 2826 829 2868 Rex
860 2826 1110 2868 Manfredus
1151 2828 1300 2869 scribit
1338 2828 1507 2869 senatui
1552 2829 1798 2883 populoque
1831 2827 2025 2868 Romano
2060 2830 2102 2868 et
2134 2825 2237 2867 dicit
2270 2825 2384 2881 quod

219 2894 390 2934 ’nomana
424 2894 606 2935 ecclesia
638 2909 720 2935 non
754 2895 885 2937 habet
917 2910 963 2936 se
1005 2897 1290 2937 intromittere
1323 2896 1377 2937 acl
1411 2896 1700 2937 coronandum
1733 2896 1800 2936 vel
1833 2895 2022 2936 dandum
2054 2895 2182 2936 alicui
2215 2894 2385 2949 imperii

201 2960 415 3012 diadema,
459 2967 523 3003 set
565 2962 665 3003 urbs
707 2968 871 3004 tantum
904 2964 1045 3005 Roma
1083 2965 1270 3006 maxima
1311 2965 1457 3006 mundi
1498 2965 1635 3020 capud
1669 2969 1712 3006 et
1753 2969 1892 3006 mater
1929 2965 2098 3019 imperii
2130 2964 2209 3005 hoc
2241 2963 2385 3005 facere

200 3028 327 3069 debet
361 3031 616 3071 auctoritate
649 3032 714 3071 sui
748 3038 940 3083 senatus,
972 3033 1242 3087 proconsulis
1274 3037 1317 3074 et
1350 3034 1557 3085 comunis,
1591 3038 1633 3075 et
1664 3033 1874 3087 premittit
1895 3033 2055 3075 eisdem
2081 3033 2263 3073 salutem
2289 3044 2385 3072 eum

202 3097 350 3136 salutis
384 3099 554 3152 proprie
586 3100 780 3142 necione.
846 3100 1020 3153 C'oynlta
1045 3100 1136 3155 fail
1167 3101 1336 3152 epistola
1368 3101 1597 3142 meeisco
1628 3100 1804 3152 Plplno,
1835 3102 1909 3153 qai
1938 3101 1985 3141 in
2020 3100 2214 3141 Chronici
2244 3100 2271 3141 l.
2293 3099 2385 3148 III,

199 3178 227 3203 τ’.
251 3169 275 3201 1)·
307 3165 540 3206 (illm-affori
581 3167 824 3221 &Scriptores
862 3182 1002 3209 rerum
1039 3169 1300 3210 Italioaram'
1340 3170 1421 3220 IX,
1446 3172 1548 3224 681)
1589 3170 1803 3211 exordium
1845 3169 2069 3223 (Armenia
2101 3193 2154 3198 —
2186 3166 2383 3222 arbitrio)

200 3235 234 3269 ‘l
258 3236 420 3282 partem
452 3235 600 3285 capitis
623 3236 674 3275 15
706 3250 754 3277 ac
784 3239 907 3288 capul
929 3239 983 3276 16
1015 3236 1186 3289 (Cesset
1218 3262 1270 3267 —-
1303 3243 1453 3280 sancta
1485 3238 1585 3292 Dei)
1625 3238 1751 3288 affort
1789 3241 1825 3279 cl
1864 3238 1988 3279 ctiam
2026 3237 2152 3278 rubro
2182 3248 2284 3276 usas
2313 3238 2383 3276 cst.

203 3300 374 3340 Tea-‚lum
405 3302 622 3343 admodum
659 3304 930 3356 (lepravalmn
961 3308 998 3346 ct
1028 3306 1075 3346 in
1106 3306 1255 3357 coelico,
1298 3310 1340 3348 at
1370 3307 1544 3358 videtur,
1583 3307 1819 3348 multotiens
1850 3306 1921 3347 via*
1952 3306 2152 3358 loqz'bilom
2182 3304 2384 3356 oasllyare

201 3370 493 3419 amm<zrinezcs3
526 3372 766 3414 lectionibus
797 3373 956 3415 Peraea
986 3377 1022 3415 ol
1058 3374 1235 3426 C'apassl
1265 3376 1339 3416 sab
1371 3376 1488 3428 slylls
1510 3376 1544 3416 P
1573 3378 1610 3415 ct
1640 3374 1672 3415 O
1704 3374 1879 3425 notati&
1910 3373 2187 3427 compluribus
2217 3373 2264 3413 in
2288 3372 2386 3413 locis

2425 938 2457 963 10

2426 1279 2457 1304 15

2425 1621 2458 1647 20

2427 2333 2459 2358 25

2422 2777 2456 2802 30

2422 3119 2454 3143 35

199 3436 318 3475 etiam
353 3436 498 3487 Pipim'
537 3440 650 3482 laelio
689 3454 764 3482 nos
801 3443 975 3484 adiuvit.
1036 3444 1236 3484 Attamen
1274 3457 1357 3484 non
1389 3445 1527 3485 onmia
1560 3456 1632 3483 nos
1663 3443 1882 3484 absolvisse
1914 3444 2164 3494 confitemur.
2225 3441 2278 3481 1η
2312 3440 2379 3480 in-
2419 3458 2453 3482 40

202 3504 447 3554 aestimandis·
489 3507 602 3556 locis,
643 3509 715 3559 qni
752 3524 771 3550 o
806 3511 982 3562 empore
1019 3512 1128 3552 iuris
1167 3513 1287 3563 petiti
1327 3516 1443 3562 sunt,
1484 3512 1694 3552 [mammes
1725 3510 1889 3551 Merkel
1927 3511 2078 3562 collcqa
2119 3508 2294 3549 sudavit.
2328 3531 2381 3536 —

200 3569 390 3619 Imaum,
424 3572 523 3625 Jee‘q.
559 3576 652 3628 imp.
680 3576 722 3625 V,
748 3580 874 3618 4760.
2007 3576 2077 3631 (Ρ.
2101 3577 2241 3629 deest)

340 3674 369 3709 1„
398 3674 495 3715 Qum:
522 3675 696 3718 huc-nsque
722 3678 759 3709 in„
785 3679 896 3712 lucem
924 3681 1050 3714 venisse
1076 3692 1149 3715 ‘non
1173 3682 1323 3715 videtur.
