2558 3970
240 149 320 187 272
726 145 964 179 FRIDERICI
990 145 1032 178 ΙΙ.
1059 144 1484 179 CONSTITUTIONES.
1535 147 1632 180 1236.
1681 146 1838 181 N1-.201.
1863 146 1940 180 202.

239 261 275 300 ei
311 261 534 314 pecuniam
570 260 788 300 infinitam.
821 263 867 299 ut
901 263 1089 299 nostram
1124 259 1289 300 lederet
1321 261 1604 301 maiestatem.
1667 260 1829 300 Aliudd
1853 262 1988 301 eciam
2013 262 2163 315 spiritu
2187 276 2263 302 sue
2287 261 2415 302 fatui-

237 330 334 368 tatis
357 328 567 369 inductus.
601 328 708 381 quod
734 328 856 368 nobis
880 332 944 367 est
968 328 1091 368 valde
1116 329 1358 380 molestum,
1390 343 1471 369 non
1496 333 1561 370 est
1582 330 1743 370 veritus
1765 332 2025 383 attemptare
2037 336 2066 379 θ,
2099 329 2416 370 sanctissimum

237 398 276 436 in
312 396 480 435 Christo
515 400 678 450 patrem
713 409 923 435 summum
966 396 1229 449 pontificem,
1270 401 1316 437 ut
1349 397 1428 437 sibi
1462 401 1577 438 esset
1616 397 1883 447 favorabilis,
1926 397 2130 439 inducere
2163 397 2414 452 satagendo.

238 464 330 516 (2¹2³
364 464 570 504 Protei-ea
603 464 781 503 nuncios
814 468 982 503 nostros
1017 464 1056 503 in
1090 465 1318 505 securitate
1353 479 1429 505 sua
1461 469 1503 505 et
1526 464 1736 505 conductu
1759 469 1954 519 receptos
1985 466 2158 520 spoliari
2181 466 2414 507 mandavit.

238 531 425 571 Exenias
456 545 623 585 quoquc
657 538 760 585 perg
791 531 943 571 ducem
975 531 1161 572 Ruscieh
1194 533 1315 574 nobis
1349 534 1599 574 transmissa
1631 533 1797 573 nunciis
1830 533 1944 574 eiusi
1974 534 2017 574 in
2049 537 2342 588 contemptum
2371 539 2413 575 et

236 600 430 639 iniuriam
471 607 658 639 nostram
698 599 798 639 fecit
829 599 1000 641 auferri.
1064 599 1217 641 Castra
1249 606 1414 651 autem,
1458 616 1539 656 que
1573 601 1899 656 Ratisponensis
1931 601 2147 656 quondam
2179 602 2413 643 advocatus

236 667 358 707 nobis
392 673 433 707 et
465 668 644 722 imperio
679 668 719 707 in
753 673 887 708 morte
912 682 987 708 sua
1020 669 1260 722 legaverat,
1294 669 1550 725 occupavitk
1582 683 1661 710 nee
1686 670 1860 710 obmisit
1883 673 2038 710 cuneta
2058 683 2306 725 presumere
2330 685 2412 726 que

235 735 355 774 nobis
390 740 535 775 essent
567 740 609 775 et
651 736 828 790 imperio
873 736 1161 778 nocumento¹.
1281 738 1372 791 (13)
1417 737 1499 784 Qui
1534 751 1629 777 cum
1662 751 1741 778 nec
1773 737 1915 779 Deum
1948 738 2117 790 timeat,
2160 739 2267 779 sicut
2297 738 2412 789 dicit,

236 818 312 842 ncc
346 803 446 842 velit
482 809 696 844 terrenum
730 803 965 844 dominium
1000 806 1206 853 revereri,
1250 810 1435 846 nature¹¹¹
1467 806 1760 847 reverenciam
1792 813 1903 847 nonn
1935 807 2187 859 observans,
2227 807 2414 848 nobilem

234 871 447 911 dominnm
490 878 667 912 inatrcln
709 887 825 912 suani
866 873 953 912 suis
987 873 1106 913 bonis
1141 874 1339 914 omnibus
1374 875 1598 929 spoliatam
1631 875 1682 916 de
1716 879 1830 915 terra
1863 890 1940 916 sua
1979 876 2162 930 turpiter
2192 876 2414 930 effugavit,

235 949 275 979 ct
316 941 348 979 si
389 955 538 980 manus
581 942 621 980 in
663 955 755 981 cam
799 941 957 981 inicere
999 943 1231 996 potuisset.
1273 943 1408 984 ubera
1442 944 1534 984 eius
1567 944 1716 984 infelix
1748 944 1875 984 hoino
1908 944 2127 998 precidere
2159 944 2412 986 minabatur.

236 1008 289 1047 Er
332 1009 435 1048 nisi⁰
474 1009 524 1048 :id
566 1014 624 1050 tc.
667 1009 868 1049 dilectum
910 1010 1145 1064 principem
1188 1015 1379 1051 nostrum
1412 1015 1455 1051 et
1495 1011 1710 1063 affineinl‘,
1756 1012 2002 1066 confugium
2034 1012 2277 1064 habuisset,
2319 1026 2414 1053 cum

237 1077 415 1117 consilio
448 1083 519 1117 tuo
553 1077 605 1117 ad
639 1078 905 1131 presenciam
940 1083 1128 1118 nostram
1163 1079 1388 1129 accedens,
1422 1093 1507 1120 non
1540 1079 1720 1121 haberet
1752 1080 1825 1120 ubi
1857 1080 1994 1135 capud
2026 1084 2144 1122 tante
2178 1081 2412 1122 nobilitatis

2450 888 2482 912 10

234 1145 403 1185 domina
447 1146 687 1185 reclinaret.
765 1145 858 1191 Quo
898 1146 1084 1186 lacrimis
1126 1151 1229 1201 aput
1261 1146 1400 1187 Deum
1445 1152 1487 1188 et
1529 1162 1606 1188 nos
1651 1149 1839 1190 clamore
1885 1150 2084 1190 continuo
2118 1150 2297 1204 querula
2328 1164 2413 1190 non
2458 1195 2462 1199 ,

233 1219 372 1253 cessat
405 1213 617 1253 iusticiam
658 1214 735 1254 sibi
771 1214 976 1254 adversus
1017 1220 1101 1254 tam
1136 1215 1375 1270 improbum
1407 1216 1541 1256 filium
1573 1217 1815 1272 implorare.
1936 1217 2030 1271 (14)
2063 1218 2155 1259 Nec
2187 1231 2413 1273 possumus

234 1282 406 1321 silencio
448 1283 654 1336 preterire
697 1284 902 1337 qualiter,
952 1283 1187 1324 marchioni
1219 1284 1495 1325 Missinensiq
1527 1300 1668 1326 sorore
1708 1301 1785 1326 sua
1817 1287 1969 1341 nuptui
1999 1286 2175 1337 tradita,
2222 1287 2264 1327 in
2298 1291 2414 1327 terra

233 1364 307 1389 sua
349 1351 513 1404 nupciis
554 1351 798 1401 celebratis,
840 1366 933 1392 cum
974 1352 1110 1406 prima
1148 1353 1259 1393 thori
1298 1354 1456 1408 gaudia
1505 1355 1833 1406 celebrassentr,
1877 1369 2109 1409 aggressus
2152 1358 2219 1396 est
2258 1368 2332 1396 eos
2372 1356 2414 1396 in

233 1419 340 1458 lecto
373 1418 507 1459 nudos
541 1424 582 1460 et
615 1434 791 1473 surgere
824 1434 908 1461 non
942 1422 1149 1475 permisit,
1184 1421 1320 1463 donec
1354 1436 1426 1463 eos
1460 1423 1501 1462 in
1534 1424 1731 1464 manibus
1765 1425 1856 1464 eius
1890 1438 2060 1465 omnem
2083 1424 2227 1465 dotem
2258 1428 2300 1465 et
2332 1424 2413 1475 ius,

231 1486 283 1526 de
317 1488 471 1541 quibus
505 1487 731 1528 tenebatur
755 1490 815 1529 eis
838 1504 913 1544 pro
937 1490 1162 1544 maritagio
1186 1491 1462 1545 respondere,
1496 1493 1683 1547 oportuit
1704 1493 1974 1533 neccessario
1999 1493 2233 1544 remisisse,
2267 1497 2415 1534 eontra

232 1556 506 1596 securitatem
541 1556 622 1596 sibi
656 1558 945 1611 p1·01nissa1n⁵,
979 1559 1090 1612 quod
1122 1560 1282 1599 nullam
1317 1559 1493 1600 deberet
1516 1561 1554 1600 ei
1577 1561 1836 1615 peticionem
1862 1561 2002 1602 facere
2025 1562 2093 1602 vel
2117 1561 2412 1602 remissionem

231 1624 418 1677 aliquam
453 1625 686 1679 postulare:
720 1627 855 1666 metu*
889 1626 1064 1681 insuper
1095 1628 1266 1668 incusso
1299 1629 1653 1669 ministerialibus
1686 1630 1788 1680 suis,
1822 1629 1961 1684 quodu
1993 1630 2136 1670 nullus
2170 1629 2413 1680 evaderetv,

230 1693 311 1732 nisi
338 1693 574 1747 quicquidw
606 1695 794 1748 pecierat
817 1696 1119 1750 compleretur,
1152 1702 1225 1737 utX
1248 1697 1329 1738 sibi
1352 1702 1395 1738 et
1417 1698 1513 1738 aliis
1539 1698 1625 1738 suis
1648 1698 1808 1739 intimis
1831 1703 2080 1754 persecutor
2103 1702 2173 1739 ety
2203 1702 2412 1753 tyrannus

231 1761 427 1801 omnibus
461 1761 501 1801 in
536 1763 749 1802 communi
781 1765 992 1804 omniumz
1033 1765 1217 1805 iudicioa
1255 1771 1496 1807 censeatur.
1615 1766 1709 1822 (15)
1750 1767 1917 1814 Quibus
1951 1767 2147 1808 omnibus
2179 1768 2414 1819 lacessitib,

229 1843 322 1869 cum
357 1834 475 1870 tanta
505 1835 622 1871 esset
654 1832 786 1885 ipsius
819 1832 1018 1887 iniquitas
1052 1838 1099 1873 ut
1120 1835 1290 1875 veniam
1323 1836 1476 1876 mereri
1507 1849 1592 1877 non
1624 1839 1783 1890 posset,
1817 1835 1871 1876 ad
1894 1839 1954 1876 tot
1977 1835 2266 1890 querimonias
2290 1835 2407 1890 prin-

228 1899 366 1952 cipum
401 1899 440 1937 in
476 1903 618 1939 nostra
660 1902 884 1953 presencia
917 1902 1168 1956 replicatas,
1209 1903 1261 1943 ad
1304 1904 1501 1958 querelas
1536 1908 1577 1944 et
1616 1905 1814 1945 lacrimas
1847 1905 1994 1945 matris
2029 1918 2104 1945 sue
2137 1904 2323 1958 petentis
2356 1903 2409 1945 de

229 1967 330 2006 sede
365 1972 509 2007 nostra
533 1968 748 2016 iudicium,
782 1969 834 2009 ad
859 1970 1106 2011 lacrimosas
1130 1985 1256 2012 voces
1290 1972 1509 2023 nobilium,
1541 1973 1823 2027 popularium,
1857 1972 2160 2027 orphanorum,
2190 1971 2413 2013 viduarum

229 2041 269 2075 et
303 2036 487 2076 oninium
522 2037 860 2078 inhabitancium
903 2043 1059 2080 terram
1103 2054 1221 2080 suam
1265 2055 1407 2081 coram
1439 2040 1534 2082 Deo
1568 2046 1611 2082 et
1647 2042 1769 2082 nobis
1804 2042 2088 2082 elamancium
2120 2045 2268 2082 eontra
2301 2055 2412 2092 eum,

228 2104 498 2145 attendentes
533 2106 705 2159 insuper
736 2107 922 2147 offensas
957 2112 1126 2149 nostras
1161 2112 1203 2149 et
1234 2110 1399 2163 imperii
1430 2123 1509 2164 per
1531 2124 1628 2150 eum
1660 2110 1857 2164 nequiter
1888 2114 2190 2164 attemptatas,
2223 2109 2277 2150 ad
2310 2124 2411 2150 con-

228 2173 398 2226 dignam
439 2174 529 2214 eius
572 2175 910 2216 correccionem⁰
941 2177 1142 2231 exigente
1185 2178 1357 2219 iusticia
1389 2178 1587 2219 duximus
1629 2179 1960 2233 insurgendum,
2002 2179 2251 2233 responsuri
2283 2179 2412 2219 stulto

231 2241 466 2282 secundum
500 2243 731 2283 stulticiam
764 2258 904 2295 suam,
943 2259 996 2286 ne
1031 2245 1109 2286 sibi
1149 2247 1321 2302 sapiens
1354 2247 1565 2297 videatur,
1598 2247 1695 2288 setd
1726 2247 1886 2288 discate
1920 2261 1996 2302 per
2028 2261 2074 2288 se
2107 2247 2264 2302 ipsum,
2307 2260 2410 2301 qua—

230 2310 326 2349 liter
358 2309 497 2350 Deum
532 2311 680 2352 timere
714 2311 872 2353 debeat
904 2317 946 2354 et
977 2328 1054 2355 nos
1088 2318 1130 2354 et
1162 2315 1388 2370 imperium
1421 2319 1621 2357 teneatur
1652 2315 1789 2356 modis
1823 2316 2022 2356 omnibus
2054 2315 2255 2357 revereri.
2318 2314 2411 2362 Que

229 2379 368 2418 omnia
409 2379 484 2419 tibi
526 2384 568 2420 et
613 2381 708 2420 aliis
750 2382 1012 2437 principibus
1054 2383 1210 2424 nostris
1251 2384 1450 2425 duximus
1493 2384 1770 2439 exponenda,
1817 2389 1863 2425 ut
1894 2384 1955 2424 rei
1990 2383 2198 2424 certitudo
2231 2383 2284 2424 ad
2318 2383 2410 2424 eius

230 2448 531 2488 exterminium
574 2453 719 2503 pateat
758 2452 981 2492 universis.
1051 2451 1183 2492 Namf
1214 2454 1471 2494 refrenanda
1503 2458 1570 2495 est
1601 2454 1823 2495 temeritas
1856 2453 2162 2508 malignorum,
2194 2456 2242 2493 ut
2270 2452 2412 2507 pleni&

228 2519 367 2555 metus
400 2516 610 2557 tardiores
644 2518 728 2558 sint
760 2519 829 2559 alii
861 2519 913 2560 ad
947 2521 1112 2561 scelera
1143 2522 1490 2563 committendah.

716 2735 818 2776 202.
861 2736 1196 2779 PROMISSIO
1233 2737 1672 2780 IMPERATORIS.
1732 2739 1922 2779 Ῑιιη.27.

372 2813 620 2854 Praebemus
660 2830 710 2855 ca)
739 2816 992 2868 aedom-apho
1031 2817 1232 2858 tabe-clarii
1262 2818 1380 2870 rcgmi
1408 2818 1637 2868 Bawaricc,
1669 2819 1735 2859 cui
1765 2819 1931 2859 illatum
1960 2821 2019 2859 cst
2048 2832 2068 2858 c
2099 2816 2307 2858 tabulario
2327 2815 2411 2867 epi-

229 2882 382 2932 scopali
424 2881 678 2923 Pataewe'ensi.
744 2884 917 2925 Litteris
952 2886 1191 2936 patentibus
1231 2886 1468 2927 etiamnunc
1508 2886 1599 2927 lora
1638 2887 1948 2927 membranacea
1985 2885 2188 2937 appendet
2225 2884 2410 2936 siyz'llum

230 2949 491 2999 aliquantum
531 2951 705 3001 laeszcm;
747 2952 789 2991 ln
826 2953 946 2993 dorso
986 2966 1113 2993 mcmu
1152 2966 1255 2995 saec.
1278 2954 1402 2995 XIV.
1436 2955 1648 3007 leyzmtur:
1689 2954 1929 3009 Imperator
1968 2968 2064 2994 eum
2104 2952 2202 2994 duci
2232 2952 2408 2993 Austrie

231 3023 370 3071 pacat.
444 3019 513 3059 Ea:
558 3021 809 3072 (cutoyrapho
850 3021 1067 3062 ediderunt
1105 3023 1231 3073 prius
1268 3022 1545 3064 IVlonumenta
1580 3023 1711 3064 Boioa
1759 3022 1900 3073 XXX,
1933 3025 1970 3071 1,
1999 3021 2082 3063 245
2122 3033 2188 3063 nr.
2218 3022 2314 3061 740.
2354 3042 2408 3048 —

230 3084 676 3128 Ηιιὶῐῖτινιῖ-Βνόίῑοίῐεδ
708 3089 788 3138 IV,
810 3092 907 3132 8133.
966 3090 1159 3140 Bo'lwncr,
1187 3090 1285 3143 Rcy.
1319 3092 1414 3143 imp.
1447 3091 1491 3142 V,
1512 3094 1638 3134 2176.
2055 3089 2124 3143 (R
2147 3089 2265 3138 322)

366 3210 451 3244 201.
483 3212 515 3253 ⁴¹)
542 3214 588 3244 sie
614 3213 643 3245 2.
670 3214 706 3249 32
745 3216 821 3247 Alio
850 3215 877 3247 l.
902 3215 934 3247 4.
1075 3216 1104 3257 e)
1142 3218 1214 3249 loco
1246 3229 1312 3250 non
1345 3223 1395 3250 est
1420 3230 1451 3250 v.
1478 3223 1678 3261 attemptare
1703 3217 1739 3250 1:
1778 3219 1872 3251 visus
1896 3222 1947 3250 est
1970 3216 2208 3259 aetemptando
2236 3215 2410 3248 detrahere

231 3279 317 3309 erga.
405 3267 436 3307 s)
465 3271 616 3302 Exennia
646 3271 673 3302 1.
791 3278 824 3312 8)
850 3273 951 3305 talem
977 3273 1058 3305 add.
1080 3273 1107 3306 1.
1209 3273 1242 3316 l¹)
1269 3276 1354 3307 rosie
1380 3274 1417 3312 1;
1443 3276 1538 3308 basie
1563 3274 1600 3315 43
1626 3277 1730 3308 rossie
1754 3274 1786 3308 3.
1880 3273 1902 3315 i)
1928 3275 2050 3306 nostris
2074 3272 2105 3306 2.
2131 3272 2162 3305 3.
2255 3271 2290 3314 k)
2315 3283 2409 3304 enor-

228 3324 324 3355 miter
349 3327 528 3367 occupavit
553 3326 588 3363 4;
614 3339 680 3359 non
707 3335 757 3360 cst
781 3331 909 3362 veritus
933 3341 1099 3373 occupare
1124 3330 1156 3363 2.
1296 3330 1320 3373 l)
1347 3338 1551 3365 nocumenta
1575 3331 1606 3364 2.
1747 3331 1790 3372 m)
1816 3342 1878 3364 nec
1902 3329 2003 3362 2—4.
2111 3328 2145 3371 Π)
2172 3340 2240 3362 non
2264 3329 2353 3361 deest
2375 3327 2408 3360 4.

229 3385 260 3419 0}
288 3381 357 3411 Nisi
384 3390 414 3413 et
444 3382 469 3413 l.
611 3390 643 3423 Ρ)
675 3387 778 3427 princ.
804 3393 956 3419 nostrum
981 3390 1117 3420 affinem
1144 3388 1180 3427 1;
1215 3390 1321 3432 princ.
1346 3394 1378 3421 et
1403 3391 1538 3422 affinem
1564 3394 1716 3422 nostrum
1741 3388 1841 3421 2-4.
1982 3386 2014 3428 q)
2046 3387 2274 3419 marchionem
2299 3385 2407 3417 Missi-

229 3447 365 3468 nensem
396 3438 422 3469 1.
562 3446 587 3480 ¹)
616 3443 818 3475 celebrasset
845 3444 872 3475 1.
898 3443 930 3476 4.
1071 3445 1098 3485 Β)
1123 3447 1262 3479 veniens
1286 3447 1368 3479 add.
1387 3445 1418 3479 4.
1557 3447 1582 3487 t)
1608 3448 1643 3478 iu
1668 3444 1760 3479 metu
1788 3446 1824 3487 13
1855 3451 1889 3478 et
1912 3450 2005 3478 metu
2028 3443 2060 3477 3.
2085 3442 2118 3476 4.
2234 3442 2268 3484 ¹¹)
2294 3443 2334 3475 de
2359 3442 2406 3474 eis

229 3493 308 3524 add.
329 3493 360 3525 4.
477 3502 506 3537 v·')
533 3499 671 3530 auderet
696 3498 726 3531 2.
866 3500 906 3543 w)
932 3503 1021 3543 quod
1045 3501 1075 3534 2.
1101 3502 1130 3534 3.
1273 3504 1306 3543 x)
1334 3509 1372 3535 ut
1397 3521 1438 3526 —
1464 3508 1641 3536 censeatur
1665 3504 1731 3535 des.
1750 3501 1782 3535 4.
1898 3501 1932 3545 δ’)
1957 3507 1991 3535 et
2014 3502 2105 3534 deest
2129 3500 2159 3533 1.
2277 3497 2306 3542 z)
2331 3509 2407 3530 ⁶⁰⁷2·

228 3551 302 3587 im,-
328 3553 416 3583 01‘111‘11
443 3552 478 3586 2:
506 3566 643 3595 operum
668 3555 696 3588 1.
723 3556 752 3589 3.
917 3564 947 3599 a)
974 3560 1097 3591 indicio
1123 3559 1153 3592 3.
1314 3559 1346 3602 b)
1371 3561 1534 3593 lacessitis
1561 3560 1590 3592 1.
1615 3559 1647 3592 4.
1788 3559 1817 3603 c)
1842 3560 2012 3592 ulcionem
2036 3558 2068 3590 4.
2203 3555 2238 3598 d)
2263 3561 2296 3588 et
2319 3554 2349 3587 2-
2376 3553 2408 3587 3-

229 3613 257 3645 2)
285 3609 438 3640 ammodo
464 3610 543 3642 adel.
563 3609 591 3642 2.
611 3610 640 3643 3.
760 3612 790 3655 s)
817 3615 902 3645 Nam
927 3633 972 3636 —
997 3617 1236 3649 committenda
1261 3617 1329 3649 cles.
1349 3616 1446 3649 1—3.
1563 3616 1595 3657 8)
1623 3617 1721 3659 plene
1745 3616 1778 3649 4.
1894 3614 1928 3656 h)
1955 3615 2191 3648 commutenda
2216 3612 2248 3646 4-

2452 1229 2482 1253 15

2450 1570 2483 1595 20

2447 1917 2480 1942 25

2449 2265 2482 2290 30

2444 2750 2477 2775 35

2443 3100 2477 3126 4⁰

2441 3447 2514 3479 45,
