2558 3970
619 194 1022 230 consoni->samm
1053 196 1186 231 PAeis
1217 196 1470 231 nnnNANA.
1527 200 1624 234 12:36.
1677 201 1958 236 N1·.435—4.⁴37.
2311 209 2391 246 595

328 309 548 350 Arnoldus
573 311 846 362 camerarius,
870 311 1120 353 Fridcricus
1148 313 1375 363 scultetus,
1400 313 1617 355 Arnnldus
1641 315 1871 371 Nl'alpodo.
1897 317 2073 361 iudices,
2099 318 2324 358 consilium
2350 324 2391 359 ct

183 380 373 420 universi
406 379 524 420 cives
546 379 945 434 Maguntinenses¹¹.
1007 380 1178 422 Tenore
1219 383 1495 436 presencium
1530 386 1880 438 recognoscimus
1905 390 1947 425 ct
1970 391 2170 427 constare
2193 388 2389 442 cupimus

184 448 418 499 universis,
463 448 576 504 quod
616 462 694 490 nos
744 448 1019 490 honorabiles
1061 450 1175 490 viros
1219 451 1335 491 cives
1373 450 1716 507 Ratisponcnses
1759 454 1994 495 secundum
2049 456 2228 496 formam
2272 457 2390 511 pacis

183 518 397 572 generalis
429 518 471 558 in
504 523 695 560 nostrum
729 523 772 560 et
804 519 994 559 omniurn
1020 519 1243 560 civitatum
1275 521 1394 575 pacis
1425 521 1572 562 federe
1598 523 1812 564 unitarum
1841 526 2082 579 recepimus
2107 526 2390 572 consorcium,

129 601 143 622 s.
182 588 242 628 ita
273 586 384 642 quod
417 586 495 642 ipsi
529 586 708 628 formam
741 588 861 642 pacis
894 587 1084 629 debeant
1116 602 1192 643 per
1225 589 1370 630 onmia
1403 590 1709 632 inviolabiliter
1742 593 1996 638 observare,
2039 600 2082 635 ct
2114 609 2208 635 cum
2244 595 2385 650 requi-

112 949 144 972 ln

106 1837 140 1861 20

105 2182 138 2207 25

104 2526 137 2552 30

102 3080 134 3105 35

98 3424 133 3448 40

181 656 251 697 siti
283 656 445 698 fuerint
476 669 500 696 a
532 655 668 705 nobis,
702 660 852 697 contra
883 657 1004 712 pacis
1030 656 1273 698 turbatores
1303 658 1512 698 auxilium
1539 660 1791 715 impendere
1819 668 2093 717 oportunum,
2127 664 2237 704 sicut
2262 664 2390 703 ctiam

180 739 256 766 nos
289 724 409 780 ipsis,
443 725 649 779 quociens
682 739 760 766 nos
797 725 837 766 in
875 725 964 766 suis
998 726 1340 767 necessitatibus
1375 727 1579 769 duxerint
1613 730 1920 784 requirendos,
1954 737 2152 773 tenemur
2184 733 2387 773 assistere

180 794 274 835 vice
307 807 445 835 versa.
498 792 708 835 Preterea
741 796 882 835 ratum
907 794 1154 835 tenebimus
1177 798 1306 850 atquc
1331 801 1515 850 gratum.
1553 812 1832 853 quoscunque
1859 799 1987 840 iidem
2014 801 2129 841 cives
2153 801 2389 842 seeundum

180 863 361 904 formam
395 863 515 918 pacis
549 863 590 904 in
623 877 748 904 suum
785 864 1053 905 consorcium
1088 863 1291 905 duxerint
1323 865 1622 907 admittendos.
1687 867 1734 908 ln
1771 869 1894 909 cuius
1930 870 1989 910 rci
2024 871 2315 911 testimoninm
2341 886 2390 910 a(-

181 932 373 974 debitam
406 933 653 975 firmitatem
687 937 936 988 presentem
960 933 1148 974 litteram
1173 934 1316 988 sigillo
1343 935 1529 976 civitatis
1554 936 1836 991 Maguntine¹¹
1873 938 2074 979 duximus
2101 939 2388 979 municndann.

322 1001 479 1043 Actum
512 1001 781 1057 Maguntiess,
815 1002 855 1042 in
887 1003 1078 1044 crastino
1112 1002 1314 1057 Remigii,
1348 1018 1460 1044 anno
1496 1004 1668 1046 Domini
1704 1006 1946 1050 Memmi.

346 1195 448 1239 436.
487 1196 807 1239 LITTERAE
841 1197 1420 1240 HERBIPOLENSIHM
1447 1200 1534 1240 ΑΙ)
1576 1201 1839 1242 Ιι’(),ὃ’1)]ε’]11.
1912 1204 2028 1243 7:356.
2072 1204 2157 1245 (m.
2182 1206 2218 1244 f).

321 1277 451 1320 Dedit
479 1277 617 1319 Hei-rc
654 1291 706 1319 ex
743 1278 1000 1331 autom-apim
1037 1279 1241 1320 tabularii
1282 1280 1399 1332 rcyni
1430 1280 1671 1332 Ιίαατινῖσί,
1715 1297 1746 1323 υ.
1780 1296 1911 1335 snpra
1942 1297 2007 1325 nr.
2031 1285 2127 1326 1:15.
2189 1285 2383 1338 &millum

176 1347 296 1390 valde
327 1348 483 1390 laesum
508 1347 662 1400 pendet
691 1347 782 1400 filis
812 1348 999 1400 canapis.
2031 1353 2102 1406 (1².
2126 1356 2245 1404 381.)

322 1474 440 1516 Viris
484 1474 672 1531 providis
715 1479 758 1516 et
800 1474 1022 1527 discretis,
1067 1475 1249 1517 sculteto
1291 1480 1334 1517 01
1376 1477 1589 1519 universis
1631 1479 1796 1520 civibus
1840 1481 1879 1520 in
1915 1480 2156 1536 Ratispona
2197 1482 2385 1531 sculteti,

176 1544 403 1586 consilium
450 1549 494 1586 et
542 1545 806 1586 universitas
856 1545 1010 1585 civium
1050 1544 1436 1601 Herbipolensium
1486 1546 1683 1602 obsequii
1737 1550 2118 1604 promptitudinem
2166 1551 2388 1592 indefessi.

175 1612 442 1669 Recepimus
476 1618 644 1656 vestros
678 1614 939 1670 sollempnes
972 1615 1174 1666 nuncios,
1216 1628 1324 1670 quos
1357 1615 1643 1671 Argentinam
1677 1617 1729 1658 ad
1763 1619 2022 1674 colloquium
2055 1625 2233 1662 sancte¹²
2268 1622 2386 1676 pacis

175 1682 228 1724 de
268 1684 483 1725 communi
521 1690 664 1725 vestro
706 1684 882 1725 consilio
927 1683 1201 1736 destinastis,
1246 1699 1301 1726 ex
1342 1699 1521 1740 quorum
1561 1691 1683 1742 parte
1716 1687 1967 1740 didicimus,
2011 1689 2123 1744 quod
2158 1690 2238 1745 ipsi
2271 1690 2386 1746 apud

175 1752 453 1808 Mogunciam
493 1752 732 1794 iuraverint
764 1767 909 1794 coram
943 1752 1210 1808 Walpotone
1245 1758 1288 1796 et
1326 1755 1421 1795 aliis
1463 1755 1631 1797 civibus
1672 1757 1893 1799 civitatum
1935 1759 2055 1813 pacis
2089 1759 2237 1801 federe
2272 1761 2386 1801 iura-

177 1828 331 1875 tarum,
365 1827 560 1865 sanctam
592 1836 746 1878 pacem
778 1823 1085 1864 inviolabiliter
1117 1823 1363 1876 observare,
1398 1829 1440 1866 01
1472 1825 1584 1880 quod
1618 1825 1676 1867 ibi
1712 1832 1857 1869 vestra
1891 1828 2044 1869 civitas
2070 1833 2243 1884 recepta
2267 1830 2321 1870 sit
2344 1830 2384 1870 in

177 1893 440 1934 consortium
472 1896 622 1934 sancte
654 1892 786 1947 pacis
850 1891 991 1948 Super
1023 1906 1106 1948 quo
1139 1907 1218 1934 nos
1250 1894 1455 1935 noveritis
1486 1909 1567 1936 non
1592 1895 1808 1938 modicum
1833 1898 2043 1952 gratulari
2081 1902 2166 1939 tam
2192 1898 2245 1939 de
2271 1913 2385 1939 com-

172 1961 324 2011 modo,
367 1962 555 2004 utilitate
588 1975 638 2002 ac
669 1961 855 2014 honore,
895 1975 978 2017 que
1012 1961 1133 2003 vobis
1167 1962 1266 2004 inde
1300 1964 1528 2019 provenire
1561 1969 1791 2020 poterunt,
1833 1980 1961 2021 quam
1995 1982 2127 2023 super
2159 1982 2229 2019 eo,
2273 1968 2385 2023 quod

172 2030 386 2072 Dominus
419 2031 559 2087 ipsam
591 2044 756 2086 pacem,
791 2044 920 2086 quam
952 2031 994 2072 in
1026 2035 1184 2072 terram
1218 2032 1345 2084 misit,
1379 2032 1583 2088 dignatus
1619 2038 1685 2076 est
1718 2035 2054 2078 misericorditer
2080 2036 2276 2079 dilatare.
2331 2037 2387 2078 Et

173 2114 230 2142 ex
267 2115 352 2156 quo
391 2100 513 2142 nobis
553 2104 597 2142 et
635 2099 835 2142 omnibus
869 2099 1115 2142 civitatibus
1157 2102 1263 2143 estis
1309 2102 1428 2157 pacis
1468 2101 1617 2144 federe
1651 2105 1813 2145 couniti
1848 2109 1890 2146 et
1922 2120 1998 2146 nos
2033 2106 2157 2147 vobis
2189 2107 2390 2148 similiter

175 2183 199 2210 e
233 2183 462 2222 converso,
504 2184 581 2225 pro
624 2172 743 2211 certo
789 2169 899 2211 scire
932 2169 1126 2222 debetis,
1167 2170 1281 2225 quod
1323 2171 1376 2212 ad
1410 2172 1573 2224 omnia,
1619 2187 1749 2228 super
1783 2174 1940 2230 quibus
1973 2179 2167 2217 nostrum
2201 2176 2383 2231 requisi-

172 2239 321 2280 veritis
354 2240 580 2281 consilium
613 2244 657 2281 et
689 2239 918 2291 auxilium,
958 2240 1098 2295 parati
1131 2241 1292 2282 erimus
1328 2241 1562 2283 subvenire
1596 2246 1638 2284 et
1670 2256 1747 2298 pro
1780 2243 1924 2295 vobis,
1957 2245 1991 2285 si
2024 2259 2208 2286 necesse
2241 2245 2384 2296 fuerit,

172 2321 394 2364 exponere
432 2321 500 2350 res
534 2311 578 2350 et
610 2322 785 2364 eorpus;
826 2313 870 2350 et
913 2309 1027 2351 idem
1067 2309 1271 2351 solatium
1303 2325 1328 2351 a
1360 2311 1504 2363 vobis,
1548 2311 1582 2352 si
1616 2326 1795 2353 11000330
1829 2313 1956 2355 nobis
1989 2314 2140 2366 fuerit,
2188 2315 2383 2370 cupimus

173 2377 376 2433 experiri.
437 2377 606 2420 Dantes
649 2391 781 2433 super
822 2392 874 2419 eo
916 2378 958 2419 in
1000 2379 1295 2420 testimonium
1336 2385 1586 2435 presentem
1619 2381 1807 2422 litteram
1842 2383 1984 2437 sigillo
2017 2387 2162 2425 nostre
2197 2384 2386 2425 civitatis

173 2446 429 2502 diligencius
462 2446 724 2490 roboratam.

317 2515 480 2558 Datum
512 2530 625 2557 anno
657 2516 833 2557 Domini
862 2516 1104 2569 MGOLVI,
1137 2518 1322 2574 septimo
1355 2518 1459 2560 Idus
1484 2518 1699 2571 Octobris,
1734 2520 1969 2562 indictione
2003 2521 2340 2577 quintadecima.

301 2708 405 2753 437.
446 2711 770 2754 LITTERAE
794 2711 1437 2756 NORIMBERGENSINM
1463 2713 1554 2755 AD
1584 2714 1851 2758 EOSDEM.
1921 2717 2038 2757 72:36.
2078 2716 2159 2757 Oet.
2185 2719 2251 2760 10.

314 2791 444 2834 Dedit
474 2792 610 2834 Hcrrc
652 2807 703 2835 cx
741 2794 1000 2847 autoyrapho
1040 2795 1246 2836 tabularii·
1281 2795 1401 2848 9·οςΙηὶ
1431 2794 1669 2845 Raima-ici,
1701 2809 1736 2837 v.
1770 2809 1902 2848 supra
1933 2810 2000 2839 nr.
2022 2798 2117 2838 435.
2180 2798 2378 2851 Slyillum

165 2860 260 2916 fcrc
290 2862 484 2904 illaesum
510 2863 664 2916 pendet
694 2864 786 2906 lora
816 2864 1147 2907 membranacea.
2023 2866 2096 2919 (P.
2119 2868 2238 2916 381.)

315 2989 434 3031 Viris
466 2989 665 3032 discretis
696 2990 984 3046 prudentibus
1016 2995 1058 3032 et
1089 2991 1305 3044 honestis,
1338 2991 1547 3046 magistro
1581 2992 1763 3041 civium,
1796 2992 1950 3042 iudici,
1990 2993 2170 3034 consilio
2205 2997 2249 3034 01
2282 2994 2378 3034 11111-

171 3058 308 3099 versis
341 3059 506 3100 civibus
538 3058 933 3115 Ratisponensibus
967 3060 1202 3112 scultetus,
1235 3061 1434 3101 consules
1468 3064 1511 3101 ct
1543 3062 1804 3103 universitas
1838 3062 1997 3102 civium
2037 3062 2376 3117 Nurenbergen-

169 3126 279 3168 sium
312 3127 380 3168 sui
413 3127 586 3169 servicii
617 3128 938 3183 paratissimam
970 3128 1300 3171 exhibitionem.
1364 3129 1476 3177 Quia
1510 3134 1678 3171 constat
1709 3135 1753 3172 et
1777 3130 2055 3172 manifestum
2080 3136 2161 3181 est,
2195 3132 2376 3173 nuncios

169 3199 335 3237 vestros
367 3196 627 3253 sollempnes
667 3197 711 3238 in
744 3197 917 3239 civitate
950 3196 1302 3252 Moguntinensi,
1334 3198 1507 3240 domino
1540 3199 1834 3254 Walpatonea
1867 3200 2105 3242 camerario
2140 3205 2183 3242 01
2216 3215 2374 3242 0011311-

168 3263 283 3306 libus
315 3265 511 3308 eiusdem
553 3266 636 3307 loci
675 3266 978 3322 presentibus,
1019 3281 1174 3322 pacem
1207 3271 1401 3309 sanctam
1445 3268 1612 3310 iurasse
1645 3269 1951 3310 inviolabiliter
1982 3283 2007 3310 a
2039 3270 2163 3311 vobis
2197 3284 2373 3311 conser-

169 3334 370 3386 vandam,
402 3338 446 3375 et
477 3334 639 3377 ibidem
673 3335 893 3376 civitatem
926 3340 1115 3376 vestram
1149 3335 1202 3377 ab
1235 3337 1338 3392 ipsis
1362 3337 1405 3377 in
1429 3338 1705 3379 consorcium
1729 3338 1926 3379 eiusdem
1950 3342 2100 3380 sancte
2133 3340 2252 3394 pacis
2277 3353 2376 3380 esse

171 3407 416 3458 receptam,
458 3405 578 3446 vobis
616 3418 744 3460 quam
785 3405 1016 3460 plurimum
1056 3407 1424 3460 congratulamur,
1467 3407 1664 3448 volentes
1699 3407 1835 3458 vobis,
1870 3408 1904 3447 si
1939 3412 2197 3462 oportunum
2232 3408 2375 3460 fuerit,

170 3472 362 3513 consiliis
395 3475 438 3514 et
468 3473 643 3514 auxiliis
676 3474 928 3519 subvenire;
962 3478 1006 3514 et
1037 3475 1072 3515 si
1102 3488 1283 3516 11000330
1317 3475 1457 3527 fuerit,
1491 3490 1560 3517 res
1584 3481 1627 3517 01
1660 3491 1867 3532 personas
1900 3490 1975 3531 pro
2002 3475 2124 3517 vobis
2149 3490 2374 3533 exponere

305 3586 392 3623 435.
425 3588 459 3630 a)
486 3591 636 3631 Magiffit
661 3601 711 3622 or.

304 3656 392 3692 436.
424 3656 457 3701 a)
484 3683 491 3690 .
509 3659 531 3691 ξ
548 3684 555 3692 .
581 3670 631 3691 or.

303 3723 390 3760 437.
422 3725 454 3769 ⁸)
480 3727 527 3760 sie
553 3739 601 3760 or.

2032 3792 2097 3826 75*
