2558 3970
92 904 125 929 10

93 1256 124 1281 15

91 1599 124 1624 20

652 154 891 188 FRIDERIGI
921 155 964 190 ll.
991 155 1426 191 ifoNsTl'rllesiNsss.
1479 158 1575 191 1245.
1626 157 1688 192 Nr.
1707 158 1784 192 ⁸254.
1811 159 1888 192 265.
2288 163 2360 202 371

163 272 330 325 integre
364 270 621 316 reformare,
663 284 711 309 ac
744 269 900 310 deinde
935 284 1040 324 pace
1075 286 1150 325 per
1184 272 1262 311 liov
1299 273 1410 312 inter
1444 287 1518 312 nos
1555 280 1595 311 et
1631 274 1854 313 ecclesiam
1895 274 2156 329 procedente
2192 280 2233 314 ct
2267 276 2366 315 reli-

162 341 272 396 quiis
314 338 673 380 Lombardorum.
718 346 845 393 prout
884 345 1086 379 tenentur
1125 348 1167 379 et
1200 340 1379 381 debent.
1416 342 1480 380 vel
1515 341 1567 381 ad
1614 343 1858 383 mandatum
1896 349 2088 383 nostrum
2123 351 2164 383 et
2198 344 2366 398 imperii

162 407 444 450 redeuntibus
489 408 555 447 vel
602 421 778 462 prorsus
825 407 877 447 ab
924 409 1110 448 ecclesie
1155 408 1405 449 defensione
1452 411 1650 452 seclusis.
1702 418 1921 467 promptos
1966 427 2041 453 nos
2075 413 2294 453 offerimus
2327 417 2369 452 et

162 483 357 533 paratos.
399 477 466 516 vel
508 476 700 531 predicto
742 490 843 530 rege
877 475 929 516 ad
969 476 1266 517 defensionem
1301 478 1625 518 christianitatis
1661 485 1702 519 ct
1737 486 1893 521 statum
1936 482 2158 536 pacificum
2195 494 2364 521 conser-

165 545 352 588 vandum
385 546 425 586 in
460 545 697 586 cismarinis
731 545 926 599 partibus
961 552 1231 588 remanente.
1274 546 1339 586 vel
1375 560 1456 586 uua
1492 561 1584 587 eum
1621 562 1691 589 eo.
1735 549 1765 588 si
1802 549 1881 589 lio(-
1915 551 2068 590 melius
2105 549 2256 590 viderit
2289 550 2367 589 eli-

161 615 370 670 gendum,
410 614 462 655 ad
503 614 812 655 transmarinas
847 621 991 668 partes
1036 628 1112 668 per
1157 628 1231 654 nos
1273 621 1345 654 aut
1380 614 1625 656 Conradum
1671 617 1944 658 karissimum
1987 619 2117 658 tilium
2164 624 2367 659 nostrum.

160 683 456 725 Romanorum
490 683 531 723 in
564 697 711 737 regem
746 683 930 723 electum
965 688 1006 723 et
1041 684 1162 737 regni
1199 682 1531 724 lerosolimitani
1566 685 1785 728 heredem.
1822 688 1965 728 omine
1996 702 2203 743 prospero
2227 693 2367 728 trans—

160 754 358 802 fretareb,
400 752 453 793 ad
486 752 565 793 hoc
598 766 673 792 nos
707 752 953 807 obligantes
999 752 1250 806 specialiter
1283 759 1325 794 et
1365 754 1630 808 expressim.
1675 755 1787 809 quod
1825 757 1889 796 vel
1925 770 2018 796 cum
2055 771 2154 809 rege
2190 757 2367 797 Francie

162 824 253 865 sive
293 823 383 864 sine
425 836 476 863 eo
514 826 672 862 terram
721 825 855 861 totam
898 820 1289 863 Ierosolimitanam
1333 827 1376 862 et
1416 822 1620 877 quidqu-id
1666 838 1869 878 umquam
1917 840 1940 865 a
1986 825 2137 866 (liebus
2182 826 2368 880 antiquis

162 906 294 948 regno
325 891 670 933 Ierosolimitano
716 891 923 945 pertinuit
955 890 1007 930 ad
1053 891 1361 945 proprietatem
1397 897 1439 932 et
1472 892 1688 933 dicionem
1723 894 1844 948 regni
1882 894 2015 949 ipsius
2050 901 2093 934 ct
2126 894 2367 934 christiani-

159 962 260 1002 tatis
305 961 467 1002 cultum
511 960 688 1010 nostris,
731 960 898 1014 imperii
932 964 974 1000 et
1018 973 1246 1014 regnorum
1290 966 1536 1001 nostrorum
1571 962 1752 1005 viribus.
1798 962 2018 1003 laboribus
2051 969 2094 1003 et
2128 963 2368 1018 sumptibus

159 1031 404 1072 curabimus
439 1043 657 1071 revocare.
720 1028 1034 1069 Nichilominus
1068 1033 1226 1074 tamen,
1262 1030 1297 1070 si
1330 1030 1442 1071 forte
1476 1030 1590 1085 quod
1625 1031 1739 1071 absit
1773 1030 2004 1073 discrimen
2039 1033 2252 1087 presentis
2281 1032 2368 1072 dis-

160 1099 306 1141 cordie
340 1100 450 1140 inter
482 1113 581 1149 nOS‚
616 1097 846 1139 ecclesiam
882 1102 925 1138 et
957 1097 1226 1139 Lombardos
1261 1098 1415 1140 durare
1450 1100 1701 1154 contigerit.
1736 1100 1929 1155 predicto
1964 1102 2056 1155 regi
2090 1115 2138 1142 ac
2173 1101 2369 1142 omnibus

160 1169 471 1224 crucesignatis
506 1182 601 1208 cum
635 1181 699 1218 ee,
733 1171 945 1222 quatenus
980 1168 1247 1222 presentium
1282 1169 1556 1223 negotiorum
1590 1174 1632 1209 et
1664 1173 1906 1225 temporum
1931 1171 2117 1225 qualitas
2143 1171 2303 1225 patitur
2330 1175 2371 1211 ct

162 1242 420 1295 tempestas,
453 1236 638 1293 presidia
671 1236 817 1277 nostra
850 1242 965 1278 terra
998 1237 1214 1292 marique.
1257 1242 1343 1278 tam
1379 1239 1420 1278 in
1455 1238 1636 1279 navibus
1671 1252 1798 1293 quam
1834 1239 2113 1283 victualibus.
2161 1240 2369 1296 promptis

157 1307 388 1350 affectibus
429 1306 650 1348 offerimus
690 1319 768 1360 per
815 1310 1056 1361 presentes.
1135 1306 1359 1361 Superque
1404 1307 1603 1348 omnibus
1647 1312 1690 1347 et
1739 1308 1918 1363 singulis
1965 1309 2245 1364 supradietis,
2287 1323 2369 1364 que

156 1377 423 1433 presentium
470 1375 606 1417 series
653 1375 846 1416 continet
887 1375 1147 1425 litterarum,
1196 1376 1499 1417 auctoritatem
1548 1381 1591 1417 et
1640 1376 1889 1418 mandatum
1940 1379 2113 1434 plenum
2167 1378 2369 1434 predictis

157 1446 365 1501 magistro
388 1444 518 1487 Petro
541 1444 594 1486 de
618 1444 761 1486 Vinea
792 1448 835 1484 et
859 1443 911 1486 G.
935 1443 987 1485 de
1012 1443 1126 1485 Ocra
1147 1444 1351 1485 duximus
1377 1445 1701 1497 conferendum,
1735 1451 1873 1487 ratum
1898 1447 2110 1488 habentes
2135 1452 2177 1488 et
2199 1447 2368 1488 firmum

158 1513 359 1570 quicquid
390 1527 468 1570 per
499 1513 675 1554 eosdem
708 1514 749 1553 in
782 1513 863 1554 hiis
897 1528 973 1568 pro
1006 1518 1129 1568 parte
1163 1515 1296 1555 nostri
1333 1515 1530 1555 culminis
1564 1515 1759 1556 extiterit
1791 1516 2047 1557 ordinatum.

303 1583 465 1624 Datum
498 1582 726 1632 Cremone,
760 1584 966 1624 vicesimo
999 1583 1191 1624 secundo
1226 1583 1511 1639 Septembris,
1545 1589 1696 1640 quarte
1729 1585 1989 1626 indictionis.

630 1776 732 1822 265.
775 1778 1135 1821 ENCYCLICA
1166 1778 1256 1821 AD
1305 1778 1656 1821 UNIVERSOS
1689 1779 1907 1822 REGES.

302 1860 539 1914 Epistolam
571 1860 690 1911 lianc,
722 1874 848 1913 quam
879 1861 1072 1901 mutilam
1105 1863 1269 1902 tantuin
1300 1860 1356 1901 ad
1385 1873 1461 1902 nos
1491 1860 1651 1902 venisse
1682 1860 1877 1911 dolemus,
1904 1863 2044 1914 priori
2066 1862 2255 1905 additam
2276 1876 2371 1914 esse,

156 1930 223 1972 vir
252 1931 301 1973 cl.
324 1930 478 1972 Ficker
507 1933 612 1972 recte
643 1929 894 1972 iudicavisse
925 1929 1101 1972 videtur.
1168 1930 1224 1971 In
1254 1930 1398 1971 rubris
1420 1929 1603 1971 codicum
1635 1930 1722 1971 iam
1743 1931 1831 1984 νομί
1851 1933 1889 1972 ct
1911 1931 2139 1973 baronibus
2160 1932 2372 1973 Franciae

157 2000 362 2053 inscripta
395 2000 556 2054 Zeyitur,
594 2003 640 2040 at
669 1999 770 2040 aliis
801 2013 959 2052 quoque
995 1999 1161 2053 reyibus
1192 1999 1420 2052 encyclicae
1451 2000 1591 2040 instar
1620 1999 1750 2040 missa
1783 2012 1867 2041 csse
1898 2001 2071 2043 videtur.
2132 2001 2371 2042 Editioncm

91 2086 122 2112 25
152 2069 404 2123 paravimus
434 2083 506 2122 ope
547 2068 588 2125 1)
621 2069 771 2111 codicis
803 2068 1104 2110 Panormitani
1139 2069 1352 2121 principis
1384 2069 1572 2111 Fitaliac
1603 2081 1704 2111 saec.
1727 2069 1857 2112 XIV.
1882 2070 1942 2112 in.
1975 2084 2035 2122 cp.
2060 2072 2108 2121 5,·
2148 2070 2192 2127 2)
2225 2070 2373 2112 codicis

91 2430 124 2455 30

93 2827 124 2855 35

156 2139 540 2191 Montispessulani
580 2138 852 2180 dictaminum
894 2137 1012 2179 Petri
1051 2138 1099 2179 dc
1137 2138 1278 2179 Vincis
1322 2139 1348 2180 Z.
1378 2139 1414 2189 I,
1455 2152 1486 2180 c.
1518 2140 1595 2189 20‚·
1644 2139 1686 2194 3)
1720 2139 1869 2180 codicis
1899 2139 2098 2181 Parisini
2135 2141 2370 2181 lat.13059

157 2208 218 2262 (S.
245 2209 452 2252 Germain
473 2208 647 2262 Har-lay
662 2209 768 2260 455)
782 2221 891 2260 pars
913 2208 950 2258 I,
974 2221 1039 2249 nr.
1055 2210 1112 2249 20
1137 2208 1218 2263 fol.
1239 2205 1300 2259 5¹,
1323 2222 1441 2261 quein
1458 2209 1623 2261 pariter
1646 2212 1768 2262 atque
1790 2209 1962 2251 codicem
1986 2209 2117 2250 Natre
2133 2208 2270 2251 Damc
2286 2210 2372 2250 202

157 2291 198 2320 se
229 2277 468 2319 adhibuisse
492 2278 734 2330 praetendit
756 2277 1028 2329 Huillardus,
1061 2278 1134 2331 qui
1165 2280 1303 2319 tamen
1335 2278 1528 2320 lectiones
1558 2278 1787 2320 editionum
1812 2278 1929 2320 Petri
1949 2278 1998 2320 dc
2030 2279 2172 2320 Vincis
2193 2279 2371 2320 nimium

157 2349 318 2389 secutus
355 2359 438 2388 csse
475 2346 637 2388 videtur
678 2349 801 2398 atque
840 2346 1056 2398 epistolam
1096 2347 1154 2388 acl
1189 2360 1227 2387 a.
1250 2348 1372 2387 1246.
1405 2360 1458 2389 on.
1481 2346 1605 2390 Febr.
1639 2348 1794 2399 posuit.
1828 2373 1882 2378 —
1912 2347 2370 2389 Huillard-Brehollcs

168 2415 238 2466 VI,
260 2417 359 2457 389.
417 2415 614 2466 Bb'limer,
640 2415 741 2468 Rea.
774 2415 872 2467 imp.
905 2415 950 2467 V,
973 2416 1100 2457 3512.
1989 2417 2060 2470 (P.
2082 2416 2226 2472 deest.)

303 2531 387 2573 Uta
421 2532 631 2573 iustitiam
665 2535 709 2573 et
740 2531 1031 2573 innocentiam
1065 2535 1258 2573 nostram
1290 2537 1378 2574 tam
1410 2546 1487 2574 vos
1523 2546 1651 2588 quam
1685 2532 1755 2573 alii
1788 2546 1914 2588 reges
1937 2533 2054 2574 orbis
2079 2537 2123 2574 et
2151 2531 2368 2588 principes

161 2602 425 2656 agnoscatis,
459 2615 560 2643 ecce
593 2615 845 2657 processum
878 2604 1016 2642 totum
1050 2615 1181 2657 super
1212 2601 1429 2644 discordia
1462 2602 1575 2643 inter
1608 2616 1684 2643 nos
1719 2606 1761 2642 et
1795 2600 1953 2642 istumb
1988 2615 2201 2642 summum
2225 2601 2368 2656 ponti—

159 2669 283 2712 ficem
317 2675 360 2712 et
399 2670 735 2726 predecessores
768 2684 870 2711 suos
910 2669 1060 2711 habita
1097 2671 1375 2726 presentibus
1409 2670 1679 2712 denotamus.
1741 2669 1832 2711 Nec
1867 2674 2013 2710 tamen
2047 2669 2088 2709 in
2121 2669 2202 2710 hoc
2237 2669 2369 2710 staric

159 2738 454 2780 tantummodo
496 2744 644 2781 nostre
685 2739 785 2780 fidei
817 2739 1035 2790 volumus.
1083 2738 1160 2781 sed
1199 2739 1399 2795 quicquid
1442 2739 1581 2781 tenori
1623 2739 1834 2794 scripture
1876 2739 2092 2794 presentis
2124 2738 2368 2783 inserimus,

161 2809 300 2863 parati
334 2823 482 2850 sumus
513 2823 591 2864 per
623 2808 887 2850 sufficientia
923 2808 1183 2850 documenta
1214 2813 1472 2850 monstrare.
1536 2808 1727 2849 Primum
1761 2808 1872 2848 scire
1899 2821 1974 2848 vos
1998 2806 2227 2857 credimus,
2262 2820 2366 2862 qua-

159 2877 256 2919 liter
287 2877 570 2919 Innocentius
603 2878 712 2920 alius
752 2877 1037 2933 predecessor
1067 2878 1211 2930 istius,
1258 2878 1335 2919 sub
1369 2878 1491 2919 cuius
1531 2877 1647 2918 balio
1681 2880 1724 2918 et
1755 2876 1892 2917 tutela
1927 2890 2004 2918 nos
2037 2875 2196 2917 nedum
2227 2876 2366 2931 impu-

159 2945 308 2988 berem
342 2947 419 2989 sed
458 2946 698 2988 infantemd
731 2951 871 2988 mater
911 2951 1059 2988 nostra
1092 2947 1332 2996 dimiserat,
1375 2951 1525 2988 contra
1556 2960 1633 2987 nos
1667 2946 1708 2986 in
1752 2945 1951 3001 imperio,
1995 2945 2116 2986 cuius
2148 2945 2364 3000 principes

159 3022 262 3056 nose
309 3016 354 3057 in
401 3030 551 3071 regem
593 3016 816 3071 elegerant
856 3021 900 3057 et
945 3015 1092 3057 nobisf
1134 3017 1176 3057 in
1216 3017 1303 3057 vita
1340 3016 1476 3072 patris
1520 3016 1656 3056 nostri
1695 3015 1983 3066 iuraverantss,
2030 3013 2273 3055 Othonemh
2314 3013 2366 3053 de

162 3083 365 3138 Saxonia,
396 3090 591 3127 veterem
622 3085 918 3127 adversarium
951 3089 1142 3127 nostrum
1167 3090 1211 3127 et
1233 3085 1384 3127 domus
1411 3089 1571 3137 nostre,
1607 3086 1912 3140 imperatorem
1937 3083 1979 3123 in
2002 3086 2193 3123 nostrum
2219 3082 2364 3137 prein-

162 3153 321 3195 dicium
353 3155 642 3204 consecravit3
687 3155 876 3210 qualiter
917 3155 1117 3196 comitem
1151 3154 1445 3196 Gualteriumi
1477 3154 1530 3195 de
1564 3151 1785 3204 Brennak,
1829 3152 1902 3207 qui
1935 3151 2053 3193 velut
2083 3164 2218 3206 gener
2250 3149 2365 3190 Tan-

161 3222 276 3264 credi
306 3223 422 3279 regis
453 3224 609 3265 intrusi
638 3228 823 3266 mortem
855 3228 1047 3265 nostram
1083 3228 1127 3265 et
1149 3224 1407 3278 sanguinem
1430 3222 1618 3274 sitiebat,
1652 3222 1730 3263 sub
1755 3221 2022 3262 defensionis
2045 3224 2190 3261 nostre
2216 3219 2364 3275 specie

296 3325 383 3362 264.
418 3326 451 3370 ¹³)
476 3330 681 3362 transfetare
707 3340 757 3360 or.

297 3394 383 3430 265.
418 3396 449 3439 a)
474 3397 614 3429 rubrica
637 3397 673 3429 in
699 3396 734 3429 1:
766 3397 960 3430 Fridericus
987 3397 1168 3439 imperator
1192 3397 1310 3428 scribit
1341 3396 1413 3438 regi
1438 3395 1580 3427 Francie
1605 3394 1750 3435 aliisque
1787 3393 1926 3435 regibus
1951 3398 1985 3425 et
2014 3392 2226 3435 principibus
2251 3391 2366 3423 mundi

161 3457 195 3485 et
218 3453 387 3487 universis
411 3455 597 3487 baronibus
621 3455 718 3497 regni
743 3455 784 3487 de
808 3455 976 3488 discordia
1001 3459 1034 3487 et
1058 3464 1219 3497 processu
1244 3453 1359 3486 habito
1388 3453 1476 3485 inter
1502 3463 1579 3485 eum
1606 3456 1638 3483 et
1655 3452 1840 3483 Romanam
1867 3451 2046 3484 ecclesiam
2073 3449 2309 3492 conquerendo
2327 3448 2366 3480 de

161 3510 282 3545 domno
306 3523 394 3555 papa
417 3510 451 3544 et
474 3512 723 3553 cardinalibus3
747 3512 785 3544 in
808 3510 845 3544 2:
871 3512 1066 3544 Fridericus
1090 3512 1163 3554 regi
1186 3516 1219 3543 et
1241 3511 1412 3543 universis
1437 3509 1623 3542 baronibus
1648 3509 1745 3550 regni
1771 3508 1914 3540 Francie
1940 3519 2081 3541 narrans
2099 3508 2147 3541 eis
2164 3518 2362 3550 processum

161 3566 316 3601 habitum
340 3569 429 3601 inter
445 3568 624 3601 ecclesiam
640 3569 829 3601 Romanam
848 3573 882 3601 et
899 3569 1027 3612 ipsum;
1053 3568 1089 3600 in
1107 3567 1145 3600 3:
1172 3568 1258 3610 Regi
1283 3573 1317 3600 et
1341 3579 1376 3600 u.
1403 3567 1436 3599 b.
1462 3578 1489 3599 r.
1515 3567 1552 3598 F.
1579 3577 1612 3598 n.
1639 3576 1667 3597 e.
1693 3576 1725 3608 p.
1750 3565 1782 3597 h.
1809 3565 1831 3597 i.
1857 3565 1969 3608 ipsum
1987 3571 2020 3598 et
2036 3566 2210 3598 dominum
2228 3574 2364 3607 papam.

159 3620 192 3665 b)
216 3624 330 3668 ipsum
354 3624 385 3658 1.
513 3625 543 3668 ⁰)
568 3630 683 3659 tamen
707 3627 829 3660 instari
853 3625 885 3659 3.
1015 3624 1048 3668 d)
1073 3627 1240 3659 insontem
1268 3625 1298 3659 1.
1323 3624 1354 3658 3.
1488 3623 1517 3666 e)
1543 3623 1634 3656 deest
1659 3622 1690 3655 1.
1818 3620 1852 3665 f)
1886 3634 1947 3656 nos
1972 3622 2004 3656 2.
2030 3624 2061 3658 3.
2193 3622 2226 3663 8)
2252 3632 2367 3654 serva-

159 3687 281 3715 verant
304 3682 343 3724 23
369 3683 577 3717 iuuaverant
600 3682 631 3716 3.
749 3683 782 3726 h)
808 3685 847 3718 O.
873 3682 905 3717 3.
1022 3682 1046 3724 i)
1073 3685 1114 3716 G.
1140 3682 1172 3716 2.
1198 3682 1229 3716 3.
1346 3681 1381 3717 k)
1407 3682 1544 3715 Brenda
1570 3679 1602 3713 1.
1630 3679 1661 3713 2.
1689 3678 1721 3712 3.

2019 3741 2090 3775 47*
