2558 3970
198 172 278 211 324
730 164 969 199 PRIDERICI
998 164 1039 197 ll.
1067 163 1493 197 CONSTI'I'UTIONES.
1546 163 1642 197 1241.
1693 164 1846 198 Νι·.235.

198 284 394 324 etenim&
436 283 476 321 in
516 285 650 321 'totum
684 278 796 320 feref
826 279 911 319 vite
954 282 1099 319 nostre
1139 277 1305 318 deliciis
1350 277 1560 318 abdicatis
1593 291 1698 331 quas
1730 279 1851 332 regni
1883 279 2015 319 nostri
2051 279 2224 321 Sicilieg
2256 281 2378 322 nobis

197 352 407 392 amenitas
442 349 664 393 offerebat.
700 361 775 402 per
797 361 952 402 aspera
975 346 1101 387 maris
1125 350 1169 387 et
1192 346 1399 386 montium
1426 345 1701 386 Germaniam
1725 351 1984 400 repetentes,
2015 348 2141 402 posth
2173 348 2380 391 domitam

197 429 239 461 et
272 433 522 474 oppressam
557 417 827 472 primogeniti
860 415 959 456 filiii
991 416 1124 456 nostri
1158 415 1430 465 dementiam,
1465 414 1536 469 qui
1570 418 1717 454 contra
1748 427 1824 455 nos
1859 415 1941 456 sibi
1974 415 2153 457 sedemk
2184 431 2377 473 assump-

197 496 312 528 serat
344 486 583 541 aquilonis¹.
617 485 670 526 ad
703 485 1031 527 consolidandas
1064 485 1188 525 nobis
1222 484 1381 525 ibidem
1415 488 1457 525 et
1486 483 1812 538 congregandas
1835 485 1877 524 in
1899 498 2032 525 unum
2055 486 2221 541 imperii
2244 488 2379 529 nostri

195 556 349 597 viresh.
391 556 500 596 circa
535 555 688 596 fertilis
721 554 847 595 Italic
881 558 1044 608 parteS,
1088 559 1196 609 per¹¹¹
1229 552 1550 594 renovationem
1582 552 1832 593 rebellionis
1864 554 2038 608 antique
2071 553 2379 609 Medyolanen-

197 625 335 664 siumn
369 631 411 665 et
443 624 656 664 fautorum
690 637 861 663 suorum
895 623 1164 677 iniquitatem
1198 621 1398 671 dissutas,
1432 621 1568 662 aciem
1604 621 1761 661 mentis
1793 625 1938 662 nostre
1962 621 2196 664 direximus
2210 630 2240 675 ⁰,
2272 625 2382 665 vires

196 700 363 734 nostras
387 692 614 733 eduximus
638 697 680 733 et
703 697 960 741 nostrorum,
992 695 1039 731 ut
1063 691 1228 746 pacatis
1252 689 1440 744 undique
1455 696 1472 719 1‘
1496 688 1674 730 dominii
1697 689 1833 730 nostri
1863 690 2056 744 partibus
2081 695 2123 732 et
2144 692 2382 734 rebellibus

197 763 382 802 nostrisq
426 761 478 802 ad
517 759 719 801 mandata
763 760 987 806 subaetisr.
1031 759 1108 801 adS
1154 758 1446 799 confusionem
1489 758 1780 818 communium
1816 757 2007 799 hostium
2039 763 2158 800 tanto
2191 761 2384 802 securius

200 836 403 885 tantoque
438 830 631 871 feliciust
660 829 895 885 imperialis
920 828 1097 870 dextera
1133 830 1425 881 consurgeret,
1450 830 1608 881 quanto
1630 826 1846 881 potentius
1871 830 1914 868 et
1934 827 2119 881 quietius
2141 828 2383 884 imperaret.

194 898 405 954 Propter¹¹
448 899 526 939 hoc
572 899 729 940 etiamv
761 904 958 953 patremW
999 902 1042 938 et
1087 896 1185 938 fidei
1229 900 1372 937 nostre
1414 900 1543 951 caput
1577 928 1615 936 ..
1649 895 1922 936 Romanumx
1962 897 2208 951 pontificem
2242 899 2385 940 multis

199 968 417 1022 obsequiis
451 967 707 1022 multisque·v
739 967 961 1008 blanditiis
995 967 1116 1008 nobis
1151 966 1321 1007 efficere
1356 964 1620 1005 nitebamurZ
1653 965 1921 1015 unanimem,
1954 965 2112 1006 nichil³
2144 965 2198 1007 ad
2229 966 2309 1008 hoc
2342 967 2386 1008 in

198 1037 440 1077 testimonio
475 1035 556 1077 Dei
581 1041 622 1077 et
644 1036 861 1076 hominum
895 1035 947 1077 de
982 1035 1358 1089 contingentibusb
1392 1034 1565 1088 penitus
1598 1034 1857 1075 omittentes.
1910 1033 2010 1086 Sed,
2045 1034 2157 1089 quod
2189 1034 2386 1077 dolentes

195 1105 420 1146 referimus
462 1110 504 1146 et
551 1105 865 1146 reminiscimur
905 1104 1154 1159 lacrymosi,
1201 1103 1410 1144 venenosi
1453 1103 1666 1158 serpentis
1708 1102 1872 1158 antiqui
1915 1101 2096 1158 perfidia
2136 1103 2179 1144 in
2221 1107 2387 1145 tantum

196 1174 392 1215 cautelec
424 1179 570 1214 nostre
604 1174 829 1228 prevaluit,
865 1172 976 1228 quod
1010 1172 1052 1213 in
1084 1172 1213 1213 totius
1246 1171 1335 1212 fere
1358 1171 1506 1212 mundi
1528 1171 1764 1226 perniciem
1787 1175 1934 1212 contra
1955 1171 2064 1212 nosd
2095 1172 2387 1214 subiectorum

195 1248 434 1283 nostrorum
467 1241 593 1283 fidem
626 1243 668 1282 in
699 1241 948 1296 perfidiame
977 1241 1196 1282 transtulit
1228 1245 1271 1282 et
1303 1239 1426 1281 nobis
1460 1244 1654 1281 materne
1688 1239 1925 1297 dulcedinis
1957 1240 2067 1295 proh
2090 1240 2210 1282 dolor
2231 1241 2388 1283 uberaf

195 1317 443 1352 novercata:
514 1310 669 1365 Sicque
713 1310 763 1350 de
809 1324 975 1351 summa.
1019 1309 1311 1352 necessitateh
1351 1324 1428 1351 nos
1473 1310 1747 1364 quantumvis
1790 1309 1944 1350 invitos
1984 1310 2172 1364 oportuit
2208 1310 2387 1352 futurisi

194 1380 394 1434 periculis
418 1379 695 1421 Tartarorum
729 1378 920 1434 preferre
945 1378 1194 1434 presentiak
1219 1383 1262 1419 et
1283 1377 1536 1419 manifesta¹
1568 1377 1794 1433 dispendia
1816 1378 2138 1433 presumptivis.
2190 1378 2388 1421 Auditom

196 1453 490 1489 verumtamen
524 1462 601 1503 per
625 1448 917 1490 venerabilem
940 1448 1191 1504 episcopum
1215 1446 1602 1498 Waoziensen111·1‚
1634 1447 1826 1502 legatum
1857 1446 1911 1487 ad
1942 1460 2019 1487 nos
2043 1447 2155 1501 regis
2184 1446 2386 1503 Ungarie,

196 1522 280 1558 tam
313 1518 475 1558 vicine⁰
508 1516 727 1559 Tartarice
768 1518 944 1558 nuntiop
975 1517 1268 1573 tempestatis,
1314 1516 1427 1572 quod
1472 1530 1680 1571 aquarum
1714 1519 1756 1557 et
1787 1529 2009 1556 nemorum
2041 1516 2168 1557 inviis
2199 1517 2313 1571 iugis
2346 1520 2388 1558 et

196 1587 414 1637 montium,
448 1586 736 1642 quarumlibet
768 1586 1064 1628 occurentium
1096 1585 1288 1641 gentium
1321 1584 1483 1626 viribus
1516 1585 1761 1640 superatisq
1793 1599 1818 1625 a
1849 1584 2005 1625 finibus
2038 1585 2216 1626 orientis
2248 1598 2386 1641 usque

195 1656 247 1697 ad
280 1655 589 1697 occidentalem
622 1657 794 1711 plagam
834 1656 1021 1711 ipsorum
1054 1656 1139 1696 iam
1179 1655 1311 1710 pestis
1343 1654 1583 1709 irruperitr,
1621 1668 1772 1695 versus
1806 1652 1993 1705 Urbem,
2037 1653 2213 1695 victorie
2245 1658 2388 1696 nostre

195 1725 383 1766 consiliis
417 1729 458 1765 et
489 1724 689 1780 presidiis
724 1725 958 1775 maturatis.
993 1725 1263 1765 continuatoS
1296 1737 1504 1778 processu
1537 1722 1760 1777 dirigimus
1794 1736 1966 1777 gressus
2000 1725 2183 1774 nostros,
2215 1722 2318 1764 ubi⁰
2352 1723 2387 1764 si

196 1794 310 1849 apud
343 1808 554 1835 summum
595 1793 841 1848 pontificem
876 1807 956 1848 que
1003 1797 1102 1833 sunt
1132 1792 1267 1848 patris
1299 1792 1514 1833 invenerit
1556 1791 1670 1832 filius
1703 1795 1746 1832 et
1778 1790 1893 1846 apud
1925 1791 2204 1846 apostolicam
2238 1791 2386 1832 sedem

196 1877 270 1918 pro
314 1868 434 1904 tanta
481 1861 599 1904 fideit
639 1863 902 1903 necessitate
945 1862 1189 1912 consilium,
1240 1875 1324 1902 non
1365 1860 1580 1901 dubitabit
1621 1860 1837 1900 ullatenus
1869 1873 1949 1900 nec
1982 1859 2195 1901 tardabitu
2225 1859 2387 1902 Roma-

196 1938 373 1972 norumv
405 1934 614 1984 augustus
641 1934 684 1972 et
708 1930 944 1971 catholicus
968 1931 1203 1985 imperator
1226 1944 1276 1971 ac
1307 1929 1536 1971 rebellium
1558 1928 1730 1969 inclitus
1755 1927 1997 1969 dominator
2020 1942 2096 1983 pro
2119 1928 2388 1970 christianeW

194 1999 294 2041 fidei
329 2000 609 2041 defensione¹
643 2014 796 2054 corpus
831 2014 1051 2055 exponere
1085 2004 1128 2041 et
1159 1999 1287 2040 totius
1321 1998 1515 2054 potentie
1540 2011 1614 2038 sue
1638 1997 1751 2038 vires
1783 1996 1950 2038 offerre.
2004 1996 2228 2038 Vellemus
2251 1997 2391 2038 enimy

195 2070 236 2110 in
259 2069 466 2110 similibus
482 2076 496 2092 Ζ
527 2073 614 2109 tam
638 2069 865 2123 graciosaa
887 2068 1046 2110 causab
1070 2069 1374 2124 preteritorum
1397 2067 1665 2122 temporumb
1687 2065 2072 2107 rememoratione⁰
2093 2065 2244 2117 foveri,
2277 2065 2389 2121 quod

196 2139 312 2179 illam
344 2137 625 2193 gereremusd
656 2138 725 2178 ine
758 2138 974 2192 presentis
1012 2137 1287 2178 necessitatis
1320 2136 1502 2177 articulo
1536 2135 1588 2176 de
1630 2139 1752 2191 patre
1792 2134 2012 2184 fiduciam,
2052 2134 2171 2175 illam
2203 2134 2255 2176 de
2289 2135 2390 2176 sub-

197 2208 292 2248 ditis
316 2207 620 2248 conscientiam
636 2206 648 2230 s
677 2206 952 2258 haberemus,
986 2205 1098 2261 quod
1130 2206 1173 2246 in
1210 2219 1285 2260 spe
1309 2205 1478 2260 paterni
1501 2204 1669 2246 consilii
1692 2208 1735 2245 et
1756 2203 1886 2244 fideig
1917 2202 2205 2244 subiectorum
2228 2207 2385 2244 cuncta

198 2290 349 2317 secure
373 2290 596 2331 possemus
621 2280 716 2330 post
738 2280 861 2329 terga
884 2274 1155 2330 relinquereh
1188 2279 1229 2315 et
1253 2274 1306 2314 ad
1336 2273 1638 2314 exterminium
1663 2272 1883 2314 Tartarice
1905 2270 2153 2327 pravitatisi
2186 2271 2388 2314 cursumk

199 2344 419 2400 expositis¹
467 2344 662 2385 omnibus
705 2344 924 2385 festinare.
989 2343 1251 2385 Succurrit¹³ss
1284 2347 1581 2384 verumtamen
1624 2342 1851 2384 dolorosan
1883 2342 2113 2396 preterite0
2144 2341 2207 2382 rei
2238 2345 2390 2395 gestep

336 2470 421 2505 235.
458 2471 488 2513 e)
515 2472 614 2504 etiam
640 2471 672 2503 A
690 2469 729 2511 3;
756 2471 845 2503 enim
871 2470 902 2502 B
919 2470 951 2503 2.
1068 2468 1100 2511 f)
1126 2470 1196 2503 fere
1220 2475 1310 2502 totae
1335 2469 1368 2502 B
1385 2468 1414 2501 2.
1557 2470 1590 2511 8)
1616 2469 1705 2502 deest
1729 2468 1771 2501 B.
1901 2465 1934 2511 h)
1960 2471 2035 2510 post
2058 2485 2103 2491 —
2127 2468 2217 2500 vires
2243 2462 2314 2500 A‘3
2338 2467 2390 2500 in-

199 2541 291 2562 verso
323 2530 442 2562 ordine
473 2530 536 2561 sic:
573 2535 606 2562 et
638 2529 681 2561 ad
716 2528 973 2571 congregandas
1006 2527 1130 2559 ibidem
1163 2527 1302 2559 dominii
1335 2526 1440 2559 nostri
1466 2526 1555 2558 vires
1580 2530 1613 2558 et
1638 2525 1899 2558 consolidandas
1923 2524 1959 2556 in
1984 2535 2101 2566 unum,
2134 2529 2210 2567 post
2234 2524 2394 2557 domitam

197 2598 299 2629 usque
325 2587 506 2628 aquilonis.
613 2584 635 2618 ἱ)
661 2586 749 2618 deest
774 2587 803 2617 A
825 2586 854 2617 1.
879 2584 910 2617 3.
1022 2581 1056 2626 k)
1083 2583 1171 2616 deest
1194 2582 1228 2615 B
1247 2582 1276 2614 1.
1394 2580 1419 2625 1)
1437 2583 1562 2626 finitur
1586 2581 1627 2614 B.
1722 2581 1765 2624 m)
1792 2593 1850 2624 per
1872 2599 1916 2604 —-
1940 2581 2063 2614 mentis
2087 2585 2200 2614 nostre
2225 2581 2291 2613 des.
2311 2580 2343 2613 A
2361 2579 2392 2614 3.

197 2650 229 2684 Β)
258 2644 391 2677 ΜεᾱίοΓ
420 2644 450 2676 A
470 2644 500 2675 2.
642 2644 673 2685 0)
699 2653 835 2685 gressus
860 2647 992 2674 nostros
1017 2641 1097 2673 add.
1118 2640 1149 2672 A
1170 2639 1200 2673 3.
1341 2640 1374 2682 P)
1400 2640 1491 2672 deest
1514 2639 1546 2671 A
1569 2640 1599 2672 1.
1738 2638 1771 2680 q)
1798 2639 1955 2671 omnibus
1981 2639 2013 2670 A
2031 2638 2063 2672 2.
2088 2637 2120 2671 3.
2260 2636 2288 2681 1')
2313 2639 2391 2671 sub·

198 2703 291 2734 iectis
318 2703 349 2734 A
367 2702 405 2740 ·2;
432 2708 545 2734 nostra
571 2701 720 2732 subactis
747 2700 778 2731 A
797 2700 827 2731 3.
969 2698 997 2740 s)
1036 2698 1108 2730 loco
1134 2699 1176 2730 ad
1203 2715 1244 2719 —
1271 2698 1404 2729 felicius
1430 2697 1462 2729 A
1481 2696 1519 2730 3:
1558 2702 1652 2729 tanto
1678 2697 1829 2729 velocius
1855 2701 2018 2738 tantoque
2043 2697 2195 2729 securius
2219 2696 2260 2728 ad
2285 2701 2393 2728 exter-

198 2761 337 2792 minium
364 2759 573 2802 tempestatis
598 2758 782 2790 Tartarice.
900 2757 926 2797 t)
953 2755 1105 2788 velocius
1130 2754 1163 2786 A
1183 2753 1212 2786 2.
1331 2753 1365 2795 u)
1392 2755 1481 2797 quod
1509 2755 1590 2787 add.
1610 2754 1641 2786 A
1662 2754 1690 2786 1.
1797 2755 1828 2795 V)
1854 2754 1978 2786 etenim
2004 2753 2036 2785 A
2054 2752 2085 2786 3.
2195 2753 2236 2794 W)
2262 2757 2394 2796 patrem

199 2829 300 2860 usque
337 2823 437 2860 eaput
471 2816 536 2848 dee.
562 2816 593 2847 A
611 2815 642 2847 3.
781 2812 815 2856 x)
856 2815 1085 2846 Romanorum
1113 2812 1143 2844 A
1170 2811 1198 2844 1.
1339 2816 1371 2853 y)
1412 2812 1527 2844 multis
1554 2812 1586 2844 A
1606 2811 1634 2844 1.
1777 2813 1805 2852 Ζ)
1845 2810 1943 2843 nobis
1976 2811 2066 2843 effici
2099 2811 2284 2843 niteremur
2307 2809 2343 2843 A
2363 2809 2394 2844 1.

199 2881 230 2916 ³)
256 2876 359 2908 nichil
392 2893 425 2896 -
454 2874 644 2906 omittentes
671 2872 737 2905 des.
758 2872 790 2903 A
811 2872 840 2903 3.
981 2869 1012 2910 b)
1038 2871 1078 2903 de
1104 2874 1192 2902 cont.
1219 2869 1286 2901 des.
1307 2868 1338 2900 A
1356 2868 1387 2901 2.
1530 2868 1559 2912 c)
1585 2880 1685 2901 cause
1715 2868 1747 2900 A
1765 2867 1796 2901 3.
1937 2866 1970 2909 d)
1997 2873 2112 2900 contra
2136 2878 2197 2900 nos
2223 2867 2292 2900 des.
2311 2866 2343 2898 A
2360 2865 2392 2899 3.

200 2933 229 2973 Θ)
256 2939 445 2964 nostrorum
472 2932 505 2963 in
533 2930 708 2971 (deletum)
734 2930 909 2972 perfidiam
936 2928 967 2959 A
990 2928 1015 2959 l.
1134 2925 1165 2968 f)
1192 2928 1296 2959 ubere
1322 2927 1354 2958 A
1376 2926 1403 2958 1.
1499 2928 1534 2968 8)
1562 2927 1753 2959 novercarit
1778 2925 1809 2957 A
1829 2925 1864 2967 1;
1890 2926 2088 2959 novercavit
2113 2925 2145 2958 A
2163 2924 2194 2958 3.
2289 2923 2323 2967 h)
2350 2925 2390 2957 de

200 3002 225 3022 s.
251 3001 311 3022 nec
337 2991 403 3022 cles.
424 2989 455 3020 A
473 2988 503 3022 3.
632 2987 655 3029 i)
682 2988 754 3019 loco
780 2988 841 3018 sut.
867 2996 935 3028 per.
963 2986 1185 3017 Tartarorum
1213 2985 1243 3016 A
1262 2983 1300 3016 3:
1327 2984 1462 3016 eisdem.
1604 2981 1639 3026 k)
1665 2985 1812 3026 perferre
1836 2984 2042 3025 presentiam
2067 2981 2100 3014 A
2120 2981 2150 3015 2.
2268 2979 2294 3024 1)
2320 2992 2393 3024 pre·

200 3058 321 3089 ponere
347 3047 426 3079 add.
447 3047 479 3078 A
499 3046 530 3079 3.
648 3051 690 3085 ¹¹¹)
729 3045 855 3077 Audita
881 3044 912 3075 A
935 3043 963 3076 1.
1080 3047 1112 3082 ¹1)
1140 3042 1439 3074 Vuarmaciensem
1467 3042 1497 3073 A
1516 3041 1555 3079 2;
1581 3043 1843 3074 Varmacensem
1870 3041 1902 3072 A
1919 3040 1950 3072 3.
2069 3039 2101 3082 0)
2138 3041 2179 3072 de
2204 3039 2285 3071 add.
2305 3038 2337 3069 A
2356 3037 2394 3076 2;

201 3105 271 3135 lor-0
298 3105 407 3135 vicine
434 3122 474 3126 -
501 3114 637 3145 gressus
663 3108 795 3134 nostros
821 3101 879 3134 ubi
911 3101 943 3132 A
964 3099 1001 3132 3:
1029 3110 1154 3142 magna
1180 3100 1219 3131 de
1245 3100 1467 3132 Tartarorum
1492 3099 1703 3131 venientium
1727 3103 1936 3141 tempestate,
1967 3098 2031 3129 viis
2056 3102 2089 3129 et
2113 3096 2203 3139 iugis
2228 3095 2393 3128 montium

201 3162 391 3201 maturatis,
425 3172 542 3193 versus
567 3162 709 3192 Romam
735 3159 919 3191 direximus
945 3168 1081 3200 gressus
1106 3162 1256 3197 nostros,
1292 3157 1350 3188 ubi
1376 3157 1553 3189 devotione
1579 3167 1641 3188 nec
1663 3156 1775 3199 minus
1801 3155 1951 3197 potentia
1975 3159 2089 3187 nostra
2114 3154 2154 3186 de
2179 3153 2291 3185 vicino
2316 3163 2394 3184 con-

201 3227 324 3261 specta.
418 3224 450 3257 Ρ)
478 3219 603 3250 nuncia
632 3219 662 3249 A
685 3217 712 3249 1.
807 3217 840 3256 q)
867 3215 1070 3258 supradictis
1097 3214 1128 3245 A
1147 3213 1179 3246 2.
1284 3216 1312 3255 r)
1340 3214 1557 3256 ipsorumque
1581 3214 1685 3256 pestis
1709 3214 1876 3256 irruperat
1902 3211 1933 3243 A
1950 3210 1980 3243 2.
2077 3212 2104 3250 8)
2132 3210 2292 3242 continuo
2310 3208 2342 3240 A
2359 3206 2391 3240 2.

201 3277 226 3317 ἵ)
254 3282 365 3307 nostre
391 3276 467 3307 fidei
495 3276 524 3306 A
546 3275 575 3307 1.
693 3273 727 3315 u)
752 3274 938 3306 retardabit
963 3273 994 3304 A
1013 3272 1044 3305 3.
1162 3271 1194 3311 v)
1221 3272 1392 3303 Romanus
1418 3271 1450 3303 A
1469 3270 1501 3304 2.
1527 3270 1558 3304 3.
1663 3270 1704 3312 w)
1730 3275 1824 3303 tante
1849 3269 1881 3302 A
1899 3268 1930 3302 3.
2023 3267 2057 3311 x)
2082 3268 2283 3300 necessitate
2310 3265 2342 3297 A
2359 3264 2392 3298 3.

201 3338 232 3371 y)
260 3334 382 3364 etenim
409 3332 440 3362 A
459 3330 487 3363 ·2.
516 3331 547 3363 3.
665 3337 693 3371 Ζ)
720 3332 754 3363 in
779 3331 852 3363 sim.
878 3330 947 3362 des.
966 3329 997 3360 A
1016 3327 1047 3361 3.
1165 3327 1196 3370 a)
1221 3339 1388 3371 generosa
1414 3328 1446 3359 A
1463 3327 1502 3369 2;
1528 3328 1677 3370 gloriosa
1703 3326 1735 3359 A
1752 3326 1784 3360 3.
1899 3324 1932 3367 b)
1957 3325 2048 3358 deest
2072 3323 2104 3356 A
2122 3323 2155 3357 3.
2267 3323 2296 3364 0)
2322 3333 2390 3356 me-

201 3389 386 3421 moratione
412 3388 443 3419 A
464 3387 494 3420 3.
634 3386 667 3428 d)
693 3389 841 3430 gerimus
868 3387 900 3419 A
919 3385 949 3419 3.
1091 3385 1120 3426 ε3)
1144 3385 1180 3416 in
1206 3403 1247 3407 —
1273 3385 1418 3418 articulo
1444 3385 1512 3417 des.
1533 3384 1564 3416 A
1582 3383 1613 3417 3.
1754 3382 1783 3427 f)
1809 3383 2033 3416 constantiam
2059 3381 2091 3413 A
2109 3380 2140 3414 3.
2266 3379 2300 3421 8)
2325 3379 2390 3412 fide

202 3446 393 3477 firmissima
419 3446 449 3475 A
469 3444 499 3477 3.
617 3443 649 3484 h)
677 3451 798 3477 cuncta
822 3450 895 3487 post
920 3450 943 3475 t.
969 3454 1057 3486 poss.
1085 3453 1151 3475 sec.
1177 3442 1366 3484 relinquere
1391 3441 1423 3473 A
1442 3441 1472 3474 3.
1577 3440 1600 3483 i)
1626 3442 1697 3474 loco
1722 3441 1813 3473 Tart.
1839 3440 2019 3482 pravitatis
2044 3438 2076 3470 A
2094 3436 2133 3470 3:
2159 3438 2391 3470 Tartarorum.

201 3499 235 3542 k)
261 3502 351 3534 deest
376 3502 406 3533 A
426 3501 456 3532 ⁴2.
482 3501 514 3533 3.
642 3500 667 3542 1)
694 3501 886 3544 postpositis
912 3500 943 3531 A
963 3498 994 3532 3.
1125 3499 1168 3540 m)
1195 3499 1341 3531 occurrit
1367 3496 1398 3529 A
1417 3497 1448 3531 3.
1565 3496 1599 3540 ¹²)
1624 3497 1714 3530 deest
1738 3496 1771 3528 A
1787 3495 1819 3529 2.
1914 3497 1945 3536 0)
1971 3496 2062 3528 deest
2085 3494 2118 3526 A
2138 3493 2174 3533 1;
2200 3494 2240 3526 de
2264 3493 2390 3527 talibus

202 3559 233 3590 A
253 3558 288 3598 2;
315 3559 354 3592 de
379 3560 534 3602 preterite
559 3559 591 3590 A
610 3558 640 3591 3.
758 3558 790 3600 Ρ)
817 3564 910 3600 geste
935 3558 983 3590 rei
1007 3556 1038 3588 A
1059 3555 1088 3588 1.

340 3649 373 3690 1)
409 3648 456 3681 W
455 3647 579 3681 aitzen.

2425 916 2456 941 10

2425 1259 2456 1284 15

2425 1599 2458 1626 20

2425 1944 2456 1970 25

2426 2286 2460 2312 30

2429 2651 2461 2677 35

2429 2938 2462 2963 40

2428 3226 2461 3252 45

2427 3507 2461 3533 50
