2558 3970
212 179 286 219 128
741 172 982 207 FRIDERICI
1009 172 1053 205 lI.
1079 169 1504 205 CONSTITUTIONES.
1557 169 1654 203 1224.
1703 169 1764 203 Nr.
1785 169 1861 203 101.

206 301 350 332 cetero
385 291 570 331 habeant
603 289 830 328 actionem.
892 286 1068 326 Terram
1112 285 1239 325 etiam
1280 285 1417 328 illam,
1452 298 1576 338 quam
1621 298 1763 324 comes
1798 283 2008 324 Albertus
2042 283 2093 324 de
2127 283 2390 325 Orlamunde

206 376 229 400 a
262 374 361 413 rege
396 361 434 399 iu
468 356 639 412 pheudo
674 357 824 397 tenuit.
859 360 901 396 et
932 355 1019 395 alia
1052 354 1176 397 bona,
1210 367 1291 407 que
1325 353 1366 392 in
1392 352 1543 393 eadem
1567 357 1684 393 10113
1707 352 1798 406 regi
1825 352 2052 403 vacabant,
2081 351 2224 392 dictus
2248 365 2392 392 comes

207 428 412 468 Albertus
454 427 493 466 in
533 425 703 479 pheudo
744 424 796 464 ab
837 423 1016 476 imperio
1057 422 1256 475 recipiet,
1297 424 1338 460 et
1380 420 1605 475 imperium
1646 419 1857 474 prestabit
1895 420 1932 461 ei
1975 433 2105 474 super
2145 419 2207 460 eis
2241 423 2391 460 contra

207 495 440 550 quemlibet
475 492 749 533 warandiam.
814 491 1015 546 Episcopi
1050 503 1218 544 quoque
1253 490 1293 529 in
1327 488 1476 529 eadem
1510 493 1625 529 terra
1658 488 1892 531 constituti.
1917 487 2083 528 scilicet
2105 487 2388 540 Lubecensis,

209 563 597 615 lewes-burgensis.
640 560 936 601 Zueriueusis.
971 559 1134 612 regalia
1168 571 1244 598 sua
1276 558 1329 598 ab
1371 557 1550 611 imperio
1593 557 1819 610 recipient.
1881 556 2088 597 Preterea
2121 570 2199 597 rex
2229 556 2389 597 liberos

209 633 393 672 dimittet
426 644 572 670 omues
605 630 697 669 illos
730 629 973 682 ubicunque
1019 627 1298 673 constitutos,
1331 627 1398 680 qui
1441 626 1482 665 111
1515 624 1707 680 predicta
1740 629 1853 666 terra
1886 624 1924 666 ei
1957 624 2144 665 hominio
2178 625 2246 665 vel
2276 624 2391 665 iura-

208 709 351 740 mento
385 700 555 739 fuerunt
588 697 771 738 astricti.
807 701 849 737 et
882 696 961 750 ipsi
1001 696 1202 736 iurabunt
1241 694 1419 749 imperio
1460 698 1503 734 et
1544 693 1685 733 comiti
1720 692 1903 734 Alberto
1937 692 1989 733 ad
2025 706 2146 733 suam
2177 692 2392 733 iusticiam

207 767 447 820 utrobique.
483 770 523 806 et
558 766 682 806 boun.
716 778 797 819 que
829 779 854 804 a
884 778 986 818 rege
1019 763 1239 812 tenebant,
1272 776 1296 802 a
1329 762 1482 802 comite
1517 761 1566 801 A.
1601 761 1825 815 recipient.

346 838 382 876 3.
419 835 525 874 ltem
560 848 634 873 rex
668 839 709 873 ct
742 846 886 873 comes
920 831 1124 872 Albertus
1157 836 1315 872 terram
1339 829 1640 870 Boicenburch
1675 834 1717 870 et
1752 833 1909 869 terram
1935 829 2092 870 Zuerin
2127 842 2223 870 cum
2256 830 2390 870 omni-

206 904 283 944 bus
318 903 626 943 rationabiliter
669 900 949 941 attinentibus
996 900 1140 940 comiti
1175 899 1381 939 Heinrico
1425 898 1476 938 de
1523 898 1681 938 Zuerin
1724 898 1860 938 libere
1903 897 2137 947 dimittent,
2185 911 2291 952 quas
2339 897 2392 938 ab

208 973 385 1026 imperio
426 971 623 1025 recipiet:
666 976 707 1010 ct
746 969 1061 1010 reedificabitur
1101 969 1138 1008 ci
1179 972 1366 1007 castrum
1400 965 1688 1014 NVotmunde,
1730 970 1855 1021 prout
1895 970 1988 1006 erat
2021 965 2190 1020 quando
2224 965 2392 1007 destru-

209 1051 319 1081 ctum
355 1041 446 1080 fuit.
508 1039 712 1080 Preterea
746 1039 883 1079 omnia
919 1038 1041 1081 bona,
1076 1051 1157 1091 que
1191 1049 1333 1076 comes
1357 1035 1587 1076 Heinricus
1621 1050 1645 1075 a
1678 1035 1831 1075 comite
1861 1034 2039 1075 Alberto
2073 1034 2267 1085 tenebat,
2299 1034 2395 1076 ubi-

208 1123 375 1163 cunque
411 1110 491 1149 sita
524 1109 620 1150 siut.
654 1108 807 1148 iterum
844 1106 1009 1147 tenebit
1042 1111 1084 1146 et
1119 1104 1293 1145 vassalli
1327 1104 1432 1145 eius.
1494 1103 1606 1144 Item
1641 1103 1768 1154 bona,
1801 1117 1882 1157 que
1907 1102 2162 1144 Thidericus
2187 1103 2396 1144 Scacman

208 1193 229 1218 a
265 1179 417 1218 comite
458 1177 638 1217 Albcrto
679 1190 772 1216 cum
812 1175 897 1215 filio
939 1178 1171 1214 matertere
1214 1187 1289 1213 sue
1329 1172 1460 1213 debet
1499 1171 1659 1213 habere
1698 1171 1748 1211 de
1792 1172 1902 1221 iure,
1935 1171 2112 1212 tenebit.
2174 1171 2286 1212 Item
2318 1186 2396 1213 rex

212 1247 331 1286 matri
366 1247 511 1285 uxoris
545 1245 712 1284 comitis
745 1243 937 1284 Heinrici
972 1248 1128 1283 terram
1162 1242 1254 1282 eius
1289 1241 1489 1281 restituet
1524 1241 1590 1281 vel
1624 1240 1707 1280 duo
1739 1239 1888 1280 miliatl
1921 1253 2161 1280 marcarum
2194 1239 2324 1280 dabit.

348 1318 383 1353 4.
419 1313 483 1354 De
509 1313 619 1353 dicta
645 1318 757 1352 terra
783 1311 1065 1351 Transalbina
1098 1324 1182 1350 non
1207 1308 1442 1364 repetenda
1466 1308 1699 1349 secundum
1724 1308 1945 1348 consilium
1968 1308 2206 1363 principum
2230 1308 2396 1363 imperii

210 1383 416 1437 prestabit
456 1397 532 1423 rex
570 1395 738 1422 omnem
772 1380 1015 1421 cautionem
1049 1393 1175 1434 quam
1208 1378 1368 1434 poterit
1400 1382 1443 1419 et
1475 1391 1601 1432 quam
1634 1377 1844 1432 principes
1877 1376 2112 1426 voluerint,
2145 1380 2291 1432 preter
2322 1377 2396 1418 ob-

209 1451 321 1490 sides
354 1457 395 1491 et
427 1452 619 1506 pignora.

345 1522 382 1558 5.
418 1518 525 1559 Cum
566 1533 643 1559 rex
682 1518 809 1558 fuerit
849 1517 889 1557 in
932 1516 1050 1557 curia
1090 1515 1318 1556 Barduwic
1366 1514 1632 1569 principibus
1681 1517 1979 1568 presentatus,
2026 1527 2221 1565 omnem,
2269 1528 2396 1570 quam

209 1588 366 1642 poterit
399 1594 440 1627 ct
473 1601 597 1641 quam
631 1587 845 1641 principes
878 1585 1165 1639 requisierint,
1197 1584 1324 1624 faciet
1357 1584 1601 1624 cautionem
1630 1586 1773 1637 preter
1796 1581 1969 1622 obsides
1994 1585 2036 1622 et
2058 1582 2249 1636 pignora,
2281 1581 2395 1637 quod

210 1666 344 1696 terras
394 1655 554 1697 Slavie.
606 1669 736 1709 super
778 1654 933 1708 quibus
987 1667 1118 1694 causa
1164 1654 1344 1694 vertitur
1394 1653 1505 1693 inter
1553 1652 1776 1706 imperium
1819 1654 1862 1690 et
1910 1664 2091 1704 regnum
2137 1650 2288 1701 Datie,
2329 1650 2398 1692 die

213 1725 485 1765 convenienti
531 1725 609 1765 sibi
652 1738 675 1765 a
720 1723 984 1778 principibus
1030 1722 1192 1777 prefixo
1240 1722 1419 1776 imperio
1462 1720 1647 1762 dimittet
1687 1720 1751 1760 vel
1800 1719 2035 1760 secundum
2078 1719 2292 1760 iusticiam
2330 1719 2399 1761 vel

210 1793 442 1834 secundum
485 1794 665 1847 gratiam
700 1792 915 1834 retinebit.

351 1864 387 1902 6.
422 1863 531 1903 Item
574 1861 770 1901 dominus
809 1874 887 1902 rex
926 1859 1110 1914 accipiet
1148 1872 1327 1913 regnum
1365 1858 1495 1899 Datie
1539 1857 1592 1899 de
1633 1871 1761 1898 manu
1802 1856 1970 1912 imperii
2003 1860 2046 1898 et
2077 1857 2115 1897 ei
2148 1856 2397 1911 homagium

212 1931 363 1971 faciet.
405 1929 640 1971 secundum
682 1928 793 1983 quod
833 1929 905 1970 alii
937 1929 1151 1983 principes
1184 1928 1330 1968 facere
1363 1927 1524 1976 solent,
1570 1931 1613 1968 et
1644 1925 1897 1967 fidelitatem
1930 1925 2045 1966 bona
2076 1925 2159 1966 fide
2193 1925 2396 1968 servabit.

352 2001 385 2040 7.
421 1999 528 2039 Item
570 2013 646 2039 rex
685 2004 728 2039 et
771 2011 914 2038 comes
953 1997 1158 2037 Albertus
1199 1996 1366 2036 firmam
1406 1996 1566 2036 facient
1605 1995 1869 2045 cautionem,
1912 2007 1994 2049 que
2035 1993 2194 2035 oruede
2227 1993 2396 2046 dicitur,

212 2068 355 2108 comiti
388 2067 594 2108 Heinrieo
627 2080 701 2121 pro
736 2081 782 2107 se
815 2071 856 2106 et
888 2080 962 2121 pro
995 2066 1194 2106 omnibus
1227 2066 1314 2105 suis
1348 2065 1497 2105 amicis
1529 2068 1571 2104 et
1604 2063 1819 2118 cognatis:
1852 2067 1894 2104 et
1925 2067 1973 2103 ut
2005 2064 2090 2104 ista
2115 2062 2273 2104 oruede
2305 2067 2400 2104 rata

213 2136 421 2177 habeatur
463 2141 505 2176 et
547 2136 689 2179 firma.
730 2135 850 2176 dabit
896 2149 974 2176 rex
1019 2134 1192 2175 obsides
1233 2147 1366 2174 unum
1407 2132 1459 2174 de
1498 2133 1594 2173 filiis
1639 2133 1728 2173 suis
1768 2132 1974 2186 legitimis
2017 2136 2060 2173 et
2092 2131 2242 2173 decem
2274 2132 2398 2183 alios,

213 2205 398 2259 quinque
438 2204 489 2245 (10
529 2204 665 2245 Dacia
705 2209 747 2245 et
788 2204 975 2258 quinque
1014 2203 1067 2243 de
1100 2203 1317 2243 Holsatia.
1387 2201 1466 2242 Isti
1499 2201 1714 2242 dabuntur
1746 2200 1800 2240 ad
1832 2200 1980 2241 decem
2016 2214 2152 2242 annos
2186 2204 2228 2242 et
2259 2205 2398 2242 muta-

212 2273 370 2313 buntur
403 2287 475 2328 pro
510 2273 714 2328 temporis
748 2273 1058 2328 oportunitate,
1093 2286 1189 2312 eum
1221 2285 1326 2326 opus
1358 2270 1504 2313 fuerit:
1554 2270 1625 2310 isti
1667 2268 1839 2310 obsides
1872 2269 2087 2310 dabuntur
2118 2269 2297 2324 imperio
2330 2269 2400 2312 vel

212 2341 478 2395 principibus
510 2342 691 2395 imperii.
726 2346 767 2381 et
800 2341 879 2396 ipsi
915 2341 1183 2381 committent
1217 2354 1289 2380 eos
1322 2340 1477 2394 quibus
1510 2339 1593 2393 ipsi
1627 2338 1851 2379 voluerint.

351 2413 387 2451 S.
428 2410 534 2451 Item
583 2424 660 2450 rex
708 2409 825 2450 dabit
873 2424 946 2463 pro
995 2409 1293 2463 redemptione
1342 2422 1419 2449 sua
1468 2407 1752 2462 quadraginta
1791 2407 1908 2447 milia
1952 2420 2191 2447 marcarum
2232 2407 2400 2461 argenti

217 2479 359 2518 comiti
394 2479 614 2519 Heinrico.
649 2492 730 2533 que
762 2478 1128 2533 presentabuntur
1168 2477 1349 2532 imperio
1389 2481 1431 2517 et
1472 2475 1750 2531 principibus.
1812 2474 1902 2516 Ista
1942 2475 2126 2530 pecunia
2157 2474 2327 2516 dabitur
2357 2475 2400 2516 in

215 2547 403 2602 pondere
430 2547 687 2592 Coloniensi,
720 2561 802 2587 uno
838 2547 1011 2587 lothone
1044 2547 1184 2586 minus
1213 2546 1385 2586 valente
1420 2546 1461 2585 in
1484 2558 1742 2599 unaquaque
1766 2557 1912 2584 marca
1936 2544 2183 2584 examinato
2206 2547 2398 2598 argento,

215 2616 263 2655 In
295 2615 445 2656 eadem
480 2616 635 2656 valoris
669 2616 906 2669 quantitate
941 2615 1143 2670 pecunia.
1187 2629 1268 2669 que
1302 2614 1353 2654 ad
1387 2628 1493 2668 opus
1526 2613 1658 2654 Terre
1693 2612 1850 2654 Sancte
1883 2612 2073 2663 dabitur,
2113 2612 2397 2667 persolvetur.

216 2684 280 2724 De
324 2685 511 2739 pecunia
550 2684 834 2738 quadraginta
874 2684 1036 2723 milium
1077 2697 1318 2723 marcarum
1350 2682 1471 2722 dabit
1502 2696 1579 2722 rex
1612 2681 1760 2734 viginti
1794 2681 1909 2721 milia
1941 2695 2207 2731 marcarum,
2240 2686 2327 2722 tam
2358 2681 2400 2722 in

214 2753 395 2806 pecunia
442 2766 568 2806 quam
611 2753 650 2792 in
696 2753 966 2806 pignoribus.
1014 2757 1059 2791 ut
1106 2752 1197 2806 ipse
1246 2756 1289 2792 01
1330 2751 1441 2791 filius
1486 2764 1587 2790 suus
1629 2750 1752 2790 simul
1796 2749 2084 2803 egrediantur.
2158 2749 2318 2796 Quodsi
2358 2751 2400 2791 in

215 2836 394 2874 egressu
435 2835 509 2861 suo
552 2822 696 2875 viginti
742 2821 857 2860 milia
898 2835 1136 2861 marcarum
1179 2821 1346 2861 solvere
1389 2834 1471 2859 11011
1515 2819 1670 2873 possit,
1715 2819 1865 2859 solutis
1899 2817 2050 2859 decem
2084 2818 2255 2859 milibus
2288 2832 2398 2860 mar-

215 2903 379 2929 carum.
419 2889 666 2943 egredietur
700 2890 813 2943 ipse.
860 2889 945 2929 filio
990 2902 1065 2929 suo
1100 2889 1267 2929 seniore
1301 2901 1375 2943 pro
1416 2887 1563 2928 decem
1604 2886 1777 2927 milibus
1819 2891 2089 2933 1011131101110
2127 2900 2209 2941 que
2249 2886 2398 2928 decem

215 2958 329 2997 milia
375 2971 468 2998 011111
511 2958 693 3012 primum
734 2958 872 2997 soluta
911 2957 1090 2998 fuerint.
1126 2957 1237 2997 filius
1271 2957 1413 2996 senior
1444 2956 1553 2996 liber
1586 2955 1844 3009 egredietur.
1912 2955 1996 2995 Pro
2038 2954 2219 2996 residuis
2252 2959 2395 2996 31110111

217 3026 364 3078 viginti
408 3026 577 3066 milibus
624 3039 863 3066 marcarum
912 3025 1031 3066 dabit
1070 3039 1146 3065 rex
1192 3025 1368 3079 triginta
1408 3024 1577 3065 obsides
1617 3023 1786 3064 adultos
1830 3028 1871 3063 et
1913 3037 2045 3064 unum
2077 3023 2129 3065 de
2162 3024 2260 3065 filiis
2290 3024 2400 3072 suis

216 3093 366 3147 quodsi
400 3095 575 3147 triginta
608 3094 780 3134 obsides
815 3093 983 3134 adultos
1018 3094 1180 3135 habere
1214 3107 1299 3133 11011
1333 3093 1531 3147 potuerit,
1556 3092 1676 3133 dabit
1697 3091 1939 3146 quindecim
1963 3091 2130 3133 adultos
2155 3096 2198 3133 et
2221 3092 2398 3133 totidem

217 3163 392 3202 iuvenes
435 3177 527 3202 cum
570 3163 737 3204 duobus
777 3163 873 3202 filiis
915 3163 1023 3203 suis:
1068 3168 1111 3203 et
1150 3163 1181 3202 si
1223 3161 1466 3216 quindecim
1507 3161 1675 3201 adultos
1718 3161 1878 3201 habere
1919 3175 2002 3201 11011
2043 3161 2248 3215 potuerit,
2281 3160 2401 3202 dabit

219 3232 392 3284 triginta
425 3245 580 3284 pueros
614 3246 707 3271 cum
741 3232 878 3272 tribus
911 3232 1008 3271 tiliis
1041 3231 1143 3271 suis.
1204 3231 1283 3271 Isti
1308 3230 1480 3271 obsides
1505 3229 1868 3284 presentabuntur
1891 3229 2069 3284 imperio
2092 3229 2201 3270 sicut
2221 3229 2398 3284 priores.

218 3298 300 3338 Pro
340 3299 419 3338 hiis
458 3299 622 3339 duobus
664 3300 852 3340 articulis
893 3304 1076 3346 tantum,
1118 3299 1319 3340 videlicet
1360 3313 1435 3353 pro
1467 3297 1628 3338 oruede
1661 3302 1704 3338 et
1742 3311 1818 3351 pro
1860 3297 2042 3352 pecunia
2074 3297 2397 3352 redemptionis,

218 3367 432 3407 dabuntur
464 3367 650 3408 obsides.
712 3368 778 3408 De
811 3367 1180 3422 possessionibus,
1214 3381 1320 3421 quas
1353 3381 1430 3407 rex
1472 3366 1519 3416 inl
1555 3371 1668 3406 terra
1700 3365 1984 3406 Transalbina
2016 3365 2198 3420 pecunia
2229 3379 2398 3420 compa-

220 3436 339 3475 ravit.
374 3449 448 3490 pro
483 3450 557 3475 sue
592 3436 822 3476 voluntatis
856 3436 1029 3476 arbitrio
1064 3436 1290 3476 ordinabit.
1354 3435 1465 3475 Item
1509 3435 1545 3474 si
1587 3434 1629 3474 in
1671 3433 1787 3474 curia
1817 3433 2044 3475 Barduwic
2076 3448 2174 3489 pars
2206 3433 2398 3489 predicte

219 3505 399 3557 pecunie
432 3508 606 3558 propter
626 3504 830 3558 temporis
853 3505 1108 3545 brevitatem
1136 3504 1319 3559 persolvi
1346 3518 1429 3543 non
1454 3503 1629 3557 poterit,
1654 3501 1889 3542 secundum
1913 3501 2137 3542 eonsilium
2160 3502 2398 3557 principum

358 3628 390 3669 )
417 3641 523 3670 snpra
551 3630 607 3660 .
636 3629 717 3661 add.
745 3630 857 3661 cadem
887 3641 990 3661 manu
1018 3642 1065 3661 or.

2430 909 2463 934 10

2431 1250 2463 1274 15

2433 1591 2466 1616 20

2433 1933 2465 1958 25

2435 2280 2468 2305 30

2434 2621 2465 2646 35

2431 2970 2464 2995 40

2433 3308 2464 3334 45
