2558 3970
36 3041 116 3068 Mart.
133 3045 173 3068 151.

213 170 294 209 346
751 163 989 198 FRIDERICI
1016 163 1060 197 Π,
1087 161 1514 197 consrirurioNEs
1565 162 1663 197 1244.
1718 162 1876 197 »τι-,252

211 282 418 336 qualitate
445 281 786 320 satisfactionum
811 279 1069 333 expressisb‘.
1093 277 1382 318 absolucionis
1402 281 1547 317 nostre
1568 276 1718 317 modus
1742 277 1864 318 nobis
1888 282 1929 318 et
1950 278 2156 318 terminus
2175 277 2398 318 diceretur.

213 350 276 404 (χῖ)
310 349 506 402 Denique
541 349 574 388 si
613 352 828 402 queratur.
864 346 965 388 curh
997 352 1095 387 ante
1129 350 1445 387 sacramentum
1479 359 1562 386 non
1594 347 1768 386 fuerunt
1803 346 1881 387 hec
1916 347 2060 387 omnia
2091 346 2323 387 terminata
2355 350 2397 387 et

212 417 451 472 specialiter
497 418 723 470 negocium
771 415 1130 457 Lonibardorum.
1180 414 1494 469 respondetur&
1547 413 1656 468 quod
1702 413 2042 455 Lombardorum
2086 415 2254 469 questio
2297 418 2397 455 ante

211 493 526 526 sacramentum
575 489 758 524 tractata
801 484 965 524 exstitit
1009 489 1050 524 et
1093 483 1259 525 decisa.
1301 497 1559 537 quamquam
1591 482 1789 523 dominus
1829 497 1961 538 papa,
2003 484 2036 523 si
2080 483 2223 524 dicere
2256 483 2396 534 liceat,

211 554 326 595 aliud
360 555 399 594 in
434 553 559 593 corde
594 558 762 607 gereret
797 566 923 607 quain
957 566 1060 593 voce
1095 553 1322 607 proferret.
1388 551 1493 592 Cum
1529 552 1643 592 enim
1675 552 1715 591 in
1752 550 1966 592 tractatuk
1998 551 2152 592 fuisset
2174 552 2396 592 contencio

210 623 260 663 ‹lc
294 622 546 662 Lombardis
581 628 622 662 et
656 635 767 676 papa
801 625 1046 661 constanter
1078 622 1278 663 instaret.
1324 625 1369 660 ut
1401 620 1568 674 precise
1603 620 2022 674 compromitteretur
2053 620 2095 660 in
2127 634 2245 670 eum,
2289 621 2399 661 sicut

210 693 251 731 in
285 691 497 745 quondam
532 690 749 730 dominum
785 688 1041 743 Gregorium
1074 689 1215 730 fuerat
1248 688 1478 743 aliquando
1513 688 1881 743 compromissum,
1916 692 1958 729 et
1989 688 2324 743 responderetur
2347 690 2399 741 ei,

209 759 320 813 quod
353 769 465 799 tunc.
501 758 667 813 quando
701 759 1056 813 compromissum
1090 758 1230 799 fuerat
1262 758 1302 797 in
1336 771 1491 811 papam
1517 756 1788 811 Gregorium,
1823 761 1914 798 erat
1947 757 2108 798 amicus
2140 761 2287 798 noster
2319 772 2399 800 nec

209 843 283 869 nos
318 828 712 869 exconnnunicatos
747 827 935 867 habebat
968 827 1078 867 sicut
1112 841 1184 867 vos
1219 826 1405 872 habetis,
1449 828 1491 866 et
1523 825 1622 879 quia
1659 825 1743 866 iam
1777 826 1946 880 experti
1981 839 2126 866 sumus
2161 826 2397 881 periculum

210 896 446 937 huiusmodi
482 895 724 936 manifestc¹
759 895 811 936 de
846 896 1228 950 compromissione
1263 896 1302 935 in
1337 895 1523 935 ecclesia
1556 894 1772 945 facienda,
1805 908 1882 949 per
1914 908 2060 949 quam,
2094 893 2250 935 nedum
2284 894 2397 949 quod

210 966 338 1006 nichil
373 965 644 1006 comoditatis
678 965 766 1005 fere
802 979 878 1019 per
901 964 982 1005 XV
1017 978 1151 1005 annos
1184 964 1455 1011 haberemus,
1489 963 1618 1004 immo
1643 962 1913 1003 incomodum
1937 963 2265 1017 reportavimus,
2299 962 2399 1003 dum

210 1034 543 1089 quadringentos
579 1034 754 1078 milites,
799 1033 850 1073 ad
885 1047 990 1088 quos
1023 1048 1096 1088 pro
1130 1033 1273 1073 multis
1307 1033 1483 1074 offensis
1516 1031 1714 1072 dominus
1749 1031 2007 1072 Honorius¹1¹
2040 1031 2257 1086 quondam
2289 1046 2401 1088 papa

209 1103 475 1144 Lombardos
510 1117 563 1143 cx
598 1103 900 1157 compromisso
935 1103 977 1142 in
1011 1116 1107 1143 cum
1141 1101 1252 1142 facto
1286 1100 1698 1156 condempnaverat,
1734 1100 1967 1155 Gregorius
2002 1104 2150 1141 contra
2182 1114 2273 1152 nos,
2307 1101 2397 1142 exi-

210 1178 399 1213 stentesu
432 1185 506 1226 pro
542 1172 720 1211 servicio
747 1171 846 1211 Iesu
872 1170 1031 1211 Christi
1064 1171 1259 1225 partibus
1292 1170 1604 1220 transmarinis,
1638 1169 1875 1210 transmisit
1906 1169 1948 1209 in
1970 1169 2188 1224 Regnum:
2221 1169 2396 1210 tandem

209 1242 331 1295 petiit
370 1249 432 1282 ut.
476 1240 572 1294 quia
615 1239 795 1280 ecclesia
836 1254 879 1280 se
923 1239 975 1279 ad
1019 1239 1096 1280 hoc
1138 1239 1405 1293 obligaverat
1437 1238 1716 1290 Lombardis,
1756 1237 1868 1292 quod
1901 1252 1985 1279 non
2018 1238 2145 1280 aliter
2175 1238 2395 1279 nobiscum

210 1324 356 1365 paceni
401 1309 563 1350 faceret
607 1309 686 1349 nisi
733 1313 915 1363 poneret
957 1309 1071 1363 ipsos
1105 1309 1148 1348 in
1187 1322 1315 1363 pace,
1366 1312 1412 1348 ut
1444 1307 1743 1353 Lombardis&
1789 1321 1894 1362 quos
1929 1307 2110 1348 ecclesie
2143 1307 2399 1349 adherentes

208 1378 401 1420 vocabat.
435 1377 620 1418 rebelles
651 1377 858 1432 imperiiP,
891 1391 1041 1431 pacem
1066 1376 1266 1417 daremus
1291 1382 1334 1417 et
1356 1377 1638 1417 liberaremus
1662 1376 1852 1431 captivos
1876 1376 2063 1431 ipsorum
2075 1384 2104 1417 ‘1.
2158 1375 2281 1423 Quod
2305 1390 2399 1417 eum

208 1447 350 1488 nuncii
393 1446 626 1501 supradicti
668 1445 719 1486 de
762 1445 939 1486 dacione
983 1460 1100 1500 pacis
1146 1444 1452 1494 concederent,
1495 1445 1688 1500 captivos
1734 1449 1877 1485 tamen
1923 1459 2005 1485 non
2050 1445 2175 1486 aliter
2205 1445 2400 1486 dicerent

207 1515 470 1565 liberandos,
505 1515 586 1555 nisi
618 1514 732 1569 prius
766 1515 1048 1555 sacramentis
1082 1514 1305 1555 fidelitatis
1339 1518 1382 1554 et
1414 1514 1619 1554 caucione
1653 1514 1843 1569 prestitis
1878 1527 1953 1568 per
1985 1513 2178 1564 eosdem,
2213 1513 2324 1569 quod
2356 1514 2398 1554 in

208 1585 322 1626 curia
355 1589 503 1625 nostra
536 1589 577 1624 et
610 1597 753 1624 coram
784 1582 1084 1638 principibusr,
1128 1587 1252 1638 prout
1285 1587 1351 1623 est
1382 1583 1571 1622 omnium
1611 1595 1842 1636 regnorum
1876 1583 1979 1623 iuris
2013 1586 2056 1623 et
2086 1583 2235 1634 moris,
2269 1596 2398 1638 super

207 1654 461 1696 deteneione
495 1653 706 1707 regalium
739 1656 781 1693 et
812 1653 1001 1707 ipsorum
1033 1651 1372 1692 obvencionibus
1407 1655 1572 1692 starent
1604 1655 1647 1692 et
1679 1651 1760 1691 iuri
1792 1655 2014 1706 parerent,
2056 1651 2254 1692 dominus
2286 1665 2401 1707 papa

205 1724 340 1779 primo
373 1722 424 1763 de
457 1721 709 1763 Lombardis
743 1720 1046 1762 conveniendis
1080 1721 1122 1761 in
1155 1721 1271 1761 curia
1304 1721 1474 1775 imperii
1506 1719 1655 1761 retulit
1688 1721 1972 1774 questionem,
2008 1734 2135 1776 quam
2167 1720 2400 1762 Lombardi

205 1793 286 1847 ipsi
328 1791 443 1832 nullo
485 1796 677 1846 tempore
721 1795 820 1831 ante
862 1790 1119 1840 retulerant,
1166 1804 1261 1830 cum
1305 1790 1421 1844 ipsos
1465 1788 1517 1830 de
1554 1789 1733 1843 imperio
1775 1792 1817 1830 et
1848 1789 2060 1830 vassallos
2102 1790 2270 1844 imperii
2307 1790 2399 1832 fore

209 1864 439 1902 constaret.
499 1859 920 1900 Perniciosissimum
970 1859 1170 1914 exemplo
1214 1864 1413 1914 preterea
1453 1857 1661 1914 sepedicti
1703 1859 1848 1899 nuncii
1885 1858 1976 1899 fore
2010 1858 2232 1910 dicebant,
2282 1859 2316 1899 si
2348 1858 2399 1900 de

206 1929 499 1970 iurisdictione
533 1928 817 1969 vassallorum
855 1928 1022 1983 imperii
1056 1942 1133 1968 seu
1166 1927 1453 1982 quorumlibet
1493 1941 1645 1981 regum
1681 1940 1757 1982 per
1789 1926 2009 1967 dominum
2043 1941 2197 1982 papam
2230 1928 2397 1983 questio

205 2013 280 2040 seu
321 1998 521 2039 dubietas
563 1998 706 2052 aliqua
745 1997 967 2038 referetur.
1029 1996 1174 2037 Nichil
1213 1997 1370 2038 exinde
1410 1997 1453 2037 in
1494 1996 1769 2038 manifestam
1810 1996 1976 2051 imperii
2012 2000 2054 2037 et
2085 1997 2274 2037 omnium
2307 1997 2400 2038 fere

207 2068 447 2124 principum
480 2066 680 2107 iniuriam
712 2067 853 2121 potuit
885 2066 1087 2121 optineri:
1126 2066 1255 2106 immo
1288 2066 1330 2106 in
1364 2065 1614 2106 evidencius
1648 2070 1839 2106 nostrum
1872 2065 2155 2120 preiudicium
2187 2070 2230 2106 et
2263 2066 2398 2106 mani-

208 2138 427 2178 festiorem
460 2142 653 2176 nostram
685 2135 897 2183 iniuriam,
931 2134 1058 2174 nullis
1093 2134 1230 2175 eciam
1254 2135 1535 2175 sacramentis
1559 2134 1779 2175 fidelitatis
1802 2134 1994 2189 prestitis
2016 2147 2093 2188 per
2114 2133 2393 2183 Lombardos,

205 2207 318 2261 ipsos
358 2205 549 2260 captivos
599 2204 769 2245 restitui
815 2203 1073 2259 postulabat.
1143 2202 1267 2250 Quod
1312 2218 1407 2244 cum
1451 2218 1529 2259 per
1576 2204 1756 2244 nuncios
1797 2208 1968 2244 nostros
2010 2203 2123 2244 foret
2169 2203 2398 2244 manifeste

207 2280 425 2329 negatum,
458 2273 656 2313 dominus
688 2286 800 2327 papa
832 2286 952 2313 suam
986 2271 1200 2326 quandam
1234 2272 1520 2314 subtilitatem
1554 2273 1833 2327 excogitanss
1864 2272 1983 2322 dixit,
2017 2271 2129 2326 quod
2151 2271 2284 2313 verba
2314 2271 2399 2313 ista

207 2344 257 2384 de
292 2342 569 2384 sacramentis
611 2341 833 2382 fidelitatis
867 2346 909 2382 et
949 2341 1193 2382 restituciot
1225 2342 1491 2396 captivorum
1525 2341 1576 2382 de
1618 2345 1804 2382 tractatu
1837 2345 1880 2382 et
1912 2341 2105 2381 articulis
2144 2341 2400 2382 tollerentur

207 2417 249 2453 et
293 2412 555 2452 haberentur
598 2425 672 2465 pro
714 2424 797 2451 non
840 2411 1008 2465 scriptis
1050 2414 1123 2450 aut
1163 2410 1309 2456 dictis;
1359 2410 1540 2451 credens
1583 2410 1696 2465 quod
1738 2410 1816 2451 sub
1855 2410 2035 2450 articulo
2071 2410 2139 2451 vel
2180 2410 2398 2452 involucro

207 2482 355 2537 pocius
388 2481 514 2536 plene
547 2480 685 2535 pacis.
727 2494 853 2535 quam
887 2494 941 2521 ex
974 2494 1085 2520 nunc
1118 2480 1474 2534 promittebamus
1509 2478 1767 2520 Lombardis
1801 2479 1924 2530 dare,
1959 2479 2399 2534 comprehenderetur

206 2550 419 2591 restitutio
455 2549 733 2604 captivorum.
797 2547 935 2595 Quam
969 2549 1254 2590 subtilitatem
1287 2549 1355 2590 vel
1398 2549 1548 2603 pocius
1583 2550 1832 2603 capcionem
1865 2548 1965 2590 dum
1998 2549 2170 2589 nunciiu
2201 2550 2396 2605 percipe-

207 2625 313 2668 rent,
347 2618 568 2673 protestati
604 2622 701 2658 sunt
735 2622 776 2658 et
808 2617 1036 2658 manifeste
1069 2618 1290 2669 dixerunt,
1323 2617 1434 2672 quod
1467 2617 1671 2658 nolebant
1703 2632 1781 2658 nec
1813 2618 2136 2672 intelligebant,
2170 2617 2283 2673 quod
2317 2617 2396 2658 sub

208 2687 349 2728 verbis
391 2692 433 2728 et
471 2686 650 2727 articulo
698 2687 823 2741 plene
869 2687 986 2740 pacis
1030 2688 1293 2741 captivorum
1338 2687 1558 2727 restitucio
1603 2686 1907 2741 comprehendi
1953 2685 2142 2727 deberet.
2210 2685 2280 2727 Ad
2323 2700 2397 2727 ex-

206 2756 462 2811 pressiorem
498 2756 710 2796 cautelam
744 2760 955 2809 preterea,
990 2756 1060 2796 ubi
1094 2755 1145 2796 de
1180 2756 1467 2796 liberacionev
1501 2755 1767 2810 captivorum
1800 2755 1953 2809 agitur,
1989 2769 2245 2810 expressum
2268 2759 2333 2796 est
2355 2755 2397 2796 in

210 2825 280 2866 illo
315 2825 502 2879 capitulo
523 2825 548 2869 ¹.
589 2823 701 2878 quod
736 2825 891 2878 captivi
924 2825 1038 2879 capti
1070 2825 1112 2864 in
1145 2825 1281 2879 galeis
1315 2830 1356 2865 et
1388 2825 1616 2866 occasione
1649 2825 1863 2880 presentis
1897 2824 2111 2866 discordie
2143 2824 2395 2876 liberentur,

207 2907 300 2934 cum
345 2894 522 2947 captivi.
568 2906 673 2946 quos
715 2897 930 2942 tenemus,
977 2893 1135 2934 dudum
1170 2899 1268 2934 ante
1302 2893 1560 2934 discordiam
1601 2895 1712 2935 inter
1751 2893 1978 2934 eeclesiam
2011 2897 2053 2934 et
2096 2893 2320 2947 imperium
2355 2893 2397 2934 in

206 2962 381 3002 victoria
413 2961 465 3001 de
499 2960 894 3002 Mediolanensibus
939 2962 1088 3003 habita
1121 2963 1233 3016 eapti
1267 2963 1461 3003 fuissent.
1583 2961 1646 3017 (8)
1681 2962 1844 3003 Ultimo
1878 2976 1972 3002 cum
2006 2961 2308 3003 nichilominus
2341 2962 2394 3004 ad

208 3038 521 3071 sacramentum
558 3037 600 3070 et
633 3044 782 3085 pacem
816 3035 860 3070 ut
892 3031 1053 3071 dictum
1088 3036 1153 3071 est
1185 3032 1226 3071 in
1261 3046 1368 3072 cena
1392 3031 1564 3072 Domini
1597 3044 1846 3086 processum
1880 3031 2049 3082 fuisset,
2083 3030 2252 3072 domino
2283 3045 2397 3086 papa

207 3100 383 3139 forsitan
417 3098 483 3139 vel
517 3099 557 3138 in
593 3104 802 3153 concepta
836 3099 1071 3140 subtilitate
1098 3114 1175 3140 sua
1198 3105 1295 3154 post
1320 3105 1637 3141 sacramentum
1669 3100 1896 3154 prestitum
1922 3099 2124 3141 credente
2147 3099 2394 3154 procedere,

206 3168 326 3221 quasi
368 3167 489 3207 nobis
530 3168 717 3207 strictius
759 3168 979 3221 obligatis,
1027 3169 1094 3209 vel
1141 3169 1239 3208 dum
1285 3168 1400 3209 aliud
1444 3183 1468 3209 a
1510 3169 1676 3209 nunciis
1720 3168 1915 3223 optinere
1958 3168 2066 3209 forte
2100 3182 2184 3209 non
2215 3172 2395 3223 poterat,

207 3237 383 3275 formam
418 3243 706 3289 acceptanteW
740 3236 988 3290 predictam,
1024 3237 1338 3291 subsequenter
1371 3237 1458 3277 adx
1491 3236 1876 3277 Mediolanensium
1909 3242 1951 3277 et
1983 3237 2163 3277 aliorum
2188 3236 2394 3277 Lombar-

343 3347 427 3382 252.
460 3356 491 3390 Β)
519 3362 697 3393 expressus
723 3352 753 3382 2.
873 3350 903 3390 ¹¹)
930 3352 1019 3384 deest
1044 3353 1074 3383 2.
1194 3351 1215 3391 i)'
1241 3353 1445 3395 respondent
1468 3353 1506 3387 2:
1540 3353 1781 3395 respondemus
1807 3352 1838 3384 3.
1955 3350 1989 3392 k)
2016 3353 2106 3384 euim
2133 3356 2276 3385 tractata
2299 3350 2330 3384 2.
2357 3350 2389 3384 3.

207 3405 230 3445 l)
257 3407 393 3438 materie
418 3405 448 3438 2.
475 3406 504 3439 3.
624 3413 665 3449 ΥΠ)
692 3409 750 3440 ΙΙΙ.
778 3409 858 3440 add.
883 3410 912 3440 2.
941 3407 971 3441 3.
1088 3415 1120 3449 ¹¹)
1147 3415 1310 3442 exeuntes
1336 3409 1366 3441 2.
1394 3409 1424 3441 3.
1544 3409 1574 3450 0)
1602 3409 1786 3450 rebellibus
1813 3409 1943 3451 imperii
1969 3408 2050 3441 adol.
2069 3407 2100 3440 2.
2126 3408 2157 3442 3.
2268 3408 2300 3451 Ρ)
2326 3410 2395 3442 reb.

208 3464 335 3505 imperii
361 3464 427 3495 des.
454 3464 505 3495 laic
527 3464 556 3495 2.
574 3464 605 3495 3.
701 3465 732 3505 q)
759 3477 873 3497 eorum
892 3465 923 3497 2.
941 3466 972 3497 3.
1028 3472 1030 3474 '
1080 3466 1107 3506 Γ)
1135 3467 1169 3497 ἰιι.
1197 3478 1324 3498 rasura
1349 3473 1377 3499 ct
1404 3478 1504 3498 marm
1533 3466 1605 3498 alia
1630 3477 1753 3499 coaeva
1773 3464 1807 3503 1;
1839 3466 1977 3507 paribus
1994 3464 2025 3497 2.
2045 3464 2076 3498 3.
2171 3465 2198 3508 s)
2223 3468 2396 3509 quandam

207 3520 386 3552 utilitatem
412 3531 482 3551 esse
508 3520 537 3552 2.
564 3520 594 3552 3.
735 3523 759 3554 *ι
799 3523 1014 3554 restitucione
1039 3523 1070 3555 2.
1097 3522 1127 3554 3.
1269 3529 1302 3565 u)
1342 3524 1432 3556 deest
1456 3522 1485 3555 2.
1513 3523 1542 3555 3.
1685 3522 1716 3561 v)
1758 3523 1973 3555 restitucione
1996 3521 2027 3555 2.
2046 3522 2077 3555 3.
2217 3525 2254 3561 W)
2288 3527 2395 3556 atten-

208 3584 335 3609 tantem
354 3575 384 3608 *2.
404 3576 435 3608 3.
553 3583 584 3599 x,
613 3590 631 3609 a
658 3578 686 3609 ’2,

344 3667 376 3707 1,]
408 3664 460 3707 Cf.
488 3677 601 3711 supra
625 3678 651 3701 c.
674 3673 706 3710 4,
733 3672 798 3701 art.
819 3668 888 3702 IX.

2434 908 2465 932 10

2434 1251 2465 1276 15

2435 1597 2467 1623 20

2435 1941 2467 1966 25

2434 2289 2467 2314 30

2433 2631 2464 2656 35

2427 3360 2458 3385 45

2430 3671 2461 3698 50
