<?xml version="1.0" encoding="UTF-8"?>
<!DOCTYPE html PUBLIC "-//W3C//DTD XHTML 1.0 Transitional//EN"
    "http://www.w3.org/TR/xhtml1/DTD/xhtml1-transitional.dtd">
<html xmlns="http://www.w3.org/1999/xhtml" xml:lang="en" lang="en">
 <head>
  <title>
</title>
<meta http-equiv="Content-Type" content="text/html;charset=utf-8" />
  <meta name='ocr-system' content='tesseract 3.04.00' />
  <meta name='ocr-capabilities' content='ocr_page ocr_carea ocr_par ocr_line ocrx_word'/>
</head>
<body>
  <div class='ocr_page' id='page_1' title='image "./monumentager02geseuoft_0138.png"; bbox 0 0 2558 3970; ppageno 0'>
   <div class='ocr_carea' id='block_1_1' title="bbox 200 169 1866 218">
    <p class='ocr_par' dir='ltr' id='par_1_1' title="bbox 200 169 1866 218">
     <span class='ocr_line' id='line_1_1' title="bbox 200 169 1866 218; baseline -0.002 -11"><span class='ocrx_word' id='word_1_1' title='bbox 200 182 271 218; x_wconf 65' lang='lat'>104</span> <span class='ocrx_word' id='word_1_2' title='bbox 695 173 930 206; x_wconf 64' lang='lat' dir='ltr'>FRIDERICI</span> <span class='ocrx_word' id='word_1_3' title='bbox 959 172 1002 206; x_wconf 90' lang='grc' dir='ltr'>ΙΙ.</span> <span class='ocrx_word' id='word_1_4' title='bbox 1028 171 1456 205; x_wconf 55' lang='lat' dir='ltr'>OONSTITUTIONES.</span> <span class='ocrx_word' id='word_1_5' title='bbox 1509 170 1605 205; x_wconf 81' lang='lat'>1220.</span> <span class='ocrx_word' id='word_1_6' title='bbox 1653 169 1716 204; x_wconf 85' lang='lat' dir='ltr'>Nr.</span> <span class='ocrx_word' id='word_1_7' title='bbox 1734 171 1787 204; x_wconf 81' lang='lat'>82.</span> <span class='ocrx_word' id='word_1_8' title='bbox 1813 171 1866 204; x_wconf 80' lang='lat'>83.</span> 
     </span>
    </p>
   </div>
   <div class='ocr_carea' id='block_1_2' title="bbox 192 285 2381 1919">
    <p class='ocr_par' dir='ltr' id='par_1_2' title="bbox 192 285 2378 891">
     <span class='ocr_line' id='line_1_2' title="bbox 194 285 2376 341; baseline -0.003 -10"><span class='ocrx_word' id='word_1_9' title='bbox 194 291 474 331; x_wconf 66' lang='lat' dir='ltr'>sollicitastis.</span> <span class='ocrx_word' id='word_1_10' title='bbox 523 300 563 329; x_wconf 92' lang='lat' dir='ltr'>ut</span> <span class='ocrx_word' id='word_1_11' title='bbox 608 288 892 328; x_wconf 71' lang='lat' dir='ltr'>Romanorum</span> <span class='ocrx_word' id='word_1_12' title='bbox 936 286 1201 341; x_wconf 81' lang='lat' dir='ltr'>pontificem.</span> <span class='ocrx_word' id='word_1_13' title='bbox 1255 299 1521 325; x_wconf 80' lang='lat' dir='ltr'>communem</span> <span class='ocrx_word' id='word_1_14' title='bbox 1565 285 1750 325; x_wconf 80' lang='lat' dir='ltr'>‹unnium</span> <span class='ocrx_word' id='word_1_15' title='bbox 1793 290 1977 339; x_wconf 72' lang='lat' dir='ltr'>patrem.</span> <span class='ocrx_word' id='word_1_16' title='bbox 2021 289 2063 324; x_wconf 90' lang='lat' dir='ltr'>et</span> <span class='ocrx_word' id='word_1_17' title='bbox 2102 287 2290 324; x_wconf 82' lang='lat' dir='ltr'>vestrum</span> <span class='ocrx_word' id='word_1_18' title='bbox 2335 288 2376 325; x_wconf 86' lang='lat' dir='ltr'>et</span> 
     </span>
     <span class='ocr_line' id='line_1_3' title="bbox 199 353 2375 411; baseline -0.003 -12"><span class='ocrx_word' id='word_1_19' title='bbox 199 367 404 400; x_wconf 81' lang='lat' dir='ltr'>nostrum.</span> <span class='ocrx_word' id='word_1_20' title='bbox 454 359 510 398; x_wconf 84' lang='lat' dir='ltr'>sie</span> <span class='ocrx_word' id='word_1_21' title='bbox 560 356 816 411; x_wconf 72' lang='lat' dir='ltr'>propensius</span> <span class='ocrx_word' id='word_1_22' title='bbox 864 355 1074 395; x_wconf 83' lang='lat' dir='ltr'>honorare</span> <span class='ocrx_word' id='word_1_23' title='bbox 1123 367 1387 404; x_wconf 70' lang='lat' dir='ltr'>curaremus,</span> <span class='ocrx_word' id='word_1_24' title='bbox 1436 353 1489 394; x_wconf 85' lang='lat' dir='ltr'>ad</span> <span class='ocrx_word' id='word_1_25' title='bbox 1538 353 1670 408; x_wconf 88' lang='lat' dir='ltr'>ipsius</span> <span class='ocrx_word' id='word_1_26' title='bbox 1714 353 2061 394; x_wconf 80' lang='lat' dir='ltr'>benedictionem</span> <span class='ocrx_word' id='word_1_27' title='bbox 2108 356 2150 393; x_wconf 89' lang='lat' dir='ltr'>et</span> <span class='ocrx_word' id='word_1_28' title='bbox 2195 353 2375 407; x_wconf 81' lang='lat' dir='ltr'>gratiam</span> 
     </span>
     <span class='ocr_line' id='line_1_4' title="bbox 194 420 2376 479; baseline -0.003 -11"><span class='ocrx_word' id='word_1_29' title='bbox 194 428 436 468; x_wconf 84' lang='lat' dir='ltr'>redeuntes.</span> <span class='ocrx_word' id='word_1_30' title='bbox 481 424 592 479; x_wconf 85' lang='lat' dir='ltr'>quod</span> <span class='ocrx_word' id='word_1_31' title='bbox 634 423 686 463; x_wconf 86' lang='lat' dir='ltr'>ad</span> <span class='ocrx_word' id='word_1_32' title='bbox 730 424 863 463; x_wconf 80' lang='lat' dir='ltr'>instar</span> <span class='ocrx_word' id='word_1_33' title='bbox 907 426 1051 462; x_wconf 90' lang='lat' dir='ltr'>nostre</span> <span class='ocrx_word' id='word_1_34' title='bbox 1085 421 1323 462; x_wconf 88' lang='lat' dir='ltr'>devotionis</span> <span class='ocrx_word' id='word_1_35' title='bbox 1370 421 1564 462; x_wconf 86' lang='lat' dir='ltr'>nationes</span> <span class='ocrx_word' id='word_1_36' title='bbox 1597 424 1739 462; x_wconf 90' lang='lat' dir='ltr'>cetere</span> <span class='ocrx_word' id='word_1_37' title='bbox 1773 421 1858 461; x_wconf 88' lang='lat' dir='ltr'>sint</span> <span class='ocrx_word' id='word_1_38' title='bbox 1889 420 2058 470; x_wconf 82' lang='lat' dir='ltr'>devote,</span> <span class='ocrx_word' id='word_1_39' title='bbox 2101 424 2144 462; x_wconf 84' lang='lat' dir='ltr'>et</span> <span class='ocrx_word' id='word_1_40' title='bbox 2175 434 2264 471; x_wconf 83' lang='lat' dir='ltr'>vos,</span> <span class='ocrx_word' id='word_1_41' title='bbox 2305 421 2376 476; x_wconf 89' lang='lat' dir='ltr'>qui</span> 
     </span>
     <span class='ocr_line' id='line_1_5' title="bbox 193 487 2378 544; baseline -0.003 -8"><span class='ocrx_word' id='word_1_42' title='bbox 193 497 295 536; x_wconf 83' lang='lat' dir='ltr'>estis</span> <span class='ocrx_word' id='word_1_43' title='bbox 335 495 516 535; x_wconf 76' lang='lat' dir='ltr'>ecclesie</span> <span class='ocrx_word' id='word_1_44' title='bbox 562 494 670 533; x_wconf 84' lang='lat' dir='ltr'>laete</span> <span class='ocrx_word' id='word_1_45' title='bbox 715 491 861 531; x_wconf 89' lang='lat' dir='ltr'>nutriti</span> <span class='ocrx_word' id='word_1_46' title='bbox 903 496 945 531; x_wconf 88' lang='lat' dir='ltr'>et</span> <span class='ocrx_word' id='word_1_47' title='bbox 979 489 1223 531; x_wconf 76' lang='lat' dir='ltr'>obedientie</span> <span class='ocrx_word' id='word_1_48' title='bbox 1273 489 1385 529; x_wconf 85' lang='lat' dir='ltr'>filius</span> <span class='ocrx_word' id='word_1_49' title='bbox 1428 492 1470 529; x_wconf 86' lang='lat' dir='ltr'>et</span> <span class='ocrx_word' id='word_1_50' title='bbox 1501 488 1696 530; x_wconf 87' lang='lat' dir='ltr'>Romane</span> <span class='ocrx_word' id='word_1_51' title='bbox 1731 489 1913 529; x_wconf 81' lang='lat' dir='ltr'>ecclesie</span> <span class='ocrx_word' id='word_1_52' title='bbox 1947 487 2182 529; x_wconf 87' lang='lat' dir='ltr'>advocatus</span> <span class='ocrx_word' id='word_1_53' title='bbox 2214 489 2378 544; x_wconf 86' lang='lat' dir='ltr'>pariter</span> 
     </span>
     <span class='ocr_line' id='line_1_6' title="bbox 194 548 2375 614; baseline -0.002 -11"><span class='ocrx_word' id='word_1_54' title='bbox 194 573 234 604; x_wconf 90' lang='lat' dir='ltr'>et</span> <span class='ocrx_word' id='word_1_55' title='bbox 274 563 487 603; x_wconf 81' lang='lat' dir='ltr'>defensor.</span> <span class='ocrx_word' id='word_1_56' title='bbox 539 560 591 601; x_wconf 90' lang='lat' dir='ltr'>ad</span> <span class='ocrx_word' id='word_1_57' title='bbox 633 565 776 614; x_wconf 79' lang='lat' dir='ltr'>grates</span> <span class='ocrx_word' id='word_1_58' title='bbox 818 559 938 599; x_wconf 90' lang='lat' dir='ltr'>nobis</span> <span class='ocrx_word' id='word_1_59' title='bbox 980 558 1221 599; x_wconf 88' lang='lat' dir='ltr'>reddendas</span> <span class='ocrx_word' id='word_1_60' title='bbox 1267 558 1358 598; x_wconf 89' lang='lat' dir='ltr'>sitis</span> <span class='ocrx_word' id='word_1_61' title='bbox 1401 558 1515 598; x_wconf 92' lang='lat' dir='ltr'>omni</span> <span class='ocrx_word' id='word_1_62' title='bbox 1559 561 1753 611; x_wconf 90' lang='lat' dir='ltr'>tempore</span> <span class='ocrx_word' id='word_1_63' title='bbox 1791 548 1959 598; x_wconf 59' lang='lat' dir='ltr'>fortitiar</span> <span class='ocrx_word' id='word_1_64' title='bbox 1997 557 2165 611; x_wconf 87' lang='lat' dir='ltr'>illigati,</span> <span class='ocrx_word' id='word_1_65' title='bbox 2206 561 2375 612; x_wconf 85' lang='lat' dir='ltr'>gratum</span> 
     </span>
     <span class='ocr_line' id='line_1_7' title="bbox 193 625 2374 685; baseline -0.002 -13"><span class='ocrx_word' id='word_1_66' title='bbox 193 633 379 685; x_wconf 80' lang='lat' dir='ltr'>gerimus</span> <span class='ocrx_word' id='word_1_67' title='bbox 414 638 454 671; x_wconf 87' lang='lat' dir='ltr'>et</span> <span class='ocrx_word' id='word_1_68' title='bbox 487 635 727 684; x_wconf 82' lang='lat' dir='ltr'>acceptum:</span> <span class='ocrx_word' id='word_1_69' title='bbox 764 633 805 668; x_wconf 86' lang='lat' dir='ltr'>et</span> <span class='ocrx_word' id='word_1_70' title='bbox 839 628 1000 681; x_wconf 85' lang='lat' dir='ltr'>regiam</span> <span class='ocrx_word' id='word_1_71' title='bbox 1037 627 1315 667; x_wconf 80' lang='lat' dir='ltr'>serenitatem</span> <span class='ocrx_word' id='word_1_72' title='bbox 1340 625 1479 680; x_wconf 81' lang='lat' dir='ltr'>dignis</span> <span class='ocrx_word' id='word_1_73' title='bbox 1513 626 1555 666; x_wconf 92' lang='lat' dir='ltr'>in</span> <span class='ocrx_word' id='word_1_74' title='bbox 1578 625 1763 666; x_wconf 91' lang='lat' dir='ltr'>Domino</span> <span class='ocrx_word' id='word_1_75' title='bbox 1787 625 1988 666; x_wconf 87' lang='lat' dir='ltr'>laudibus</span> <span class='ocrx_word' id='word_1_76' title='bbox 2013 625 2374 675; x_wconf 73' lang='lat' dir='ltr'>commendamus,</span> 
     </span>
     <span class='ocr_line' id='line_1_8' title="bbox 194 694 2378 751; baseline -0.002 -11"><span class='ocrx_word' id='word_1_77' title='bbox 194 710 234 741; x_wconf 89' lang='lat' dir='ltr'>et</span> <span class='ocrx_word' id='word_1_78' title='bbox 268 714 360 740; x_wconf 79' lang='lat' dir='ltr'>eum</span> <span class='ocrx_word' id='word_1_79' title='bbox 400 699 531 739; x_wconf 80' lang='lat' dir='ltr'>multa</span> <span class='ocrx_word' id='word_1_80' title='bbox 568 698 802 751; x_wconf 84' lang='lat' dir='ltr'>gratiarum</span> <span class='ocrx_word' id='word_1_81' title='bbox 837 696 1136 750; x_wconf 83' lang='lat' dir='ltr'>prosequimur</span> <span class='ocrx_word' id='word_1_82' title='bbox 1167 695 1334 736; x_wconf 81' lang='lat' dir='ltr'>actione</span> <span class='ocrx_word' id='word_1_83' title='bbox 1379 695 1497 748; x_wconf 83' lang='lat' dir='ltr'>regie</span> <span class='ocrx_word' id='word_1_84' title='bbox 1532 694 1776 735; x_wconf 85' lang='lat' dir='ltr'>serenitatis</span> <span class='ocrx_word' id='word_1_85' title='bbox 1811 694 2116 745; x_wconf 84' lang='lat' dir='ltr'>sinceritatem,</span> <span class='ocrx_word' id='word_1_86' title='bbox 2158 707 2299 749; x_wconf 89' lang='lat' dir='ltr'>quam,</span> <span class='ocrx_word' id='word_1_87' title='bbox 2330 698 2378 735; x_wconf 92' lang='lat' dir='ltr'>ut</span> 
     </span>
     <span class='ocr_line' id='line_1_9' title="bbox 194 762 2377 823; baseline -0.003 -14"><span class='ocrx_word' id='word_1_88' title='bbox 194 784 248 809; x_wconf 74' lang='lat' dir='ltr'>ex</span> <span class='ocrx_word' id='word_1_89' title='bbox 291 770 479 823; x_wconf 82' lang='lat' dir='ltr'>ipsarum</span> <span class='ocrx_word' id='word_1_90' title='bbox 521 767 755 806; x_wconf 84' lang='lat' dir='ltr'>litterarum</span> <span class='ocrx_word' id='word_1_91' title='bbox 796 770 943 805; x_wconf 87' lang='lat' dir='ltr'>tenore.</span> <span class='ocrx_word' id='word_1_92' title='bbox 985 763 1289 819; x_wconf 84' lang='lat' dir='ltr'>perpendimus</span> <span class='ocrx_word' id='word_1_93' title='bbox 1324 762 1559 813; x_wconf 84' lang='lat' dir='ltr'>evidenter,</span> <span class='ocrx_word' id='word_1_94' title='bbox 1606 776 1676 803; x_wconf 92' lang='lat' dir='ltr'>vos</span> <span class='ocrx_word' id='word_1_95' title='bbox 1710 763 1820 803; x_wconf 86' lang='lat' dir='ltr'>circa</span> <span class='ocrx_word' id='word_1_96' title='bbox 1853 775 1930 802; x_wconf 88' lang='lat' dir='ltr'>nos</span> <span class='ocrx_word' id='word_1_97' title='bbox 1963 776 2116 816; x_wconf 84' lang='lat' dir='ltr'>gerere</span> <span class='ocrx_word' id='word_1_98' title='bbox 2147 763 2377 818; x_wconf 89' lang='lat' dir='ltr'>plurimum</span> 
     </span>
     <span class='ocr_line' id='line_1_10' title="bbox 192 837 471 891; baseline -0.004 -15"><span class='ocrx_word' id='word_1_99' title='bbox 192 837 471 891; x_wconf 71' lang='lat' dir='ltr'>gratulamur.</span> 
     </span>
    </p>

    <p class='ocr_par' dir='ltr' id='par_1_3' title="bbox 193 899 2381 1919">
     <span class='ocr_line' id='line_1_11' title="bbox 335 899 2377 957; baseline -0.002 -13"><span class='ocrx_word' id='word_1_100' title='bbox 335 906 397 957; x_wconf 47' lang='lat'>(3)</span> <span class='ocrx_word' id='word_1_101' title='bbox 431 903 613 944; x_wconf 86' lang='lat' dir='ltr'>Proinde</span> <span class='ocrx_word' id='word_1_102' title='bbox 638 901 911 957; x_wconf 85' lang='lat' dir='ltr'>presentibus</span> <span class='ocrx_word' id='word_1_103' title='bbox 936 902 1089 943; x_wconf 89' lang='lat' dir='ltr'>litteris</span> <span class='ocrx_word' id='word_1_104' title='bbox 1117 901 1246 955; x_wconf 86' lang='lat' dir='ltr'>regiis</span> <span class='ocrx_word' id='word_1_105' title='bbox 1276 899 1470 940; x_wconf 85' lang='lat' dir='ltr'>sensibus</span> <span class='ocrx_word' id='word_1_106' title='bbox 1495 900 1749 944; x_wconf 79' lang='lat' dir='ltr'>innotescat,</span> <span class='ocrx_word' id='word_1_107' title='bbox 1774 899 1887 954; x_wconf 88' lang='lat' dir='ltr'>quod</span> <span class='ocrx_word' id='word_1_108' title='bbox 1910 913 1985 940; x_wconf 93' lang='lat' dir='ltr'>nos</span> <span class='ocrx_word' id='word_1_109' title='bbox 2014 899 2055 940; x_wconf 92' lang='lat' dir='ltr'>in</span> <span class='ocrx_word' id='word_1_110' title='bbox 2079 913 2131 941; x_wconf 91' lang='lat' dir='ltr'>eo</span> <span class='ocrx_word' id='word_1_111' title='bbox 2158 899 2377 955; x_wconf 87' lang='lat' dir='ltr'>proposito</span> 
     </span>
     <span class='ocr_line' id='line_1_12' title="bbox 194 967 2378 1024; baseline -0.002 -10"><span class='ocrx_word' id='word_1_112' title='bbox 194 975 301 1014; x_wconf 78' lang='lat' dir='ltr'>firmi</span> <span class='ocrx_word' id='word_1_113' title='bbox 337 987 481 1013; x_wconf 85' lang='lat' dir='ltr'>sumus</span> <span class='ocrx_word' id='word_1_114' title='bbox 526 979 567 1013; x_wconf 89' lang='lat' dir='ltr'>et</span> <span class='ocrx_word' id='word_1_115' title='bbox 610 971 786 1011; x_wconf 86' lang='lat' dir='ltr'>stabiles</span> <span class='ocrx_word' id='word_1_116' title='bbox 828 985 877 1010; x_wconf 84' lang='lat' dir='ltr'>ac</span> <span class='ocrx_word' id='word_1_117' title='bbox 916 971 1073 1010; x_wconf 89' lang='lat' dir='ltr'>fuimus</span> <span class='ocrx_word' id='word_1_118' title='bbox 1108 983 1289 1024; x_wconf 88' lang='lat' dir='ltr'>semper,</span> <span class='ocrx_word' id='word_1_119' title='bbox 1334 973 1381 1009; x_wconf 93' lang='lat' dir='ltr'>ut</span> <span class='ocrx_word' id='word_1_120' title='bbox 1414 983 1464 1009; x_wconf 85' lang='lat' dir='ltr'>ea</span> <span class='ocrx_word' id='word_1_121' title='bbox 1497 969 1640 1010; x_wconf 89' lang='lat' dir='ltr'>faeere</span> <span class='ocrx_word' id='word_1_122' title='bbox 1674 969 1854 1009; x_wconf 89' lang='lat' dir='ltr'>velimus</span> <span class='ocrx_word' id='word_1_123' title='bbox 1887 972 1929 1008; x_wconf 90' lang='grc'>01</span> <span class='ocrx_word' id='word_1_124' title='bbox 1961 969 2141 1023; x_wconf 76' lang='lat' dir='ltr'>operari,</span> <span class='ocrx_word' id='word_1_125' title='bbox 2175 982 2256 1024; x_wconf 88' lang='lat' dir='ltr'>que</span> <span class='ocrx_word' id='word_1_126' title='bbox 2289 967 2378 1010; x_wconf 87' lang='lat' dir='ltr'>Ro-</span> 
     </span>
     <span class='ocr_line' id='line_1_13' title="bbox 194 1036 2380 1095; baseline -0.003 -12"><span class='ocrx_word' id='word_1_127' title='bbox 194 1057 317 1083; x_wconf 84' lang='lat' dir='ltr'>mane</span> <span class='ocrx_word' id='word_1_128' title='bbox 364 1042 561 1082; x_wconf 78' lang='lat' dir='ltr'>ecclesie.</span> <span class='ocrx_word' id='word_1_129' title='bbox 604 1055 685 1095; x_wconf 88' lang='lat' dir='ltr'>que</span> <span class='ocrx_word' id='word_1_130' title='bbox 729 1053 809 1079; x_wconf 92' lang='lat' dir='ltr'>non</span> <span class='ocrx_word' id='word_1_131' title='bbox 851 1039 904 1080; x_wconf 81' lang='lat' dir='ltr'>ab</span> <span class='ocrx_word' id='word_1_132' title='bbox 950 1039 1138 1089; x_wconf 89' lang='lat' dir='ltr'>homine,</span> <span class='ocrx_word' id='word_1_133' title='bbox 1179 1037 1254 1079; x_wconf 90' lang='lat' dir='ltr'>sed</span> <span class='ocrx_word' id='word_1_134' title='bbox 1296 1037 1348 1077; x_wconf 86' lang='lat' dir='ltr'>ab</span> <span class='ocrx_word' id='word_1_135' title='bbox 1388 1038 1480 1092; x_wconf 90' lang='lat' dir='ltr'>ipso</span> <span class='ocrx_word' id='word_1_136' title='bbox 1514 1037 1616 1078; x_wconf 87' lang='lat' dir='ltr'>Iesu</span> <span class='ocrx_word' id='word_1_137' title='bbox 1653 1036 1824 1078; x_wconf 82' lang='lat' dir='ltr'>Christo</span> <span class='ocrx_word' id='word_1_138' title='bbox 1858 1042 1924 1078; x_wconf 89' lang='lat' dir='ltr'>est</span> <span class='ocrx_word' id='word_1_139' title='bbox 1962 1038 2005 1079; x_wconf 89' lang='lat' dir='ltr'>in</span> <span class='ocrx_word' id='word_1_140' title='bbox 2037 1036 2156 1078; x_wconf 88' lang='lat' dir='ltr'>Urbe</span> <span class='ocrx_word' id='word_1_141' title='bbox 2189 1036 2380 1086; x_wconf 82' lang='lat' dir='ltr'>fundata,</span> 
     </span>
     <span class='ocr_line' id='line_1_14' title="bbox 194 1106 2380 1163; baseline -0.002 -13"><span class='ocrx_word' id='word_1_142' title='bbox 194 1111 398 1151; x_wconf 80' lang='lat' dir='ltr'>honorem</span> <span class='ocrx_word' id='word_1_143' title='bbox 435 1110 664 1163; x_wconf 81' lang='lat' dir='ltr'>respiciant</span> <span class='ocrx_word' id='word_1_144' title='bbox 697 1114 739 1149; x_wconf 88' lang='lat' dir='ltr'>et</span> <span class='ocrx_word' id='word_1_145' title='bbox 771 1109 1101 1149; x_wconf 87' lang='lat' dir='ltr'>incrementum:</span> <span class='ocrx_word' id='word_1_146' title='bbox 1142 1121 1220 1148; x_wconf 89' lang='lat' dir='ltr'>nec</span> <span class='ocrx_word' id='word_1_147' title='bbox 1254 1106 1305 1147; x_wconf 89' lang='lat' dir='ltr'>de</span> <span class='ocrx_word' id='word_1_148' title='bbox 1339 1106 1404 1157; x_wconf 81' lang='lat' dir='ltr'>iis,</span> <span class='ocrx_word' id='word_1_149' title='bbox 1445 1120 1527 1161; x_wconf 85' lang='lat' dir='ltr'>que</span> <span class='ocrx_word' id='word_1_150' title='bbox 1561 1120 1787 1161; x_wconf 89' lang='lat' dir='ltr'>possumus</span> <span class='ocrx_word' id='word_1_151' title='bbox 1822 1110 1863 1147; x_wconf 93' lang='lat' dir='ltr'>et</span> <span class='ocrx_word' id='word_1_152' title='bbox 1896 1106 2118 1156; x_wconf 85' lang='lat' dir='ltr'>debemus,</span> <span class='ocrx_word' id='word_1_153' title='bbox 2152 1106 2380 1161; x_wconf 87' lang='lat' dir='ltr'>quicquam</span> 
     </span>
     <span class='ocr_line' id='line_1_15' title="bbox 195 1173 2378 1233; baseline -0.002 -14"><span class='ocrx_word' id='word_1_154' title='bbox 195 1178 422 1233; x_wconf 84' lang='lat' dir='ltr'>aliquando</span> <span class='ocrx_word' id='word_1_155' title='bbox 456 1178 787 1232; x_wconf 84' lang='lat' dir='ltr'>pretermittere.</span> <span class='ocrx_word' id='word_1_156' title='bbox 823 1176 933 1231; x_wconf 90' lang='lat' dir='ltr'>quod</span> <span class='ocrx_word' id='word_1_157' title='bbox 966 1175 1019 1216; x_wconf 88' lang='lat' dir='ltr'>ad</span> <span class='ocrx_word' id='word_1_158' title='bbox 1052 1175 1396 1216; x_wconf 84' lang='lat' dir='ltr'>conservandum</span> <span class='ocrx_word' id='word_1_159' title='bbox 1430 1175 1640 1216; x_wconf 88' lang='lat' dir='ltr'>internos</span> <span class='ocrx_word' id='word_1_160' title='bbox 1665 1179 1708 1216; x_wconf 90' lang='lat' dir='ltr'>et</span> <span class='ocrx_word' id='word_1_161' title='bbox 1729 1175 1971 1216; x_wconf 84' lang='lat' dir='ltr'>Romanam</span> <span class='ocrx_word' id='word_1_162' title='bbox 1994 1174 2222 1216; x_wconf 88' lang='lat' dir='ltr'>ecclesiam</span> <span class='ocrx_word' id='word_1_163' title='bbox 2245 1173 2378 1215; x_wconf 88' lang='lat' dir='ltr'>indis-</span> 
     </span>
     <span class='ocr_line' id='line_1_16' title="bbox 193 1243 2377 1299; baseline -0.001 -13"><span class='ocrx_word' id='word_1_164' title='bbox 193 1246 373 1287; x_wconf 84' lang='lat' dir='ltr'>solubile</span> <span class='ocrx_word' id='word_1_165' title='bbox 407 1247 622 1286; x_wconf 70' lang='lat' dir='ltr'>vinculum</span> <span class='ocrx_word' id='word_1_166' title='bbox 656 1245 897 1286; x_wconf 87' lang='lat' dir='ltr'>dilectionis</span> <span class='ocrx_word' id='word_1_167' title='bbox 931 1249 973 1285; x_wconf 89' lang='lat' dir='ltr'>et</span> <span class='ocrx_word' id='word_1_168' title='bbox 1005 1245 1123 1299; x_wconf 86' lang='lat' dir='ltr'>pacis</span> <span class='ocrx_word' id='word_1_169' title='bbox 1154 1244 1298 1285; x_wconf 82' lang='lat' dir='ltr'>facere</span> <span class='ocrx_word' id='word_1_170' title='bbox 1322 1243 1540 1292; x_wconf 87' lang='lat' dir='ltr'>videatur;</span> <span class='ocrx_word' id='word_1_171' title='bbox 1575 1248 1618 1285; x_wconf 92' lang='lat' dir='ltr'>et</span> <span class='ocrx_word' id='word_1_172' title='bbox 1649 1257 1674 1284; x_wconf 88' lang='lat' dir='ltr'>a</span> <span class='ocrx_word' id='word_1_173' title='bbox 1708 1243 2007 1284; x_wconf 88' lang='lat' dir='ltr'>benedictione</span> <span class='ocrx_word' id='word_1_174' title='bbox 2041 1243 2134 1284; x_wconf 89' lang='lat' dir='ltr'>eius</span> <span class='ocrx_word' id='word_1_175' title='bbox 2168 1247 2211 1284; x_wconf 89' lang='lat' dir='ltr'>et</span> <span class='ocrx_word' id='word_1_176' title='bbox 2240 1243 2377 1284; x_wconf 85' lang='lat' dir='ltr'>latere</span> 
     </span>
     <span class='ocr_line' id='line_1_17' title="bbox 195 1311 2381 1369; baseline -0.001 -14"><span class='ocrx_word' id='word_1_177' title='bbox 195 1329 409 1369; x_wconf 89' lang='lat' dir='ltr'>nunquam</span> <span class='ocrx_word' id='word_1_178' title='bbox 451 1314 728 1355; x_wconf 77' lang='lat' dir='ltr'>discessimus</span> <span class='ocrx_word' id='word_1_179' title='bbox 770 1328 849 1354; x_wconf 90' lang='lat' dir='ltr'>nec</span> <span class='ocrx_word' id='word_1_180' title='bbox 890 1313 1019 1353; x_wconf 88' lang='lat' dir='ltr'>dante</span> <span class='ocrx_word' id='word_1_181' title='bbox 1062 1313 1248 1353; x_wconf 90' lang='lat' dir='ltr'>Domino</span> <span class='ocrx_word' id='word_1_182' title='bbox 1289 1312 1577 1354; x_wconf 88' lang='lat' dir='ltr'>discedemus.</span> <span class='ocrx_word' id='word_1_183' title='bbox 1644 1311 1756 1353; x_wconf 89' lang='lat' dir='ltr'>Nam</span> <span class='ocrx_word' id='word_1_184' title='bbox 1788 1311 1986 1353; x_wconf 88' lang='lat' dir='ltr'>Romana</span> <span class='ocrx_word' id='word_1_185' title='bbox 2020 1312 2205 1354; x_wconf 89' lang='lat' dir='ltr'>ecclesia</span> <span class='ocrx_word' id='word_1_186' title='bbox 2234 1314 2381 1352; x_wconf 88' lang='lat' dir='ltr'>nostra</span> 
     </span>
     <span class='ocr_line' id='line_1_18' title="bbox 194 1379 2379 1437; baseline -0.001 -14"><span class='ocrx_word' id='word_1_187' title='bbox 194 1384 390 1437; x_wconf 83' lang='lat' dir='ltr'>specialis</span> <span class='ocrx_word' id='word_1_188' title='bbox 430 1388 494 1424; x_wconf 91' lang='lat' dir='ltr'>cst</span> <span class='ocrx_word' id='word_1_189' title='bbox 537 1388 686 1428; x_wconf 82' lang='lat' dir='ltr'>mater,</span> <span class='ocrx_word' id='word_1_190' title='bbox 728 1396 854 1437; x_wconf 86' lang='lat' dir='ltr'>quam</span> <span class='ocrx_word' id='word_1_191' title='bbox 894 1396 978 1422; x_wconf 90' lang='lat' dir='ltr'>non</span> <span class='ocrx_word' id='word_1_192' title='bbox 1021 1381 1295 1433; x_wconf 85' lang='lat' dir='ltr'>offendimus,</span> <span class='ocrx_word' id='word_1_193' title='bbox 1340 1380 1412 1421; x_wconf 86' lang='lat' dir='ltr'>sed</span> <span class='ocrx_word' id='word_1_194' title='bbox 1451 1380 1670 1435; x_wconf 88' lang='lat' dir='ltr'>diligimus</span> <span class='ocrx_word' id='word_1_195' title='bbox 1704 1384 1745 1421; x_wconf 92' lang='lat' dir='ltr'>et</span> <span class='ocrx_word' id='word_1_196' title='bbox 1778 1394 1989 1422; x_wconf 88' lang='lat' dir='ltr'>veremur.</span> <span class='ocrx_word' id='word_1_197' title='bbox 2049 1379 2242 1422; x_wconf 90' lang='lat' dir='ltr'>Iocunda</span> <span class='ocrx_word' id='word_1_198' title='bbox 2274 1380 2379 1421; x_wconf 87' lang='lat' dir='ltr'>satis</span> 
     </span>
     <span class='ocr_line' id='line_1_19' title="bbox 194 1448 2380 1504; baseline -0.001 -12"><span class='ocrx_word' id='word_1_199' title='bbox 194 1460 272 1493; x_wconf 87' lang='lat' dir='ltr'>est.</span> <span class='ocrx_word' id='word_1_200' title='bbox 308 1453 416 1492; x_wconf 85' lang='lat' dir='ltr'>sicut</span> <span class='ocrx_word' id='word_1_201' title='bbox 448 1452 596 1503; x_wconf 79' lang='lat' dir='ltr'>nostis,</span> <span class='ocrx_word' id='word_1_202' title='bbox 629 1452 776 1492; x_wconf 88' lang='lat' dir='ltr'>matris</span> <span class='ocrx_word' id='word_1_203' title='bbox 810 1451 1003 1491; x_wconf 88' lang='lat' dir='ltr'>Romane</span> <span class='ocrx_word' id='word_1_204' title='bbox 1039 1450 1223 1491; x_wconf 88' lang='lat' dir='ltr'>ecclesie</span> <span class='ocrx_word' id='word_1_205' title='bbox 1258 1454 1300 1491; x_wconf 87' lang='lat' dir='ltr'>et</span> <span class='ocrx_word' id='word_1_206' title='bbox 1332 1450 1516 1490; x_wconf 89' lang='lat' dir='ltr'>filiorum</span> <span class='ocrx_word' id='word_1_207' title='bbox 1541 1449 1728 1500; x_wconf 83' lang='lat' dir='ltr'>dilectio,</span> <span class='ocrx_word' id='word_1_208' title='bbox 1765 1463 1860 1490; x_wconf 92' lang='lat' dir='ltr'>cum</span> <span class='ocrx_word' id='word_1_209' title='bbox 1884 1450 1978 1504; x_wconf 88' lang='lat' dir='ltr'>ipsa</span> <span class='ocrx_word' id='word_1_210' title='bbox 2000 1453 2137 1490; x_wconf 87' lang='lat' dir='ltr'>mater</span> <span class='ocrx_word' id='word_1_211' title='bbox 2158 1448 2211 1490; x_wconf 88' lang='lat' dir='ltr'>de</span> <span class='ocrx_word' id='word_1_212' title='bbox 2233 1453 2380 1490; x_wconf 87' lang='lat' dir='ltr'>nostro</span> 
     </span>
     <span class='ocr_line' id='line_1_20' title="bbox 193 1517 2381 1576; baseline -0.001 -15"><span class='ocrx_word' id='word_1_213' title='bbox 193 1522 400 1576; x_wconf 82' lang='lat' dir='ltr'>profectu.</span> <span class='ocrx_word' id='word_1_214' title='bbox 434 1529 474 1561; x_wconf 89' lang='lat' dir='ltr'>et</span> <span class='ocrx_word' id='word_1_215' title='bbox 508 1535 582 1561; x_wconf 89' lang='lat' dir='ltr'>nos</span> <span class='ocrx_word' id='word_1_216' title='bbox 616 1520 689 1560; x_wconf 89' lang='lat' dir='ltr'>filii</span> <span class='ocrx_word' id='word_1_217' title='bbox 723 1534 848 1561; x_wconf 83' lang='lat' dir='ltr'>versa</span> <span class='ocrx_word' id='word_1_218' title='bbox 872 1520 962 1560; x_wconf 89' lang='lat' dir='ltr'>vice</span> <span class='ocrx_word' id='word_1_219' title='bbox 987 1519 1038 1560; x_wconf 87' lang='lat' dir='ltr'>de</span> <span class='ocrx_word' id='word_1_220' title='bbox 1063 1519 1210 1559; x_wconf 87' lang='lat' dir='ltr'>matris</span> <span class='ocrx_word' id='word_1_221' title='bbox 1235 1518 1514 1569; x_wconf 75' lang='lat' dir='ltr'>exaltatione,</span> <span class='ocrx_word' id='word_1_222' title='bbox 1546 1517 1742 1558; x_wconf 64' lang='lat' dir='ltr'>letetur-b.</span> <span class='ocrx_word' id='word_1_223' title='bbox 1804 1517 1861 1558; x_wconf 85' lang='lat' dir='ltr'>Et</span> <span class='ocrx_word' id='word_1_224' title='bbox 1892 1517 1989 1558; x_wconf 89' lang='lat' dir='ltr'>inde</span> <span class='ocrx_word' id='word_1_225' title='bbox 2013 1522 2091 1569; x_wconf 88' lang='lat' dir='ltr'>est,</span> <span class='ocrx_word' id='word_1_226' title='bbox 2124 1517 2238 1572; x_wconf 90' lang='lat' dir='ltr'>quod</span> <span class='ocrx_word' id='word_1_227' title='bbox 2269 1517 2381 1559; x_wconf 85' lang='lat' dir='ltr'>inter</span> 
     </span>
     <span class='ocr_line' id='line_1_21' title="bbox 194 1586 2378 1642; baseline -0.001 -12"><span class='ocrx_word' id='word_1_228' title='bbox 194 1590 299 1630; x_wconf 79' lang='lat' dir='ltr'>alios</span> <span class='ocrx_word' id='word_1_229' title='bbox 333 1589 513 1630; x_wconf 89' lang='lat' dir='ltr'>dilectos</span> <span class='ocrx_word' id='word_1_230' title='bbox 545 1590 653 1630; x_wconf 88' lang='lat' dir='ltr'>filios</span> <span class='ocrx_word' id='word_1_231' title='bbox 686 1594 729 1630; x_wconf 89' lang='lat' dir='ltr'>et</span> <span class='ocrx_word' id='word_1_232' title='bbox 761 1588 954 1634; x_wconf 83' lang='lat' dir='ltr'>devotos,</span> <span class='ocrx_word' id='word_1_233' title='bbox 989 1602 1095 1642; x_wconf 88' lang='lat' dir='ltr'>quos</span> <span class='ocrx_word' id='word_1_234' title='bbox 1128 1587 1287 1642; x_wconf 90' lang='lat' dir='ltr'>ubique</span> <span class='ocrx_word' id='word_1_235' title='bbox 1320 1591 1531 1628; x_wconf 88' lang='lat' dir='ltr'>terrarum</span> <span class='ocrx_word' id='word_1_236' title='bbox 1558 1591 1696 1628; x_wconf 87' lang='lat' dir='ltr'>mater</span> <span class='ocrx_word' id='word_1_237' title='bbox 1719 1587 1799 1628; x_wconf 90' lang='lat' dir='ltr'>sibi</span> <span class='ocrx_word' id='word_1_238' title='bbox 1823 1587 2010 1627; x_wconf 88' lang='lat' dir='ltr'>ecclesia</span> <span class='ocrx_word' id='word_1_239' title='bbox 2032 1586 2270 1641; x_wconf 85' lang='lat' dir='ltr'>generavit,</span> <span class='ocrx_word' id='word_1_240' title='bbox 2303 1600 2378 1627; x_wconf 88' lang='lat' dir='ltr'>nos</span> 
     </span>
     <span class='ocr_line' id='line_1_22' title="bbox 193 1655 2381 1713; baseline -0.002 -14"><span class='ocrx_word' id='word_1_241' title='bbox 193 1659 404 1713; x_wconf 83' lang='lat' dir='ltr'>speciales</span> <span class='ocrx_word' id='word_1_242' title='bbox 448 1664 490 1698; x_wconf 90' lang='lat' dir='ltr'>et</span> <span class='ocrx_word' id='word_1_243' title='bbox 523 1658 713 1713; x_wconf 86' lang='lat' dir='ltr'>proprios</span> <span class='ocrx_word' id='word_1_244' title='bbox 753 1662 926 1712; x_wconf 88' lang='lat' dir='ltr'>reputat</span> <span class='ocrx_word' id='word_1_245' title='bbox 970 1662 1012 1697; x_wconf 92' lang='lat' dir='ltr'>et</span> <span class='ocrx_word' id='word_1_246' title='bbox 1044 1657 1086 1696; x_wconf 91' lang='lat' dir='ltr'>in</span> <span class='ocrx_word' id='word_1_247' title='bbox 1119 1670 1194 1697; x_wconf 90' lang='lat' dir='ltr'>nos</span> <span class='ocrx_word' id='word_1_248' title='bbox 1227 1656 1429 1696; x_wconf 89' lang='lat' dir='ltr'>affectum</span> <span class='ocrx_word' id='word_1_249' title='bbox 1462 1655 1594 1696; x_wconf 87' lang='lat' dir='ltr'>totius</span> <span class='ocrx_word' id='word_1_250' title='bbox 1628 1656 1817 1696; x_wconf 89' lang='lat' dir='ltr'>caritatis</span> <span class='ocrx_word' id='word_1_251' title='bbox 1851 1655 2048 1703; x_wconf 85' lang='lat' dir='ltr'>effundit;</span> <span class='ocrx_word' id='word_1_252' title='bbox 2089 1659 2131 1696; x_wconf 88' lang='lat' dir='ltr'>et</span> <span class='ocrx_word' id='word_1_253' title='bbox 2162 1669 2243 1712; x_wconf 87' lang='lat' dir='ltr'>nos</span> <span class='ocrx_word' id='word_1_254' title='bbox 2269 1655 2381 1696; x_wconf 84' lang='lat' dir='ltr'>inter</span> 
     </span>
     <span class='ocr_line' id='line_1_23' title="bbox 193 1723 2380 1782; baseline -0.001 -15"><span class='ocrx_word' id='word_1_255' title='bbox 193 1728 300 1767; x_wconf 83' lang='lat' dir='ltr'>alios</span> <span class='ocrx_word' id='word_1_256' title='bbox 347 1733 387 1767; x_wconf 92' lang='lat' dir='ltr'>et</span> <span class='ocrx_word' id='word_1_257' title='bbox 434 1741 508 1782; x_wconf 89' lang='lat' dir='ltr'>pre</span> <span class='ocrx_word' id='word_1_258' title='bbox 554 1727 646 1767; x_wconf 88' lang='lat' dir='ltr'>aliis</span> <span class='ocrx_word' id='word_1_259' title='bbox 687 1740 856 1780; x_wconf 85' lang='lat' dir='ltr'>semper</span> <span class='ocrx_word' id='word_1_260' title='bbox 896 1725 1046 1766; x_wconf 89' lang='lat' dir='ltr'>habuit</span> <span class='ocrx_word' id='word_1_261' title='bbox 1094 1730 1136 1766; x_wconf 92' lang='lat' dir='ltr'>et</span> <span class='ocrx_word' id='word_1_262' title='bbox 1174 1725 1370 1776; x_wconf 87' lang='lat' dir='ltr'>habebit,</span> <span class='ocrx_word' id='word_1_263' title='bbox 1421 1723 1548 1765; x_wconf 88' lang='lat' dir='ltr'>dante</span> <span class='ocrx_word' id='word_1_264' title='bbox 1587 1723 1795 1773; x_wconf 90' lang='lat' dir='ltr'>Domino,</span> <span class='ocrx_word' id='word_1_265' title='bbox 1844 1738 1968 1765; x_wconf 90' lang='lat' dir='ltr'>suum</span> <span class='ocrx_word' id='word_1_266' title='bbox 2007 1724 2380 1779; x_wconf 86' lang='lat' dir='ltr'>propugnaculum</span> 
     </span>
     <span class='ocr_line' id='line_1_24' title="bbox 195 1792 2381 1850; baseline -0.001 -15"><span class='ocrx_word' id='word_1_267' title='bbox 195 1797 397 1850; x_wconf 79' lang='lat' dir='ltr'>speciale.</span> <span class='ocrx_word' id='word_1_268' title='bbox 440 1802 481 1835; x_wconf 87' lang='lat' dir='ltr'>et</span> <span class='ocrx_word' id='word_1_269' title='bbox 523 1810 598 1835; x_wconf 91' lang='lat' dir='ltr'>nos</span> <span class='ocrx_word' id='word_1_270' title='bbox 639 1795 692 1836; x_wconf 90' lang='lat' dir='ltr'>ad</span> <span class='ocrx_word' id='word_1_271' title='bbox 731 1795 1055 1850; x_wconf 87' lang='lat' dir='ltr'>depressionem</span> <span class='ocrx_word' id='word_1_272' title='bbox 1093 1794 1276 1840; x_wconf 81' lang='lat' dir='ltr'>illorum,</span> <span class='ocrx_word' id='word_1_273' title='bbox 1319 1794 1389 1848; x_wconf 90' lang='lat' dir='ltr'>qui</span> <span class='ocrx_word' id='word_1_274' title='bbox 1431 1797 1581 1834; x_wconf 90' lang='lat' dir='ltr'>contra</span> <span class='ocrx_word' id='word_1_275' title='bbox 1612 1793 1842 1834; x_wconf 86' lang='lat' dir='ltr'>ecclesiam</span> <span class='ocrx_word' id='word_1_276' title='bbox 1874 1797 2055 1834; x_wconf 88' lang='lat' dir='ltr'>matrem</span> <span class='ocrx_word' id='word_1_277' title='bbox 2088 1796 2132 1834; x_wconf 88' lang='lat' dir='ltr'>et</span> <span class='ocrx_word' id='word_1_278' title='bbox 2164 1792 2381 1834; x_wconf 89' lang='lat' dir='ltr'>dominam</span> 
     </span>
     <span class='ocr_line' id='line_1_25' title="bbox 195 1861 2380 1919; baseline -0.001 -15"><span class='ocrx_word' id='word_1_279' title='bbox 195 1872 381 1905; x_wconf 83' lang='lat' dir='ltr'>nostram</span> <span class='ocrx_word' id='word_1_280' title='bbox 416 1864 617 1919; x_wconf 83' lang='lat' dir='ltr'>superbie</span> <span class='ocrx_word' id='word_1_281' title='bbox 651 1864 901 1904; x_wconf 83' lang='lat' dir='ltr'>calcaneum</span> <span class='ocrx_word' id='word_1_282' title='bbox 926 1867 1172 1909; x_wconf 86' lang='lat' dir='ltr'>erexerunt,</span> <span class='ocrx_word' id='word_1_283' title='bbox 1207 1861 1407 1917; x_wconf 89' lang='lat' dir='ltr'>quicquid</span> <span class='ocrx_word' id='word_1_284' title='bbox 1440 1862 1596 1902; x_wconf 87' lang='lat' dir='ltr'>favoris</span> <span class='ocrx_word' id='word_1_285' title='bbox 1621 1865 1664 1902; x_wconf 91' lang='lat' dir='ltr'>et</span> <span class='ocrx_word' id='word_1_286' title='bbox 1687 1861 1839 1902; x_wconf 86' lang='lat' dir='ltr'>auxilii</span> <span class='ocrx_word' id='word_1_287' title='bbox 1871 1862 2102 1916; x_wconf 86' lang='lat' dir='ltr'>potuimus,</span> <span class='ocrx_word' id='word_1_288' title='bbox 2137 1861 2380 1903; x_wconf 86' lang='lat' dir='ltr'>curavimus</span> 
     </span>
    </p>
   </div>
   <div class='ocr_carea' id='block_1_3' title="bbox 192 1930 2432 1988">
    <p class='ocr_par' dir='ltr' id='par_1_4' title="bbox 192 1930 2432 1988">
     <span class='ocr_line' id='line_1_26' title="bbox 192 1930 2432 1988; baseline -0.001 -15"><span class='ocrx_word' id='word_1_289' title='bbox 192 1933 431 1987; x_wconf 86' lang='lat' dir='ltr'>indulgere.</span> <span class='ocrx_word' id='word_1_290' title='bbox 466 1937 615 1988; x_wconf 84' lang='lat' dir='ltr'>utpote</span> <span class='ocrx_word' id='word_1_291' title='bbox 649 1933 721 1986; x_wconf 89' lang='lat' dir='ltr'>qui</span> <span class='ocrx_word' id='word_1_292' title='bbox 754 1933 959 1973; x_wconf 86' lang='lat' dir='ltr'>honorem</span> <span class='ocrx_word' id='word_1_293' title='bbox 994 1932 1086 1972; x_wconf 92' lang='lat' dir='ltr'>eius</span> <span class='ocrx_word' id='word_1_294' title='bbox 1119 1946 1204 1972; x_wconf 92' lang='lat' dir='ltr'>non</span> <span class='ocrx_word' id='word_1_295' title='bbox 1237 1931 1439 1980; x_wconf 87' lang='lat' dir='ltr'>alienum,</span> <span class='ocrx_word' id='word_1_296' title='bbox 1474 1930 1548 1972; x_wconf 90' lang='lat' dir='ltr'>sed</span> <span class='ocrx_word' id='word_1_297' title='bbox 1582 1931 1800 1986; x_wconf 90' lang='lat' dir='ltr'>proprium</span> <span class='ocrx_word' id='word_1_298' title='bbox 1834 1934 2098 1986; x_wconf 82' lang='lat' dir='ltr'>reputamus.</span> <span class='ocrx_word' id='word_1_299' title='bbox 2151 1930 2312 1971; x_wconf 84' lang='lat' dir='ltr'>Verum</span> <span class='ocrx_word' id='word_1_300' title='bbox 2346 1931 2381 1971; x_wconf 88' lang='lat' dir='ltr'>si</span> <span class='ocrx_word' id='word_1_301' title='bbox 2418 1948 2432 1971; x_wconf 79' lang='lat'>2</span> 
     </span>
    </p>
   </div>
   <div class='ocr_carea' id='block_1_4' title="bbox 191 1998 2381 2468">
    <p class='ocr_par' dir='ltr' id='par_1_5' title="bbox 191 1998 2380 2194">
     <span class='ocr_line' id='line_1_27' title="bbox 192 1998 2379 2056; baseline 0 -17"><span class='ocrx_word' id='word_1_302' title='bbox 192 2016 272 2055; x_wconf 78' lang='lat' dir='ltr'>que</span> <span class='ocrx_word' id='word_1_303' title='bbox 306 2012 370 2041; x_wconf 81' lang='lat' dir='ltr'>est</span> <span class='ocrx_word' id='word_1_304' title='bbox 404 2002 470 2041; x_wconf 70' lang='lat' dir='ltr'>vel</span> <span class='ocrx_word' id='word_1_305' title='bbox 504 2002 596 2042; x_wconf 89' lang='lat' dir='ltr'>erit.</span> <span class='ocrx_word' id='word_1_306' title='bbox 631 2001 742 2056; x_wconf 90' lang='lat' dir='ltr'>quod</span> <span class='ocrx_word' id='word_1_307' title='bbox 776 2002 900 2051; x_wconf 82' lang='lat' dir='ltr'>absit,</span> <span class='ocrx_word' id='word_1_308' title='bbox 935 2000 1151 2041; x_wconf 88' lang='lat' dir='ltr'>discordia</span> <span class='ocrx_word' id='word_1_309' title='bbox 1181 2001 1294 2040; x_wconf 89' lang='lat' dir='ltr'>inter</span> <span class='ocrx_word' id='word_1_310' title='bbox 1326 2000 1464 2054; x_wconf 89' lang='lat' dir='ltr'>ipsam</span> <span class='ocrx_word' id='word_1_311' title='bbox 1498 2004 1540 2040; x_wconf 91' lang='lat' dir='ltr'>et</span> <span class='ocrx_word' id='word_1_312' title='bbox 1572 2013 1664 2050; x_wconf 87' lang='grc'>1103,</span> <span class='ocrx_word' id='word_1_313' title='bbox 1705 2000 1764 2040; x_wconf 88' lang='lat' dir='ltr'>sic</span> <span class='ocrx_word' id='word_1_314' title='bbox 1797 1999 1848 2039; x_wconf 87' lang='lat' dir='ltr'>ad</span> <span class='ocrx_word' id='word_1_315' title='bbox 1883 2013 1977 2040; x_wconf 89' lang='lat' dir='ltr'>eam</span> <span class='ocrx_word' id='word_1_316' title='bbox 2012 1998 2248 2040; x_wconf 85' lang='lat' dir='ltr'>sedandam</span> <span class='ocrx_word' id='word_1_317' title='bbox 2279 2013 2379 2054; x_wconf 88' lang='lat' dir='ltr'>pro-</span> 
     </span>
     <span class='ocr_line' id='line_1_28' title="bbox 191 2067 2380 2124; baseline 0 -17"><span class='ocrx_word' id='word_1_318' title='bbox 191 2071 365 2124; x_wconf 87' lang='lat' dir='ltr'>pensius</span> <span class='ocrx_word' id='word_1_319' title='bbox 407 2069 690 2110; x_wconf 87' lang='lat' dir='ltr'>intendemus.</span> <span class='ocrx_word' id='word_1_320' title='bbox 741 2070 853 2124; x_wconf 89' lang='lat' dir='ltr'>quod</span> <span class='ocrx_word' id='word_1_321' title='bbox 904 2071 945 2109; x_wconf 94' lang='lat' dir='ltr'>in</span> <span class='ocrx_word' id='word_1_322' title='bbox 991 2069 1178 2109; x_wconf 89' lang='lat' dir='ltr'>adventu</span> <span class='ocrx_word' id='word_1_323' title='bbox 1221 2073 1364 2109; x_wconf 84' lang='lat' dir='ltr'>vestro</span> <span class='ocrx_word' id='word_1_324' title='bbox 1407 2069 1448 2108; x_wconf 90' lang='lat' dir='ltr'>in</span> <span class='ocrx_word' id='word_1_325' title='bbox 1492 2082 1599 2123; x_wconf 88' lang='lat' dir='ltr'>pace</span> <span class='ocrx_word' id='word_1_326' title='bbox 1640 2073 1682 2108; x_wconf 94' lang='lat' dir='ltr'>et</span> <span class='ocrx_word' id='word_1_327' title='bbox 1726 2068 1870 2122; x_wconf 90' lang='lat' dir='ltr'>quiete</span> <span class='ocrx_word' id='word_1_328' title='bbox 1910 2071 2054 2109; x_wconf 87' lang='lat' dir='ltr'>vestre</span> <span class='ocrx_word' id='word_1_329' title='bbox 2095 2067 2380 2109; x_wconf 86' lang='lat' dir='ltr'>coronationis</span> 
     </span>
     <span class='ocr_line' id='line_1_29' title="bbox 193 2138 1607 2194; baseline -0.001 -15"><span class='ocrx_word' id='word_1_330' title='bbox 193 2140 440 2179; x_wconf 86' lang='lat' dir='ltr'>solemnitas</span> <span class='ocrx_word' id='word_1_331' title='bbox 484 2140 525 2179; x_wconf 89' lang='lat' dir='ltr'>in</span> <span class='ocrx_word' id='word_1_332' title='bbox 557 2139 673 2179; x_wconf 88' lang='lat' dir='ltr'>Urbe</span> <span class='ocrx_word' id='word_1_333' title='bbox 719 2153 794 2194; x_wconf 87' lang='lat' dir='ltr'>per</span> <span class='ocrx_word' id='word_1_334' title='bbox 833 2153 1044 2179; x_wconf 87' lang='lat' dir='ltr'>summum</span> <span class='ocrx_word' id='word_1_335' title='bbox 1084 2138 1329 2193; x_wconf 89' lang='lat' dir='ltr'>pontificem</span> <span class='ocrx_word' id='word_1_336' title='bbox 1360 2140 1607 2192; x_wconf 83' lang='lat' dir='ltr'>peragetur.</span> 
     </span>
    </p>

    <p class='ocr_par' dir='ltr' id='par_1_6' title="bbox 192 2205 2381 2468">
     <span class='ocr_line' id='line_1_30' title="bbox 335 2205 2380 2261; baseline -0 -14"><span class='ocrx_word' id='word_1_337' title='bbox 335 2206 398 2261; x_wconf 57' lang='lat'>(4)</span> <span class='ocrx_word' id='word_1_338' title='bbox 433 2207 652 2261; x_wconf 87' lang='lat' dir='ltr'>Rogamus</span> <span class='ocrx_word' id='word_1_339' title='bbox 685 2208 828 2261; x_wconf 88' lang='lat' dir='ltr'>itaque</span> <span class='ocrx_word' id='word_1_340' title='bbox 862 2208 1133 2248; x_wconf 89' lang='lat' dir='ltr'>maiestatem</span> <span class='ocrx_word' id='word_1_341' title='bbox 1167 2206 1343 2260; x_wconf 75' lang='lat' dir='ltr'>regiam,</span> <span class='ocrx_word' id='word_1_342' title='bbox 1376 2206 1574 2260; x_wconf 89' lang='lat' dir='ltr'>quatinus</span> <span class='ocrx_word' id='word_1_343' title='bbox 1607 2205 1790 2247; x_wconf 84' lang='lat' dir='ltr'>ecclesie</span> <span class='ocrx_word' id='word_1_344' title='bbox 1814 2205 2009 2247; x_wconf 86' lang='lat' dir='ltr'>Romane</span> <span class='ocrx_word' id='word_1_345' title='bbox 2047 2205 2300 2247; x_wconf 82' lang='lat' dir='ltr'>exaltationi</span> <span class='ocrx_word' id='word_1_346' title='bbox 2331 2219 2380 2246; x_wconf 89' lang='lat' dir='ltr'>ac</span> 
     </span>
     <span class='ocr_line' id='line_1_31' title="bbox 193 2273 2381 2330; baseline -0 -15"><span class='ocrx_word' id='word_1_347' title='bbox 193 2282 336 2316; x_wconf 89' lang='lat' dir='ltr'>nostre</span> <span class='ocrx_word' id='word_1_348' title='bbox 378 2284 503 2330; x_wconf 86' lang='lat' dir='ltr'>prout</span> <span class='ocrx_word' id='word_1_349' title='bbox 543 2277 741 2317; x_wconf 87' lang='lat' dir='ltr'>convenit</span> <span class='ocrx_word' id='word_1_350' title='bbox 778 2275 1027 2325; x_wconf 69' lang='lat' dir='ltr'>intendatis,</span> <span class='ocrx_word' id='word_1_351' title='bbox 1072 2280 1120 2316; x_wconf 96' lang='lat' dir='ltr'>ut</span> <span class='ocrx_word' id='word_1_352' title='bbox 1161 2275 1212 2316; x_wconf 89' lang='lat' dir='ltr'>de</span> <span class='ocrx_word' id='word_1_353' title='bbox 1253 2274 1451 2315; x_wconf 89' lang='lat' dir='ltr'>fidelibus</span> <span class='ocrx_word' id='word_1_354' title='bbox 1492 2273 1709 2315; x_wconf 89' lang='lat' dir='ltr'>fideliores</span> <span class='ocrx_word' id='word_1_355' title='bbox 1743 2274 1862 2328; x_wconf 90' lang='lat' dir='ltr'>regie</span> <span class='ocrx_word' id='word_1_356' title='bbox 1896 2273 2180 2329; x_wconf 88' lang='lat' dir='ltr'>magnitudini</span> <span class='ocrx_word' id='word_1_357' title='bbox 2212 2287 2381 2329; x_wconf 88' lang='lat' dir='ltr'>semper</span> 
     </span>
     <span class='ocr_line' id='line_1_32' title="bbox 192 2342 2380 2399; baseline 0 -16"><span class='ocrx_word' id='word_1_358' title='bbox 192 2358 420 2397; x_wconf 81' lang='lat' dir='ltr'>assurgere</span> <span class='ocrx_word' id='word_1_359' title='bbox 454 2353 695 2389; x_wconf 80' lang='lat' dir='ltr'>teneamur.</span> <span class='ocrx_word' id='word_1_360' title='bbox 737 2345 835 2399; x_wconf 87' lang='lat' dir='ltr'>quia</span> <span class='ocrx_word' id='word_1_361' title='bbox 868 2344 1070 2399; x_wconf 87' lang='lat' dir='ltr'>quicquid</span> <span class='ocrx_word' id='word_1_362' title='bbox 1102 2343 1269 2384; x_wconf 84' lang='lat' dir='ltr'>comedi</span> <span class='ocrx_word' id='word_1_363' title='bbox 1304 2343 1371 2384; x_wconf 89' lang='lat' dir='ltr'>vel</span> <span class='ocrx_word' id='word_1_364' title='bbox 1404 2343 1578 2384; x_wconf 91' lang='lat' dir='ltr'>honoris</span> <span class='ocrx_word' id='word_1_365' title='bbox 1612 2343 1692 2398; x_wconf 89' lang='lat' dir='ltr'>ipsi</span> <span class='ocrx_word' id='word_1_366' title='bbox 1725 2343 1928 2394; x_wconf 87' lang='lat' dir='ltr'>feceritis,</span> <span class='ocrx_word' id='word_1_367' title='bbox 1962 2343 2098 2395; x_wconf 84' lang='lat' dir='ltr'>nobis,</span> <span class='ocrx_word' id='word_1_368' title='bbox 2131 2342 2201 2397; x_wconf 90' lang='lat' dir='ltr'>qui</span> <span class='ocrx_word' id='word_1_369' title='bbox 2234 2356 2380 2384; x_wconf 88' lang='lat' dir='ltr'>sumus</span> 
     </span>
     <span class='ocr_line' id='line_1_33' title="bbox 194 2412 1441 2468; baseline -0.002 -15"><span class='ocrx_word' id='word_1_370' title='bbox 194 2413 374 2453; x_wconf 84' lang='lat' dir='ltr'>ecclesie</span> <span class='ocrx_word' id='word_1_371' title='bbox 409 2413 608 2454; x_wconf 86' lang='lat' dir='ltr'>catholici</span> <span class='ocrx_word' id='word_1_372' title='bbox 641 2414 728 2459; x_wconf 81' lang='lat' dir='ltr'>filii,</span> <span class='ocrx_word' id='word_1_373' title='bbox 763 2413 1062 2468; x_wconf 85' lang='lat' dir='ltr'>reputabimus</span> <span class='ocrx_word' id='word_1_374' title='bbox 1096 2427 1192 2453; x_wconf 88' lang='lat' dir='ltr'>esse</span> <span class='ocrx_word' id='word_1_375' title='bbox 1227 2412 1441 2452; x_wconf 85' lang='lat' dir='ltr'>collatum.</span> 
     </span>
    </p>
   </div>
   <div class='ocr_carea' id='block_1_5' title="bbox 506 2604 2068 2650">
    <p class='ocr_par' dir='ltr' id='par_1_7' title="bbox 506 2604 2068 2650">
     <span class='ocr_line' id='line_1_34' title="bbox 506 2604 2068 2650; baseline 0.003 -5"><span class='ocrx_word' id='word_1_376' title='bbox 506 2604 577 2646; x_wconf 66' lang='lat'>83.</span> <span class='ocrx_word' id='word_1_377' title='bbox 618 2605 992 2648; x_wconf 70' lang='lat' dir='ltr'><em>INSTRUGTIO</em></span> <span class='ocrx_word' id='word_1_378' title='bbox 1024 2605 1415 2648; x_wconf 71' lang='lat' dir='ltr'><em>LEGATORUM</em></span> <span class='ocrx_word' id='word_1_379' title='bbox 1444 2606 1811 2648; x_wconf 83' lang='lat' dir='ltr'>PONTIFIC&#39;IS.</span> <span class='ocrx_word' id='word_1_380' title='bbox 1873 2606 1977 2650; x_wconf 72' lang='lat' dir='ltr'>Noe).</span> <span class='ocrx_word' id='word_1_381' title='bbox 2003 2608 2068 2649; x_wconf 82' lang='lat'>10.</span> 
     </span>
    </p>
   </div>
   <div class='ocr_carea' id='block_1_6' title="bbox 192 2685 2381 2947">
    <p class='ocr_par' dir='ltr' id='par_1_8' title="bbox 192 2685 2381 2878">
     <span class='ocr_line' id='line_1_35' title="bbox 334 2685 2381 2741; baseline 0 -14"><span class='ocrx_word' id='word_1_382' title='bbox 334 2686 391 2727; x_wconf 74' lang='lat' dir='ltr'>Et</span> <span class='ocrx_word' id='word_1_383' title='bbox 424 2687 567 2738; x_wconf 69' lang='lat' dir='ltr'>ipsam,</span> <span class='ocrx_word' id='word_1_384' title='bbox 599 2700 721 2738; x_wconf 69' lang='lat' dir='ltr'>quam</span> <span class='ocrx_word' id='word_1_385' title='bbox 753 2686 876 2727; x_wconf 62' lang='lat' dir='ltr'>Pertz¹</span> <span class='ocrx_word' id='word_1_386' title='bbox 907 2701 925 2727; x_wconf 83' lang='lat' dir='ltr'>c</span> <span class='ocrx_word' id='word_1_387' title='bbox 957 2686 1182 2739; x_wconf 70' lang='lat' dir='ltr'>Raynalclo</span> <span class='ocrx_word' id='word_1_388' title='bbox 1214 2686 1240 2728; x_wconf 76' lang='lat' dir='ltr'>l.</span> <span class='ocrx_word' id='word_1_389' title='bbox 1264 2700 1294 2728; x_wconf 80' lang='lat' dir='ltr'>c.</span> <span class='ocrx_word' id='word_1_390' title='bbox 1327 2687 1355 2741; x_wconf 59' lang='grc' dir='ltr'><strong><em>ἕ</em></strong></span> <span class='ocrx_word' id='word_1_391' title='bbox 1378 2688 1430 2725; x_wconf 82' lang='lat'>19</span> <span class='ocrx_word' id='word_1_392' title='bbox 1462 2685 1572 2727; x_wconf 60' lang='lat' dir='ltr'>dedet</span> <span class='ocrx_word' id='word_1_393' title='bbox 1603 2689 1640 2727; x_wconf 70' lang='lat' dir='ltr'>at</span> <span class='ocrx_word' id='word_1_394' title='bbox 1672 2686 1913 2739; x_wconf 70' lang='lat' dir='ltr'>Rodenbery</span> <span class='ocrx_word' id='word_1_395' title='bbox 1945 2687 1971 2730; x_wconf 83' lang='lat' dir='ltr'>l.</span> <span class='ocrx_word' id='word_1_396' title='bbox 1996 2701 2027 2731; x_wconf 72' lang='grc' dir='ltr'>θ.</span> <span class='ocrx_word' id='word_1_397' title='bbox 2059 2687 2095 2737; x_wconf 85' lang='grc' dir='ltr'>Ι,</span> <span class='ocrx_word' id='word_1_398' title='bbox 2127 2701 2193 2730; x_wconf 70' lang='lat' dir='ltr'>nr.</span> <span class='ocrx_word' id='word_1_399' title='bbox 2218 2689 2299 2727; x_wconf 89' lang='grc'>144</span> <span class='ocrx_word' id='word_1_400' title='bbox 2330 2699 2381 2727; x_wconf 73' lang='lat' dir='ltr'>ea:</span> 
     </span>
     <span class='ocr_line' id='line_1_36' title="bbox 192 2754 2381 2807; baseline -0 -11"><span class='ocrx_word' id='word_1_401' title='bbox 192 2755 365 2796; x_wconf 54' lang='lat' dir='ltr'>alitione</span> <span class='ocrx_word' id='word_1_402' title='bbox 403 2754 560 2795; x_wconf 48' lang='lat' dir='ltr'>Parma·</span> <span class='ocrx_word' id='word_1_403' title='bbox 609 2757 921 2806; x_wconf 69' lang='lat' dir='ltr'>transszcmpsit,</span> <span class='ocrx_word' id='word_1_404' title='bbox 969 2755 1246 2795; x_wconf 51' lang='lat' dir='ltr'>reconsutam</span> <span class='ocrx_word' id='word_1_405' title='bbox 1297 2755 1442 2795; x_wconf 77' lang='lat' dir='ltr'>collato</span> <span class='ocrx_word' id='word_1_406' title='bbox 1482 2754 1672 2807; x_wconf 72' lang='lat' dir='ltr'>Regyc&#39;stro</span> <span class='ocrx_word' id='word_1_407' title='bbox 1721 2755 1904 2796; x_wconf 52' lang='lat' dir='ltr'>Honori&amp;</span> <span class='ocrx_word' id='word_1_408' title='bbox 1934 2756 2023 2797; x_wconf 88' lang='lat' dir='ltr'>III.</span> <span class='ocrx_word' id='word_1_409' title='bbox 2066 2755 2136 2799; x_wconf 70' lang='lat' dir='ltr'><strong><em>lib.</em></strong></span> <span class='ocrx_word' id='word_1_410' title='bbox 2168 2755 2212 2806; x_wconf 88' lang='lat' dir='ltr'>V,</span> <span class='ocrx_word' id='word_1_411' title='bbox 2235 2757 2318 2796; x_wconf 87' lang='grc'>184</span> <span class='ocrx_word' id='word_1_412' title='bbox 2354 2768 2381 2796; x_wconf 85' lang='lat' dir='ltr'>a</span> 
     </span>
     <span class='ocr_line' id='line_1_37' title="bbox 195 2822 2380 2878; baseline 0 -15"><span class='ocrx_word' id='word_1_413' title='bbox 195 2825 279 2864; x_wconf 59' lang='lat' dir='ltr'>siro</span> <span class='ocrx_word' id='word_1_414' title='bbox 300 2824 338 2863; x_wconf 80' lang='grc' dir='ltr'>(Ζ.</span> <span class='ocrx_word' id='word_1_415' title='bbox 363 2822 640 2872; x_wconf 62' lang='lat' dir='ltr'>Kaaffmarm.</span> <span class='ocrx_word' id='word_1_416' title='bbox 675 2848 726 2853; x_wconf 91' lang='lat'>—</span> <span class='ocrx_word' id='word_1_417' title='bbox 758 2823 958 2873; x_wconf 62' lang='lat' dir='ltr'>Pottlcccst,</span> <span class='ocrx_word' id='word_1_418' title='bbox 991 2823 1166 2876; x_wconf 60' lang='grc' dir='ltr'>Περσεία</span> <span class='ocrx_word' id='word_1_419' title='bbox 1191 2826 1307 2875; x_wconf 70' lang='lat' dir='ltr'>pont.</span> <span class='ocrx_word' id='word_1_420' title='bbox 1341 2822 1517 2864; x_wconf 72' lang='lat' dir='ltr'>Roman.</span> <span class='ocrx_word' id='word_1_421' title='bbox 1543 2824 1667 2864; x_wconf 73' lang='lat'><em>6395.</em></span> <span class='ocrx_word' id='word_1_422' title='bbox 1720 2823 1914 2875; x_wconf 76' lang='lat' dir='ltr'>Bo&#39;hmer,</span> <span class='ocrx_word' id='word_1_423' title='bbox 1937 2824 2037 2878; x_wconf 68' lang='lat' dir='ltr'>Req.</span> <span class='ocrx_word' id='word_1_424' title='bbox 2060 2825 2158 2876; x_wconf 75' lang='lat' dir='ltr'>imp.</span> <span class='ocrx_word' id='word_1_425' title='bbox 2190 2824 2235 2874; x_wconf 86' lang='lat' dir='ltr'>V,</span> <span class='ocrx_word' id='word_1_426' title='bbox 2259 2826 2380 2865; x_wconf 76' lang='lat'>6403.</span> 
     </span>
    </p>

    <p class='ocr_par' dir='ltr' id='par_1_9' title="bbox 2027 2892 2239 2947">
     <span class='ocr_line' id='line_1_38' title="bbox 2027 2892 2239 2947; baseline 0 -13"><span class='ocrx_word' id='word_1_427' title='bbox 2027 2892 2098 2946; x_wconf 87' lang='grc' dir='ltr'>(Ρ.</span> <span class='ocrx_word' id='word_1_428' title='bbox 2120 2894 2239 2947; x_wconf 75' lang='grc'>242.)</span> 
     </span>
    </p>
   </div>
   <div class='ocr_carea' id='block_1_7' title="bbox 195 2994 2383 3460">
    <p class='ocr_par' dir='ltr' id='par_1_10' title="bbox 198 2994 2380 3119">
     <span class='ocr_line' id='line_1_39' title="bbox 336 2994 2380 3050; baseline 0.001 -16"><span class='ocrx_word' id='word_1_429' title='bbox 336 2994 556 3049; x_wconf 71' lang='lat' dir='ltr'>Nticolao)</span> <span class='ocrx_word' id='word_1_430' title='bbox 604 2995 804 3050; x_wconf 89' lang='lat' dir='ltr'>episcopo</span> <span class='ocrx_word' id='word_1_431' title='bbox 853 2995 1097 3036; x_wconf 90' lang='lat' dir='ltr'>Tusculano</span> <span class='ocrx_word' id='word_1_432' title='bbox 1147 2995 1384 3050; x_wconf 88' lang='lat' dir='ltr'>apostolice</span> <span class='ocrx_word' id='word_1_433' title='bbox 1426 2994 1540 3036; x_wconf 89' lang='lat' dir='ltr'>sedis</span> <span class='ocrx_word' id='word_1_434' title='bbox 1582 2995 1728 3049; x_wconf 89' lang='lat' dir='ltr'>legato</span> <span class='ocrx_word' id='word_1_435' title='bbox 1772 2999 1814 3036; x_wconf 92' lang='lat' dir='ltr'>et</span> <span class='ocrx_word' id='word_1_436' title='bbox 1861 2996 2017 3037; x_wconf 89' lang='lat' dir='ltr'>dilecto</span> <span class='ocrx_word' id='word_1_437' title='bbox 2056 2996 2142 3037; x_wconf 91' lang='lat' dir='ltr'>filio</span> <span class='ocrx_word' id='word_1_438' title='bbox 2183 2996 2380 3037; x_wconf 87' lang='lat' dir='ltr'>Alatrino</span> 
     </span>
     <span class='ocr_line' id='line_1_40' title="bbox 198 3063 994 3119; baseline 0.004 -17"><span class='ocrx_word' id='word_1_439' title='bbox 198 3063 462 3103; x_wconf 75' lang='lat' dir='ltr'>subdiacono</span> <span class='ocrx_word' id='word_1_440' title='bbox 499 3069 540 3103; x_wconf 88' lang='lat' dir='ltr'>et</span> <span class='ocrx_word' id='word_1_441' title='bbox 574 3064 797 3119; x_wconf 85' lang='lat' dir='ltr'>capellano</span> <span class='ocrx_word' id='word_1_442' title='bbox 832 3069 994 3105; x_wconf 89' lang='lat' dir='ltr'>nostro.</span> 
     </span>
    </p>

    <p class='ocr_par' dir='ltr' id='par_1_11' title="bbox 195 3131 2383 3460">
     <span class='ocr_line' id='line_1_41' title="bbox 339 3131 2380 3187; baseline 0.001 -17"><span class='ocrx_word' id='word_1_443' title='bbox 339 3131 401 3171; x_wconf 88' lang='lat' dir='ltr'>De</span> <span class='ocrx_word' id='word_1_444' title='bbox 436 3133 648 3171; x_wconf 89' lang='lat' dir='ltr'>communi</span> <span class='ocrx_word' id='word_1_445' title='bbox 682 3132 860 3172; x_wconf 86' lang='lat' dir='ltr'>fratrum</span> <span class='ocrx_word' id='word_1_446' title='bbox 895 3137 1138 3173; x_wconf 86' lang='lat' dir='ltr'>nostrorum</span> <span class='ocrx_word' id='word_1_447' title='bbox 1172 3133 1351 3173; x_wconf 87' lang='lat' dir='ltr'>consilio</span> <span class='ocrx_word' id='word_1_448' title='bbox 1383 3133 1648 3187; x_wconf 88' lang='lat' dir='ltr'>presentium</span> <span class='ocrx_word' id='word_1_449' title='bbox 1674 3133 1793 3174; x_wconf 86' lang='lat' dir='ltr'>vobis</span> <span class='ocrx_word' id='word_1_450' title='bbox 1826 3133 2083 3174; x_wconf 88' lang='lat' dir='ltr'>auctoritate</span> <span class='ocrx_word' id='word_1_451' title='bbox 2115 3132 2380 3184; x_wconf 86' lang='lat' dir='ltr'>mandamus,</span> 
     </span>
     <span class='ocr_line' id='line_1_42' title="bbox 195 3200 2382 3255; baseline 0.001 -17"><span class='ocrx_word' id='word_1_452' title='bbox 195 3209 402 3252; x_wconf 80' lang='lat' dir='ltr'>quatenus</span> <span class='ocrx_word' id='word_1_453' title='bbox 437 3200 669 3240; x_wconf 85' lang='lat' dir='ltr'>efficaciter</span> <span class='ocrx_word' id='word_1_454' title='bbox 702 3200 924 3244; x_wconf 79' lang='lat' dir='ltr'>studeatis,</span> <span class='ocrx_word' id='word_1_455' title='bbox 959 3206 1005 3240; x_wconf 90' lang='lat' dir='ltr'>ut</span> <span class='ocrx_word' id='word_1_456' title='bbox 1034 3201 1303 3255; x_wconf 78' lang='lat' dir='ltr'>capitularia,</span> <span class='ocrx_word' id='word_1_457' title='bbox 1340 3214 1421 3255; x_wconf 89' lang='lat' dir='ltr'>que</span> <span class='ocrx_word' id='word_1_458' title='bbox 1446 3200 1566 3241; x_wconf 88' lang='lat' dir='ltr'>vobis</span> <span class='ocrx_word' id='word_1_459' title='bbox 1599 3201 1807 3241; x_wconf 89' lang='lat' dir='ltr'>mittimus</span> <span class='ocrx_word' id='word_1_460' title='bbox 1840 3201 2113 3255; x_wconf 89' lang='lat' dir='ltr'>presentibus</span> <span class='ocrx_word' id='word_1_461' title='bbox 2136 3201 2382 3251; x_wconf 87' lang='lat' dir='ltr'>interclusa,</span> 
     </span>
     <span class='ocr_line' id='line_1_43' title="bbox 195 3267 2382 3324; baseline 0.002 -19"><span class='ocrx_word' id='word_1_462' title='bbox 195 3267 270 3306; x_wconf 74' lang='lat' dir='ltr'>sub</span> <span class='ocrx_word' id='word_1_463' title='bbox 305 3268 646 3321; x_wconf 81' lang='lat' dir='ltr'>competentibus</span> <span class='ocrx_word' id='word_1_464' title='bbox 681 3268 834 3315; x_wconf 74' lang='lat' dir='ltr'>verbis,</span> <span class='ocrx_word' id='word_1_465' title='bbox 876 3273 1046 3309; x_wconf 88' lang='lat' dir='ltr'>servata</span> <span class='ocrx_word' id='word_1_466' title='bbox 1079 3270 1306 3317; x_wconf 84' lang='lat' dir='ltr'>sententia,</span> <span class='ocrx_word' id='word_1_467' title='bbox 1352 3269 1429 3308; x_wconf 91' lang='lat' dir='ltr'>sub</span> <span class='ocrx_word' id='word_1_468' title='bbox 1463 3269 1638 3309; x_wconf 89' lang='lat' dir='ltr'>nomine</span> <span class='ocrx_word' id='word_1_469' title='bbox 1672 3270 1790 3323; x_wconf 87' lang='lat' dir='ltr'>regio</span> <span class='ocrx_word' id='word_1_470' title='bbox 1823 3270 1863 3309; x_wconf 90' lang='lat' dir='ltr'>in</span> <span class='ocrx_word' id='word_1_471' title='bbox 1896 3270 2014 3323; x_wconf 87' lang='lat' dir='ltr'>leges</span> <span class='ocrx_word' id='word_1_472' title='bbox 2047 3269 2240 3324; x_wconf 89' lang='lat' dir='ltr'>publicas</span> <span class='ocrx_word' id='word_1_473' title='bbox 2270 3268 2382 3310; x_wconf 88' lang='lat' dir='ltr'>redi—</span> 
     </span>
     <span class='ocr_line' id='line_1_44' title="bbox 196 3335 2379 3391; baseline 0.001 -17"><span class='ocrx_word' id='word_1_474' title='bbox 196 3345 350 3388; x_wconf 81' lang='lat' dir='ltr'>gantur</span> <span class='ocrx_word' id='word_1_475' title='bbox 384 3335 590 3389; x_wconf 81' lang='lat' dir='ltr'>nobisque</span> <span class='ocrx_word' id='word_1_476' title='bbox 627 3337 848 3376; x_wconf 87' lang='lat' dir='ltr'>mittantur</span> <span class='ocrx_word' id='word_1_477' title='bbox 881 3338 996 3391; x_wconf 87' lang='lat' dir='ltr'>regie</span> <span class='ocrx_word' id='word_1_478' title='bbox 1030 3338 1144 3378; x_wconf 91' lang='lat' dir='ltr'>bulle</span> <span class='ocrx_word' id='word_1_479' title='bbox 1178 3338 1379 3377; x_wconf 88' lang='lat' dir='ltr'>roborata</span> <span class='ocrx_word' id='word_1_480' title='bbox 1413 3337 1662 3387; x_wconf 90' lang='lat' dir='ltr'>munimine,</span> <span class='ocrx_word' id='word_1_481' title='bbox 1696 3338 1736 3377; x_wconf 92' lang='lat' dir='ltr'>in</span> <span class='ocrx_word' id='word_1_482' title='bbox 1769 3337 1838 3378; x_wconf 92' lang='lat' dir='ltr'>die</span> <span class='ocrx_word' id='word_1_483' title='bbox 1874 3337 2163 3378; x_wconf 88' lang='lat' dir='ltr'>coronationis</span> <span class='ocrx_word' id='word_1_484' title='bbox 2193 3337 2272 3378; x_wconf 90' lang='lat' dir='ltr'>sub</span> <span class='ocrx_word' id='word_1_485' title='bbox 2304 3337 2379 3377; x_wconf 91' lang='lat' dir='ltr'>im-</span> 
     </span>
     <span class='ocr_line' id='line_1_45' title="bbox 196 3402 2383 3460; baseline 0.001 -17"><span class='ocrx_word' id='word_1_486' title='bbox 196 3402 346 3457; x_wconf 82' lang='lat' dir='ltr'>periali</span> <span class='ocrx_word' id='word_1_487' title='bbox 380 3404 548 3443; x_wconf 88' lang='lat' dir='ltr'>nomine</span> <span class='ocrx_word' id='word_1_488' title='bbox 582 3406 622 3443; x_wconf 91' lang='lat' dir='ltr'>in</span> <span class='ocrx_word' id='word_1_489' title='bbox 656 3405 831 3445; x_wconf 85' lang='lat' dir='ltr'>basilica</span> <span class='ocrx_word' id='word_1_490' title='bbox 863 3406 1066 3460; x_wconf 89' lang='lat' dir='ltr'>principis</span> <span class='ocrx_word' id='word_1_491' title='bbox 1100 3406 1390 3459; x_wconf 89' lang='lat' dir='ltr'>apostolorum</span> <span class='ocrx_word' id='word_1_492' title='bbox 1432 3405 1682 3445; x_wconf 88' lang='lat' dir='ltr'>solemniter</span> <span class='ocrx_word' id='word_1_493' title='bbox 1711 3405 1967 3459; x_wconf 89' lang='lat' dir='ltr'>publicanda</span> <span class='ocrx_word' id='word_1_494' title='bbox 1982 3405 2008 3446; x_wconf 79' lang='lat'>².</span> <span class='ocrx_word' id='word_1_495' title='bbox 2069 3404 2138 3445; x_wconf 92' lang='lat' dir='ltr'>Ad</span> <span class='ocrx_word' id='word_1_496' title='bbox 2170 3404 2251 3446; x_wconf 88' lang='lat' dir='ltr'>hec</span> <span class='ocrx_word' id='word_1_497' title='bbox 2283 3418 2383 3460; x_wconf 92' lang='lat' dir='ltr'>pru-</span> 
     </span>
    </p>
   </div>
   <div class='ocr_carea' id='block_1_8' title="bbox 334 3515 589 3557">
    <p class='ocr_par' dir='ltr' id='par_1_12' title="bbox 334 3515 589 3557">
     <span class='ocr_line' id='line_1_46' title="bbox 334 3515 589 3557; baseline -0.004 -8"><span class='ocrx_word' id='word_1_498' title='bbox 334 3515 394 3550; x_wconf 64' lang='grc'>82.</span> <span class='ocrx_word' id='word_1_499' title='bbox 436 3516 465 3557; x_wconf 67' lang='lat' dir='ltr'>b)</span> <span class='ocrx_word' id='word_1_500' title='bbox 493 3518 538 3549; x_wconf 68' lang='lat' dir='ltr'>sic</span> <span class='ocrx_word' id='word_1_501' title='bbox 563 3530 589 3549; x_wconf 74' lang='lat' dir='ltr'>c.</span> 
     </span>
    </p>
   </div>
   <div class='ocr_carea' id='block_1_9' title="bbox 337 3618 1128 3659">
    <p class='ocr_par' dir='ltr' id='par_1_13' title="bbox 337 3618 1128 3659">
     <span class='ocr_line' id='line_1_47' title="bbox 337 3618 1128 3659; baseline 0.001 -9"><span class='ocrx_word' id='word_1_502' title='bbox 337 3621 365 3650; x_wconf 59' lang='lat' dir='ltr'>l=</span> <span class='ocrx_word' id='word_1_503' title='bbox 397 3618 461 3650; x_wconf 64' lang='lat' dir='ltr'>Est</span> <span class='ocrx_word' id='word_1_504' title='bbox 487 3618 694 3652; x_wconf 63' lang='lat' dir='ltr'>constitutio</span> <span class='ocrx_word' id='word_1_505' title='bbox 724 3619 817 3659; x_wconf 70' lang='lat' dir='ltr'>infra</span> <span class='ocrx_word' id='word_1_506' title='bbox 845 3630 898 3652; x_wconf 80' lang='grc' dir='ltr'>ην.</span> <span class='ocrx_word' id='word_1_507' title='bbox 917 3625 958 3653; x_wconf 67' lang='grc'>85</span> <span class='ocrx_word' id='word_1_508' title='bbox 984 3619 1128 3653; x_wconf 57' lang='lat' dir='ltr'>edomia.</span> 
     </span>
    </p>
   </div>
   <div class='ocr_carea' id='block_1_10' title="bbox 2418 908 2449 932">
    <p class='ocr_par' dir='ltr' id='par_1_14' title="bbox 2418 908 2449 932">
     <span class='ocr_line' id='line_1_48' title="bbox 2418 908 2449 932; baseline 0 0"><span class='ocrx_word' id='word_1_509' title='bbox 2418 908 2449 932; x_wconf 87' lang='lat'>10</span> 
     </span>
    </p>
   </div>
   <div class='ocr_carea' id='block_1_11' title="bbox 2416 1256 2446 1282">
    <p class='ocr_par' dir='ltr' id='par_1_15' title="bbox 2416 1256 2446 1282">
     <span class='ocr_line' id='line_1_49' title="bbox 2416 1256 2446 1282; baseline 0.067 -2"><span class='ocrx_word' id='word_1_510' title='bbox 2416 1256 2446 1282; x_wconf 82' lang='lat'>15</span> 
     </span>
    </p>
   </div>
   <div class='ocr_carea' id='block_1_12' title="bbox 2418 1598 2450 1624">
    <p class='ocr_par' dir='ltr' id='par_1_16' title="bbox 2418 1598 2450 1624">
     <span class='ocr_line' id='line_1_50' title="bbox 2418 1598 2450 1624; baseline 0.031 -1"><span class='ocrx_word' id='word_1_511' title='bbox 2418 1598 2450 1624; x_wconf 84' lang='lat'>20</span> 
     </span>
    </p>
   </div>
   <div class='ocr_carea' id='block_1_13' title="bbox 2417 2290 2450 2315">
    <p class='ocr_par' dir='ltr' id='par_1_17' title="bbox 2417 2290 2450 2315">
     <span class='ocr_line' id='line_1_51' title="bbox 2417 2290 2450 2315; baseline -0.03 0"><span class='ocrx_word' id='word_1_512' title='bbox 2417 2290 2450 2315; x_wconf 88' lang='grc'>30</span> 
     </span>
    </p>
   </div>
   <div class='ocr_carea' id='block_1_14' title="bbox 2417 2767 2448 2792">
    <p class='ocr_par' dir='ltr' id='par_1_18' title="bbox 2417 2767 2448 2792">
     <span class='ocr_line' id='line_1_52' title="bbox 2417 2767 2448 2792; baseline -0.032 0"><span class='ocrx_word' id='word_1_513' title='bbox 2417 2767 2448 2792; x_wconf 85' lang='grc'>35</span> 
     </span>
    </p>
   </div>
   <div class='ocr_carea' id='block_1_15' title="bbox 2416 3500 2456 3539">
    <p class='ocr_par' dir='ltr' id='par_1_19' title="bbox 2416 3500 2456 3539">
     <span class='ocr_line' id='line_1_53' title="bbox 2416 3500 2456 3539; baseline -0.025 0"><span class='ocrx_word' id='word_1_514' title='bbox 2416 3500 2456 3539; x_wconf 62' lang='grc'>43</span> 
     </span>
    </p>
   </div>
  </div>
 </body>
</html>
