<?xml version="1.0" encoding="UTF-8"?>
<!DOCTYPE html PUBLIC "-//W3C//DTD XHTML 1.0 Transitional//EN"
    "http://www.w3.org/TR/xhtml1/DTD/xhtml1-transitional.dtd">
<html xmlns="http://www.w3.org/1999/xhtml" xml:lang="en" lang="en">
 <head>
  <title>
</title>
<meta http-equiv="Content-Type" content="text/html;charset=utf-8" />
  <meta name='ocr-system' content='tesseract 3.04.00' />
  <meta name='ocr-capabilities' content='ocr_page ocr_carea ocr_par ocr_line ocrx_word'/>
</head>
<body>
  <div class='ocr_page' id='page_1' title='image "./monumentager02geseuoft/monumentager02geseuoft_0116.png"; bbox 0 0 2558 3970; ppageno 0'>
   <div class='ocr_carea' id='block_1_1' title="bbox 183 150 1860 196">
    <p class='ocr_par' dir='ltr' id='par_1_1' title="bbox 183 150 1860 196">
     <span class='ocr_line' id='line_1_1' title="bbox 183 150 1860 196; baseline -0.001 -9"><span class='ocrx_word' id='word_1_1' title='bbox 183 158 233 196; x_wconf 68' lang='grc'>54</span> <span class='ocrx_word' id='word_1_2' title='bbox 683 151 922 187; x_wconf 76' lang='lat' dir='ltr'><strong>FRIDERICI</strong></span> <span class='ocrx_word' id='word_1_3' title='bbox 950 151 992 186; x_wconf 93' lang='grc' dir='ltr'>ΙΙ.</span> <span class='ocrx_word' id='word_1_4' title='bbox 1021 150 1448 186; x_wconf 74' lang='lat' dir='ltr'><strong>CONSTITUTIONES.</strong></span> <span class='ocrx_word' id='word_1_5' title='bbox 1499 150 1597 185; x_wconf 75' lang='lat'>1220.</span> <span class='ocrx_word' id='word_1_6' title='bbox 1646 150 1708 186; x_wconf 84' lang='lat' dir='ltr'>Nr.</span> <span class='ocrx_word' id='word_1_7' title='bbox 1727 150 1780 186; x_wconf 81' lang='lat'>71.</span> <span class='ocrx_word' id='word_1_8' title='bbox 1807 151 1860 186; x_wconf 76' lang='lat'>72.</span> 
     </span>
    </p>
   </div>
   <div class='ocr_carea' id='block_1_2' title="bbox 174 265 2435 2170">
    <p class='ocr_par' dir='ltr' id='par_1_2' title="bbox 177 265 2435 1608">
     <span class='ocr_line' id='line_1_2' title="bbox 183 265 2361 324; baseline 0 -18"><span class='ocrx_word' id='word_1_9' title='bbox 183 274 435 322; x_wconf 83' lang='lat' dir='ltr'>potestatem</span> <span class='ocrx_word' id='word_1_10' title='bbox 471 267 734 321; x_wconf 80' lang='lat' dir='ltr'>subponendi</span> <span class='ocrx_word' id='word_1_11' title='bbox 769 267 979 308; x_wconf 79' lang='lat' dir='ltr'>civitates.</span> <span class='ocrx_word' id='word_1_12' title='bbox 1022 266 1195 319; x_wconf 83' lang='lat' dir='ltr'>burgos.</span> <span class='ocrx_word' id='word_1_13' title='bbox 1239 271 1376 324; x_wconf 81' lang='lat' dir='ltr'>castra</span> <span class='ocrx_word' id='word_1_14' title='bbox 1413 280 1488 305; x_wconf 87' lang='lat' dir='ltr'>seu</span> <span class='ocrx_word' id='word_1_15' title='bbox 1523 265 1657 309; x_wconf 79' lang='lat' dir='ltr'>villas,</span> <span class='ocrx_word' id='word_1_16' title='bbox 1703 266 1986 312; x_wconf 73' lang='lat' dir='ltr'>marchiones,</span> <span class='ocrx_word' id='word_1_17' title='bbox 2021 267 2213 311; x_wconf 79' lang='lat' dir='ltr'>comites,</span> <span class='ocrx_word' id='word_1_18' title='bbox 2246 267 2361 321; x_wconf 89' lang='lat' dir='ltr'>capi-</span> 
     </span>
     <span class='ocr_line' id='line_1_3' title="bbox 182 334 2363 389; baseline 0 -15"><span class='ocrx_word' id='word_1_19' title='bbox 182 345 343 377; x_wconf 80' lang='lat' dir='ltr'>taneos.</span> <span class='ocrx_word' id='word_1_20' title='bbox 389 337 636 376; x_wconf 73' lang='lat' dir='ltr'>valvasores</span> <span class='ocrx_word' id='word_1_21' title='bbox 680 348 755 375; x_wconf 88' lang='lat' dir='ltr'>seu</span> <span class='ocrx_word' id='word_1_22' title='bbox 798 335 1012 388; x_wconf 84' lang='lat' dir='ltr'>quoslibet</span> <span class='ocrx_word' id='word_1_23' title='bbox 1055 349 1131 389; x_wconf 90' lang='lat' dir='ltr'>per</span> <span class='ocrx_word' id='word_1_24' title='bbox 1173 336 1417 375; x_wconf 86' lang='lat' dir='ltr'>universam</span> <span class='ocrx_word' id='word_1_25' title='bbox 1461 334 1648 374; x_wconf 81' lang='lat' dir='ltr'>Ytaliam</span> <span class='ocrx_word' id='word_1_26' title='bbox 1693 340 1736 375; x_wconf 87' lang='lat' dir='ltr'>et</span> <span class='ocrx_word' id='word_1_27' title='bbox 1774 339 1918 389; x_wconf 87' lang='lat' dir='ltr'>partes</span> <span class='ocrx_word' id='word_1_28' title='bbox 1952 336 2044 375; x_wconf 92' lang='lat' dir='ltr'>eius</span> <span class='ocrx_word' id='word_1_29' title='bbox 2078 334 2363 375; x_wconf 81' lang='lat' dir='ltr'>constitutosh</span> 
     </span>
     <span class='ocr_line' id='line_1_4' title="bbox 183 402 2361 458; baseline -0.001 -14"><span class='ocrx_word' id='word_1_30' title='bbox 183 404 322 444; x_wconf 83' lang='lat' dir='ltr'>banno</span> <span class='ocrx_word' id='word_1_31' title='bbox 357 411 498 444; x_wconf 86' lang='lat' dir='ltr'>nostro</span> <span class='ocrx_word' id='word_1_32' title='bbox 534 412 575 444; x_wconf 85' lang='lat' dir='ltr'>et</span> <span class='ocrx_word' id='word_1_33' title='bbox 608 403 877 445; x_wconf 76' lang='lat' dir='ltr'>extrahendi,</span> <span class='ocrx_word' id='word_1_34' title='bbox 910 403 1094 443; x_wconf 77' lang='lat' dir='ltr'>faciendi</span> <span class='ocrx_word' id='word_1_35' title='bbox 1128 417 1297 458; x_wconf 86' lang='lat' dir='ltr'>quoquc</span> <span class='ocrx_word' id='word_1_36' title='bbox 1321 403 1636 450; x_wconf 84' lang='lat' dir='ltr'>concessiones,</span> <span class='ocrx_word' id='word_1_37' title='bbox 1669 416 1804 457; x_wconf 83' lang='lat' dir='ltr'>penas</span> <span class='ocrx_word' id='word_1_38' title='bbox 1829 402 1978 443; x_wconf 85' lang='lat' dir='ltr'>etiami</span> <span class='ocrx_word' id='word_1_39' title='bbox 2011 402 2226 456; x_wconf 79' lang='lat' dir='ltr'>exigendi,</span> <span class='ocrx_word' id='word_1_40' title='bbox 2260 416 2361 443; x_wconf 90' lang='lat' dir='ltr'>con—</span> 
     </span>
     <span class='ocr_line' id='line_1_5' title="bbox 182 470 2365 525; baseline 0.001 -16"><span class='ocrx_word' id='word_1_41' title='bbox 182 471 415 512; x_wconf 67' lang='lat' dir='ltr'>stituendik</span> <span class='ocrx_word' id='word_1_42' title='bbox 458 471 727 512; x_wconf 67' lang='lat' dir='ltr'>tabelliones,</span> <span class='ocrx_word' id='word_1_43' title='bbox 775 470 902 511; x_wconf 84' lang='lat' dir='ltr'>dandi</span> <span class='ocrx_word' id='word_1_44' title='bbox 950 471 1249 525; x_wconf 83' lang='lat' dir='ltr'>possessiones</span> <span class='ocrx_word' id='word_1_45' title='bbox 1295 476 1337 511; x_wconf 88' lang='lat' dir='ltr'>et</span> <span class='ocrx_word' id='word_1_46' title='bbox 1384 470 1648 516; x_wconf 70' lang='lat' dir='ltr'>restituendi,</span> <span class='ocrx_word' id='word_1_47' title='bbox 1696 470 1882 512; x_wconf 89' lang='lat' dir='ltr'>habendi</span> <span class='ocrx_word' id='word_1_48' title='bbox 1927 471 2055 511; x_wconf 84' lang='lat' dir='ltr'>etiam</span> <span class='ocrx_word' id='word_1_49' title='bbox 2093 471 2158 511; x_wconf 89' lang='lat' dir='ltr'>ius</span> <span class='ocrx_word' id='word_1_50' title='bbox 2203 471 2365 511; x_wconf 84' lang='lat' dir='ltr'>anima-</span> 
     </span>
     <span class='ocr_line' id='line_1_6' title="bbox 181 538 2434 593; baseline -0.001 -14"><span class='ocrx_word' id='word_1_51' title='bbox 181 541 374 581; x_wconf 69' lang='lat' dir='ltr'>vertendi</span> <span class='ocrx_word' id='word_1_52' title='bbox 421 542 459 580; x_wconf 89' lang='lat' dir='ltr'>in</span> <span class='ocrx_word' id='word_1_53' title='bbox 504 540 792 582; x_wconf 77' lang='lat' dir='ltr'>facinorosos.</span> <span class='ocrx_word' id='word_1_54' title='bbox 840 553 917 579; x_wconf 81' lang='lat' dir='ltr'>nec</span> <span class='ocrx_word' id='word_1_55' title='bbox 960 553 1043 579; x_wconf 91' lang='lat' dir='ltr'>non</span> <span class='ocrx_word' id='word_1_56' title='bbox 1085 540 1127 579; x_wconf 91' lang='lat' dir='ltr'>in</span> <span class='ocrx_word' id='word_1_57' title='bbox 1167 540 1364 580; x_wconf 86' lang='lat' dir='ltr'>omnibus</span> <span class='ocrx_word' id='word_1_58' title='bbox 1404 538 1583 593; x_wconf 78' lang='lat' dir='ltr'>agendis</span> <span class='ocrx_word' id='word_1_59' title='bbox 1631 540 1786 579; x_wconf 87' lang='lat' dir='ltr'>nostris</span> <span class='ocrx_word' id='word_1_60' title='bbox 1825 544 1868 579; x_wconf 91' lang='lat' dir='ltr'>et</span> <span class='ocrx_word' id='word_1_61' title='bbox 1913 539 2078 593; x_wconf 84' lang='lat' dir='ltr'>imperii</span> <span class='ocrx_word' id='word_1_62' title='bbox 2118 553 2195 593; x_wconf 89' lang='lat' dir='ltr'>per</span> <span class='ocrx_word' id='word_1_63' title='bbox 2235 542 2366 580; x_wconf 85' lang='lat' dir='ltr'>totam</span> <span class='ocrx_word' id='word_1_64' title='bbox 2420 552 2434 576; x_wconf 88' lang='lat'>5</span> 
     </span>
     <span class='ocr_line' id='line_1_7' title="bbox 184 606 2366 662; baseline 0 -15"><span class='ocrx_word' id='word_1_65' title='bbox 184 607 366 648; x_wconf 81' lang='lat' dir='ltr'>Ytaliam</span> <span class='ocrx_word' id='word_1_66' title='bbox 408 617 449 649; x_wconf 85' lang='lat' dir='ltr'>et</span> <span class='ocrx_word' id='word_1_67' title='bbox 490 613 634 662; x_wconf 83' lang='lat' dir='ltr'>partes</span> <span class='ocrx_word' id='word_1_68' title='bbox 669 609 760 648; x_wconf 87' lang='lat' dir='ltr'>eius</span> <span class='ocrx_word' id='word_1_69' title='bbox 801 607 1132 662; x_wconf 75' lang='lat' dir='ltr'>pertractandis.</span> <span class='ocrx_word' id='word_1_70' title='bbox 1175 609 1216 648; x_wconf 92' lang='lat' dir='ltr'>in</span> <span class='ocrx_word' id='word_1_71' title='bbox 1258 607 1381 648; x_wconf 89' lang='lat' dir='ltr'>dictis</span> <span class='ocrx_word' id='word_1_72' title='bbox 1421 612 1463 648; x_wconf 88' lang='lat' dir='ltr'>et</span> <span class='ocrx_word' id='word_1_73' title='bbox 1501 607 1624 647; x_wconf 86' lang='lat' dir='ltr'>factis</span> <span class='ocrx_word' id='word_1_74' title='bbox 1670 606 1847 661; x_wconf 78' lang='lat' dir='ltr'><strong>agendis</strong></span> <span class='ocrx_word' id='word_1_75' title='bbox 1891 611 1934 648; x_wconf 88' lang='lat' dir='ltr'>et</span> <span class='ocrx_word' id='word_1_76' title='bbox 1973 606 2195 657; x_wconf 86' lang='lat' dir='ltr'>faciendis,</span> <span class='ocrx_word' id='word_1_77' title='bbox 2240 611 2366 662; x_wconf 90' lang='lat' dir='ltr'>prout</span> 
     </span>
     <span class='ocr_line' id='line_1_8' title="bbox 180 675 2368 730; baseline 0 -15"><span class='ocrx_word' id='word_1_78' title='bbox 180 676 332 716; x_wconf 74' lang='lat' dir='ltr'>viderit</span> <span class='ocrx_word' id='word_1_79' title='bbox 379 677 430 717; x_wconf 90' lang='lat' dir='ltr'>ad</span> <span class='ocrx_word' id='word_1_80' title='bbox 479 677 705 717; x_wconf 77' lang='lat' dir='ltr'>comodum</span> <span class='ocrx_word' id='word_1_81' title='bbox 746 682 788 717; x_wconf 84' lang='lat' dir='ltr'>et</span> <span class='ocrx_word' id='word_1_82' title='bbox 828 676 1035 717; x_wconf 85' lang='lat' dir='ltr'>honorem</span> <span class='ocrx_word' id='word_1_83' title='bbox 1082 681 1272 716; x_wconf 90' lang='lat' dir='ltr'>nostrum</span> <span class='ocrx_word' id='word_1_84' title='bbox 1314 680 1356 716; x_wconf 89' lang='lat' dir='ltr'>et</span> <span class='ocrx_word' id='word_1_85' title='bbox 1398 676 1564 730; x_wconf 87' lang='lat' dir='ltr'>imperii</span> <span class='ocrx_word' id='word_1_86' title='bbox 1613 675 1833 729; x_wconf 85' lang='lat' dir='ltr'>expedire,</span> <span class='ocrx_word' id='word_1_87' title='bbox 1882 679 2020 716; x_wconf 87' lang='lat' dir='ltr'>ratum</span> <span class='ocrx_word' id='word_1_88' title='bbox 2066 675 2275 716; x_wconf 80' lang='lat' dir='ltr'>habentes</span> <span class='ocrx_word' id='word_1_89' title='bbox 2323 680 2368 716; x_wconf 87' lang='lat' dir='ltr'>et</span> 
     </span>
     <span class='ocr_line' id='line_1_9' title="bbox 180 743 2366 799; baseline 0 -16"><span class='ocrx_word' id='word_1_90' title='bbox 180 744 480 784; x_wconf 75' lang='lat' dir='ltr'>ineonmtabile</span> <span class='ocrx_word' id='word_1_91' title='bbox 522 744 722 799; x_wconf 78' lang='lat' dir='ltr'>quiequid</span> <span class='ocrx_word' id='word_1_92' title='bbox 766 745 806 784; x_wconf 94' lang='lat' dir='ltr'>in</span> <span class='ocrx_word' id='word_1_93' title='bbox 846 745 911 784; x_wconf 78' lang='lat' dir='ltr'>liis</span> <span class='ocrx_word' id='word_1_94' title='bbox 951 744 1243 785; x_wconf 84' lang='lat' dir='ltr'>statuendum¹</span> <span class='ocrx_word' id='word_1_95' title='bbox 1276 744 1515 785; x_wconf 87' lang='lat' dir='ltr'>decreverit</span> <span class='ocrx_word' id='word_1_96' title='bbox 1547 748 1589 783; x_wconf 90' lang='lat' dir='ltr'>et</span> <span class='ocrx_word' id='word_1_97' title='bbox 1626 743 1883 793; x_wconf 86' lang='lat' dir='ltr'>faciendum,</span> <span class='ocrx_word' id='word_1_98' title='bbox 1922 747 2138 798; x_wconf 78' lang='lat' dir='ltr'><strong>tamquam</strong></span> <span class='ocrx_word' id='word_1_99' title='bbox 2172 743 2224 783; x_wconf 86' lang='lat' dir='ltr'>ab</span> <span class='ocrx_word' id='word_1_100' title='bbox 2257 749 2366 784; x_wconf 86' lang='lat' dir='ltr'>orem</span> 
     </span>
     <span class='ocr_line' id='line_1_10' title="bbox 180 811 2366 868; baseline 0 -16"><span class='ocrx_word' id='word_1_101' title='bbox 180 815 439 867; x_wconf 75' lang='lat' dir='ltr'>processerit</span> <span class='ocrx_word' id='word_1_102' title='bbox 473 815 590 867; x_wconf 80' lang='lat' dir='ltr'>regie</span> <span class='ocrx_word' id='word_1_103' title='bbox 623 814 887 868; x_wconf 78' lang='lat' dir='ltr'>magestatis.</span> <span class='ocrx_word' id='word_1_104' title='bbox 1007 814 1072 867; x_wconf 64' lang='lat'>(3)</span> <span class='ocrx_word' id='word_1_105' title='bbox 1106 813 1390 853; x_wconf 82' lang='lat' dir='ltr'>Decernimus</span> <span class='ocrx_word' id='word_1_106' title='bbox 1429 826 1559 866; x_wconf 90' lang='lat' dir='ltr'>super</span> <span class='ocrx_word' id='word_1_107' title='bbox 1599 812 1753 862; x_wconf 86' lang='lat' dir='ltr'>omnia,</span> <span class='ocrx_word' id='word_1_108' title='bbox 1794 825 1846 852; x_wconf 92' lang='lat' dir='ltr'>ne</span> <span class='ocrx_word' id='word_1_109' title='bbox 1879 811 1932 851; x_wconf 85' lang='lat' dir='ltr'>ab</span> <span class='ocrx_word' id='word_1_110' title='bbox 1972 812 2116 865; x_wconf 83' lang='lat' dir='ltr'>legato</span> <span class='ocrx_word' id='word_1_111' title='bbox 2148 815 2292 852; x_wconf 89' lang='lat' dir='ltr'>nostro</span> <span class='ocrx_word' id='word_1_112' title='bbox 2324 812 2366 852; x_wconf 88' lang='lat' dir='ltr'>in</span> 
     </span>
     <span class='ocr_line' id='line_1_11' title="bbox 179 879 2435 936; baseline -0 -16"><span class='ocrx_word' id='word_1_113' title='bbox 179 882 319 935; x_wconf 86' lang='lat' dir='ltr'>aliquo</span> <span class='ocrx_word' id='word_1_114' title='bbox 353 896 453 922; x_wconf 78' lang='lat' dir='ltr'>casu</span> <span class='ocrx_word' id='word_1_115' title='bbox 487 882 538 922; x_wconf 90' lang='lat' dir='ltr'>ad</span> <span class='ocrx_word' id='word_1_116' title='bbox 578 888 767 922; x_wconf 86' lang='lat' dir='ltr'>nostram</span> <span class='ocrx_word' id='word_1_117' title='bbox 801 881 1064 922; x_wconf 85' lang='lat' dir='ltr'>audientiam</span> <span class='ocrx_word' id='word_1_118' title='bbox 1104 882 1177 921; x_wconf 90' lang='lat' dir='ltr'>fiat</span> <span class='ocrx_word' id='word_1_119' title='bbox 1210 881 1463 936; x_wconf 75' lang='lat' dir='ltr'>appellatio,</span> <span class='ocrx_word' id='word_1_120' title='bbox 1505 879 1579 920; x_wconf 90' lang='lat' dir='ltr'>sed</span> <span class='ocrx_word' id='word_1_121' title='bbox 1620 879 1820 935; x_wconf 86' lang='lat' dir='ltr'>quicquid</span> <span class='ocrx_word' id='word_1_122' title='bbox 1859 880 1950 934; x_wconf 89' lang='lat' dir='ltr'>ipse</span> <span class='ocrx_word' id='word_1_123' title='bbox 1985 881 2077 920; x_wconf 87' lang='lat' dir='ltr'>vice</span> <span class='ocrx_word' id='word_1_124' title='bbox 2111 883 2257 920; x_wconf 86' lang='lat' dir='ltr'>nostra</span> <span class='ocrx_word' id='word_1_125' title='bbox 2287 893 2365 935; x_wconf 88' lang='lat' dir='ltr'>per</span> <span class='ocrx_word' id='word_1_126' title='bbox 2405 896 2435 920; x_wconf 88' lang='grc' dir='ltr'>ιο</span> 
     </span>
     <span class='ocr_line' id='line_1_12' title="bbox 178 948 2364 1005; baseline -0 -16"><span class='ocrx_word' id='word_1_127' title='bbox 178 961 309 989; x_wconf 86' lang='lat' dir='ltr'>totam</span> <span class='ocrx_word' id='word_1_128' title='bbox 346 949 530 991; x_wconf 84' lang='lat' dir='ltr'>Ytaliani</span> <span class='ocrx_word' id='word_1_129' title='bbox 565 957 607 991; x_wconf 86' lang='lat' dir='ltr'>et</span> <span class='ocrx_word' id='word_1_130' title='bbox 645 956 788 1005; x_wconf 90' lang='lat' dir='ltr'>partes</span> <span class='ocrx_word' id='word_1_131' title='bbox 823 950 914 991; x_wconf 90' lang='lat' dir='ltr'>eius</span> <span class='ocrx_word' id='word_1_132' title='bbox 947 950 1103 991; x_wconf 81' lang='lat' dir='ltr'>dixerit</span> <span class='ocrx_word' id='word_1_133' title='bbox 1136 950 1203 991; x_wconf 89' lang='lat' dir='ltr'>vel</span> <span class='ocrx_word' id='word_1_134' title='bbox 1235 950 1400 996; x_wconf 72' lang='lat' dir='ltr'>fecerit,</span> <span class='ocrx_word' id='word_1_135' title='bbox 1438 953 1577 989; x_wconf 85' lang='lat' dir='ltr'>ratum</span> <span class='ocrx_word' id='word_1_136' title='bbox 1622 949 1675 989; x_wconf 88' lang='lat' dir='ltr'>ab</span> <span class='ocrx_word' id='word_1_137' title='bbox 1709 948 1907 989; x_wconf 89' lang='lat' dir='ltr'>omnibus</span> <span class='ocrx_word' id='word_1_138' title='bbox 1942 948 2195 990; x_wconf 69' lang='lat' dir='ltr'>observetur</span> <span class='ocrx_word' id='word_1_139' title='bbox 2225 952 2268 989; x_wconf 90' lang='lat' dir='ltr'>et</span> <span class='ocrx_word' id='word_1_140' title='bbox 2299 948 2364 988; x_wconf 90' lang='lat' dir='ltr'>in-</span> 
     </span>
     <span class='ocr_line' id='line_1_13' title="bbox 179 1017 2364 1074; baseline -0.001 -15"><span class='ocrx_word' id='word_1_141' title='bbox 179 1019 456 1060; x_wconf 78' lang='lat' dir='ltr'>eoniutabile:</span> <span class='ocrx_word' id='word_1_142' title='bbox 490 1019 601 1074; x_wconf 88' lang='lat' dir='ltr'>quod</span> <span class='ocrx_word' id='word_1_143' title='bbox 636 1023 677 1059; x_wconf 85' lang='lat' dir='ltr'>et</span> <span class='ocrx_word' id='word_1_144' title='bbox 709 1032 786 1059; x_wconf 90' lang='lat' dir='ltr'>nos</span> <span class='ocrx_word' id='word_1_145' title='bbox 820 1019 860 1059; x_wconf 89' lang='lat' dir='ltr'>in</span> <span class='ocrx_word' id='word_1_146' title='bbox 894 1018 1081 1059; x_wconf 86' lang='lat' dir='ltr'>adventu</span> <span class='ocrx_word' id='word_1_147' title='bbox 1115 1022 1274 1064; x_wconf 81' lang='lat' dir='ltr'>nostro,</span> <span class='ocrx_word' id='word_1_148' title='bbox 1308 1018 1416 1058; x_wconf 88' lang='lat' dir='ltr'>sicut</span> <span class='ocrx_word' id='word_1_149' title='bbox 1450 1017 1624 1071; x_wconf 86' lang='lat' dir='ltr'>dignum</span> <span class='ocrx_word' id='word_1_150' title='bbox 1658 1021 1734 1066; x_wconf 85' lang='lat' dir='ltr'>est,</span> <span class='ocrx_word' id='word_1_151' title='bbox 1767 1017 2053 1072; x_wconf 89' lang='lat' dir='ltr'>promittimus</span> <span class='ocrx_word' id='word_1_152' title='bbox 2086 1017 2204 1071; x_wconf 84' lang='lat' dir='ltr'>regia</span> <span class='ocrx_word' id='word_1_153' title='bbox 2233 1017 2364 1057; x_wconf 86' lang='lat' dir='ltr'>firmi-</span> 
     </span>
     <span class='ocr_line' id='line_1_14' title="bbox 179 1085 2364 1142; baseline -0 -16"><span class='ocrx_word' id='word_1_154' title='bbox 179 1087 323 1128; x_wconf 85' lang='lat' dir='ltr'>tudine</span> <span class='ocrx_word' id='word_1_155' title='bbox 371 1088 591 1142; x_wconf 86' lang='lat' dir='ltr'>aprobare.</span> <span class='ocrx_word' id='word_1_156' title='bbox 712 1088 772 1141; x_wconf 80' lang='lat'>(4)</span> <span class='ocrx_word' id='word_1_157' title='bbox 816 1087 1072 1127; x_wconf 85' lang='lat' dir='ltr'>Mandamus</span> <span class='ocrx_word' id='word_1_158' title='bbox 1121 1086 1302 1141; x_wconf 88' lang='lat' dir='ltr'>ideoque</span> <span class='ocrx_word' id='word_1_159' title='bbox 1351 1086 1617 1127; x_wconf 84' lang='lat' dir='ltr'>universitati</span> <span class='ocrx_word' id='word_1_160' title='bbox 1659 1089 1799 1126; x_wconf 85' lang='lat' dir='ltr'>vestre</span> <span class='ocrx_word' id='word_1_161' title='bbox 1841 1085 2019 1126; x_wconf 88' lang='lat' dir='ltr'>firmiter</span> <span class='ocrx_word' id='word_1_162' title='bbox 2059 1085 2364 1140; x_wconf 81' lang='lat' dir='ltr'>precipientes,</span> 
     </span>
     <span class='ocr_line' id='line_1_15' title="bbox 178 1153 2364 1211; baseline -0.001 -15"><span class='ocrx_word' id='word_1_163' title='bbox 178 1157 377 1211; x_wconf 76' lang='lat' dir='ltr'>quatinus</span> <span class='ocrx_word' id='word_1_164' title='bbox 422 1156 560 1197; x_wconf 86' lang='lat' dir='ltr'>eidem</span> <span class='ocrx_word' id='word_1_165' title='bbox 605 1157 784 1211; x_wconf 85' lang='lat' dir='ltr'>principi</span> <span class='ocrx_word' id='word_1_166' title='bbox 826 1161 868 1196; x_wconf 91' lang='lat' dir='ltr'>et</span> <span class='ocrx_word' id='word_1_167' title='bbox 913 1157 1055 1210; x_wconf 82' lang='lat' dir='ltr'>legato</span> <span class='ocrx_word' id='word_1_168' title='bbox 1095 1160 1241 1195; x_wconf 88' lang='lat' dir='ltr'>nostro</span> <span class='ocrx_word' id='word_1_169' title='bbox 1281 1155 1322 1194; x_wconf 91' lang='lat' dir='ltr'>in</span> <span class='ocrx_word' id='word_1_170' title='bbox 1363 1154 1562 1195; x_wconf 91' lang='lat' dir='ltr'>omnibus</span> <span class='ocrx_word' id='word_1_171' title='bbox 1600 1158 1643 1194; x_wconf 91' lang='lat' dir='ltr'>et</span> <span class='ocrx_word' id='word_1_172' title='bbox 1688 1168 1765 1209; x_wconf 89' lang='lat' dir='ltr'>per</span> <span class='ocrx_word' id='word_1_173' title='bbox 1801 1154 1942 1194; x_wconf 90' lang='lat' dir='ltr'>omnia</span> <span class='ocrx_word' id='word_1_174' title='bbox 1984 1157 2201 1208; x_wconf 82' lang='lat' dir='ltr'>tamquam</span> <span class='ocrx_word' id='word_1_175' title='bbox 2241 1153 2364 1194; x_wconf 87' lang='lat' dir='ltr'>nobis</span> 
     </span>
     <span class='ocr_line' id='line_1_16' title="bbox 179 1221 2432 1278; baseline -0.001 -14"><span class='ocrx_word' id='word_1_176' title='bbox 179 1225 427 1268; x_wconf 80' lang='lat' dir='ltr'>intendatis,</span> <span class='ocrx_word' id='word_1_177' title='bbox 461 1226 647 1266; x_wconf 73' lang='lat' dir='ltr'>seientes</span> <span class='ocrx_word' id='word_1_178' title='bbox 681 1225 987 1267; x_wconf 81' lang='lat' dir='ltr'>indubitanter.</span> <span class='ocrx_word' id='word_1_179' title='bbox 1021 1224 1132 1278; x_wconf 91' lang='lat' dir='ltr'>quod</span> <span class='ocrx_word' id='word_1_180' title='bbox 1167 1224 1201 1263; x_wconf 89' lang='lat' dir='ltr'>si</span> <span class='ocrx_word' id='word_1_181' title='bbox 1235 1224 1328 1278; x_wconf 87' lang='lat' dir='ltr'>quis</span> <span class='ocrx_word' id='word_1_182' title='bbox 1361 1224 1398 1263; x_wconf 93' lang='lat' dir='ltr'>ei</span> <span class='ocrx_word' id='word_1_183' title='bbox 1431 1224 1471 1263; x_wconf 90' lang='lat' dir='ltr'>in</span> <span class='ocrx_word' id='word_1_184' title='bbox 1505 1223 1649 1277; x_wconf 90' lang='lat' dir='ltr'>aliquo</span> <span class='ocrx_word' id='word_1_185' title='bbox 1683 1223 1827 1263; x_wconf 85' lang='lat' dir='ltr'>oviare</span> <span class='ocrx_word' id='word_1_186' title='bbox 1860 1222 2183 1277; x_wconf 80' lang='lat' dir='ltr'>presumpserit,</span> <span class='ocrx_word' id='word_1_187' title='bbox 2221 1221 2363 1262; x_wconf 84' lang='lat' dir='ltr'>banna</span> <span class='ocrx_word' id='word_1_188' title='bbox 2401 1236 2432 1260; x_wconf 87' lang='lat'>15</span> 
     </span>
     <span class='ocr_line' id='line_1_17' title="bbox 177 1291 2364 1348; baseline -0 -16"><span class='ocrx_word' id='word_1_189' title='bbox 177 1294 228 1333; x_wconf 84' lang='lat' dir='ltr'>ab</span> <span class='ocrx_word' id='word_1_190' title='bbox 273 1295 364 1348; x_wconf 87' lang='lat' dir='ltr'>ipso</span> <span class='ocrx_word' id='word_1_191' title='bbox 408 1299 624 1348; x_wconf 86' lang='lat' dir='ltr'>tamquam</span> <span class='ocrx_word' id='word_1_192' title='bbox 665 1307 686 1333; x_wconf 92' lang='lat' dir='ltr'>a</span> <span class='ocrx_word' id='word_1_193' title='bbox 727 1293 850 1333; x_wconf 93' lang='lat' dir='ltr'>nobis</span> <span class='ocrx_word' id='word_1_194' title='bbox 895 1292 1215 1347; x_wconf 86' lang='lat' dir='ltr'>presentialiter</span> <span class='ocrx_word' id='word_1_195' title='bbox 1259 1291 1447 1346; x_wconf 84' lang='lat' dir='ltr'>inposita</span> <span class='ocrx_word' id='word_1_196' title='bbox 1494 1291 1757 1345; x_wconf 84' lang='lat' dir='ltr'>requiremus</span> <span class='ocrx_word' id='word_1_197' title='bbox 1800 1291 1853 1331; x_wconf 86' lang='lat' dir='ltr'>ab</span> <span class='ocrx_word' id='word_1_198' title='bbox 1896 1291 2060 1336; x_wconf 77' lang='lat' dir='ltr'>eodem,</span> <span class='ocrx_word' id='word_1_199' title='bbox 2104 1305 2183 1332; x_wconf 90' lang='lat' dir='ltr'>nec</span> <span class='ocrx_word' id='word_1_200' title='bbox 2223 1291 2364 1331; x_wconf 85' lang='lat' dir='ltr'>minus</span> 
     </span>
     <span class='ocr_line' id='line_1_18' title="bbox 177 1358 2364 1417; baseline -0 -16"><span class='ocrx_word' id='word_1_201' title='bbox 177 1362 286 1402; x_wconf 85' lang='lat' dir='ltr'>idem</span> <span class='ocrx_word' id='word_1_202' title='bbox 329 1369 686 1417; x_wconf 83' lang='lat' dir='ltr'>presumptuosus</span> <span class='ocrx_word' id='word_1_203' title='bbox 729 1362 1067 1415; x_wconf 80' lang='lat' dir='ltr'>indignationem</span> <span class='ocrx_word' id='word_1_204' title='bbox 1113 1360 1277 1414; x_wconf 85' lang='lat' dir='ltr'>regiam</span> <span class='ocrx_word' id='word_1_205' title='bbox 1324 1373 1369 1400; x_wconf 89' lang='lat' dir='ltr'>se</span> <span class='ocrx_word' id='word_1_206' title='bbox 1412 1360 1580 1400; x_wconf 90' lang='lat' dir='ltr'>noverit</span> <span class='ocrx_word' id='word_1_207' title='bbox 1622 1359 1795 1414; x_wconf 84' lang='lat' dir='ltr'>gravius</span> <span class='ocrx_word' id='word_1_208' title='bbox 1835 1360 2079 1400; x_wconf 87' lang='lat' dir='ltr'>incurrisse.</span> <span class='ocrx_word' id='word_1_209' title='bbox 2198 1358 2263 1414; x_wconf 86' lang='lat'>(5)</span> <span class='ocrx_word' id='word_1_210' title='bbox 2295 1358 2364 1400; x_wconf 88' lang='lat' dir='ltr'>Ad</span> 
     </span>
     <span class='ocr_line' id='line_1_19' title="bbox 178 1427 2364 1485; baseline -0.001 -15"><span class='ocrx_word' id='word_1_211' title='bbox 178 1430 302 1471; x_wconf 82' lang='lat' dir='ltr'>liuius</span> <span class='ocrx_word' id='word_1_212' title='bbox 337 1437 479 1471; x_wconf 85' lang='lat' dir='ltr'>autem</span> <span class='ocrx_word' id='word_1_213' title='bbox 513 1431 738 1485; x_wconf 81' lang='lat' dir='ltr'>legationis</span> <span class='ocrx_word' id='word_1_214' title='bbox 774 1435 916 1470; x_wconf 87' lang='lat' dir='ltr'>nostre</span> <span class='ocrx_word' id='word_1_215' title='bbox 951 1430 1212 1470; x_wconf 87' lang='lat' dir='ltr'>evidentiam</span> <span class='ocrx_word' id='word_1_216' title='bbox 1257 1429 1475 1483; x_wconf 88' lang='lat' dir='ltr'>nostrique</span> <span class='ocrx_word' id='word_1_217' title='bbox 1510 1427 1696 1468; x_wconf 87' lang='lat' dir='ltr'>mandati</span> <span class='ocrx_word' id='word_1_218' title='bbox 1736 1428 1901 1468; x_wconf 89' lang='lat' dir='ltr'>firmam</span> <span class='ocrx_word' id='word_1_219' title='bbox 1935 1428 2252 1469; x_wconf 86' lang='lat' dir='ltr'>observantiam</span> <span class='ocrx_word' id='word_1_220' title='bbox 2286 1428 2364 1469; x_wconf 91' lang='lat' dir='ltr'>sub</span> 
     </span>
     <span class='ocr_line' id='line_1_20' title="bbox 178 1496 2364 1554; baseline -0.001 -15"><span class='ocrx_word' id='word_1_221' title='bbox 178 1500 424 1540; x_wconf 87' lang='lat' dir='ltr'>testimonio</span> <span class='ocrx_word' id='word_1_222' title='bbox 458 1499 797 1554; x_wconf 88' lang='lat' dir='ltr'>subscriptorum</span> <span class='ocrx_word' id='word_1_223' title='bbox 830 1499 910 1539; x_wconf 88' lang='lat' dir='ltr'>hoc</span> <span class='ocrx_word' id='word_1_224' title='bbox 945 1498 1148 1552; x_wconf 87' lang='lat' dir='ltr'>scriptum</span> <span class='ocrx_word' id='word_1_225' title='bbox 1182 1497 1319 1539; x_wconf 90' lang='lat' dir='ltr'>eidem</span> <span class='ocrx_word' id='word_1_226' title='bbox 1354 1497 1497 1551; x_wconf 81' lang='lat' dir='ltr'>legato</span> <span class='ocrx_word' id='word_1_227' title='bbox 1531 1501 1676 1538; x_wconf 87' lang='lat' dir='ltr'>nostro</span> <span class='ocrx_word' id='word_1_228' title='bbox 1701 1496 1896 1537; x_wconf 89' lang='lat' dir='ltr'>dedimus</span> <span class='ocrx_word' id='word_1_229' title='bbox 1921 1511 2052 1538; x_wconf 84' lang='lat' dir='ltr'>aurea</span> <span class='ocrx_word' id='word_1_230' title='bbox 2074 1497 2194 1551; x_wconf 86' lang='lat' dir='ltr'>regie</span> <span class='ocrx_word' id='word_1_231' title='bbox 2217 1510 2364 1552; x_wconf 81' lang='lat' dir='ltr'>mage-</span> 
     </span>
     <span class='ocr_line' id='line_1_21' title="bbox 179 1568 2435 1608; baseline 0.001 -3"><span class='ocrx_word' id='word_1_232' title='bbox 179 1568 301 1607; x_wconf 73' lang='lat' dir='ltr'>statis</span> <span class='ocrx_word' id='word_1_233' title='bbox 336 1568 450 1608; x_wconf 82' lang='lat' dir='ltr'>bulla</span> <span class='ocrx_word' id='word_1_234' title='bbox 487 1568 747 1608; x_wconf 86' lang='lat' dir='ltr'>roboratum.</span> <span class='ocrx_word' id='word_1_235' title='bbox 1165 1580 1172 1583; x_wconf 91' lang='lat'>·</span> <span class='ocrx_word' id='word_1_236' title='bbox 2401 1583 2435 1608; x_wconf 59' lang='grc' dir='ltr'>πο</span> 
     </span>
    </p>

    <p class='ocr_par' dir='ltr' id='par_1_3' title="bbox 174 1632 2434 2034">
     <span class='ocr_line' id='line_1_22' title="bbox 325 1632 2363 1689; baseline -0.001 -12"><span class='ocrx_word' id='word_1_237' title='bbox 325 1637 613 1677; x_wconf 79' lang='lat' dir='ltr'>interfuerunt</span> <span class='ocrx_word' id='word_1_238' title='bbox 646 1641 800 1677; x_wconf 82' lang='lat' dir='ltr'>testes:</span> <span class='ocrx_word' id='word_1_239' title='bbox 836 1635 1047 1676; x_wconf 70' lang='lat' dir='ltr'>Sifridusn</span> <span class='ocrx_word' id='word_1_240' title='bbox 1080 1635 1357 1689; x_wconf 84' lang='lat' dir='ltr'>Magontinus</span> <span class='ocrx_word' id='word_1_241' title='bbox 1381 1633 1747 1689; x_wconf 83' lang='lat' dir='ltr'>archiepiscopuS,</span> <span class='ocrx_word' id='word_1_242' title='bbox 1780 1632 2043 1675; x_wconf 88' lang='lat' dir='ltr'>Teodericus</span> <span class='ocrx_word' id='word_1_243' title='bbox 2067 1633 2363 1686; x_wconf 85' lang='lat' dir='ltr'>Treverensis,</span> 
     </span>
     <span class='ocr_line' id='line_1_23' title="bbox 182 1702 2363 1759; baseline -0.001 -13"><span class='ocrx_word' id='word_1_244' title='bbox 182 1706 502 1759; x_wconf 71' lang='lat' dir='ltr'>tlengelbertus</span> <span class='ocrx_word' id='word_1_245' title='bbox 529 1705 827 1753; x_wconf 45' lang='lat' dir='ltr'>(hunniensis,</span> <span class='ocrx_word' id='word_1_246' title='bbox 853 1704 1055 1745; x_wconf 78' lang='lat' dir='ltr'>Albertus</span> <span class='ocrx_word' id='word_1_247' title='bbox 1079 1703 1468 1759; x_wconf 79' lang='lat' dir='ltr'>Maydeburgensis</span> <span class='ocrx_word' id='word_1_248' title='bbox 1492 1702 1808 1757; x_wconf 85' lang='lat' dir='ltr'>archiepiscopi</span> <span class='ocrx_word' id='word_1_249' title='bbox 1832 1707 1874 1742; x_wconf 84' lang='lat' dir='ltr'>et</span> <span class='ocrx_word' id='word_1_250' title='bbox 1896 1702 2170 1743; x_wconf 90' lang='lat' dir='ltr'>Hecbertus0</span> <span class='ocrx_word' id='word_1_251' title='bbox 2193 1702 2363 1744; x_wconf 85' lang='lat' dir='ltr'>Baben-</span> 
     </span>
     <span class='ocr_line' id='line_1_24' title="bbox 176 1770 2364 1829; baseline 0 -17"><span class='ocrx_word' id='word_1_252' title='bbox 176 1774 425 1827; x_wconf 66' lang='lat' dir='ltr'>bergensisp</span> <span class='ocrx_word' id='word_1_253' title='bbox 459 1775 701 1829; x_wconf 77' lang='lat' dir='ltr'>episcopus,</span> <span class='ocrx_word' id='word_1_254' title='bbox 743 1773 958 1813; x_wconf 80' lang='lat' dir='ltr'>Lodoieus</span> <span class='ocrx_word' id='word_1_255' title='bbox 993 1786 1135 1813; x_wconf 86' lang='lat' dir='ltr'>comes</span> <span class='ocrx_word' id='word_1_256' title='bbox 1168 1773 1412 1827; x_wconf 80' lang='lat' dir='ltr'>palatinusq</span> <span class='ocrx_word' id='word_1_257' title='bbox 1445 1771 1554 1812; x_wconf 89' lang='lat' dir='ltr'>Reni</span> <span class='ocrx_word' id='word_1_258' title='bbox 1589 1778 1631 1812; x_wconf 90' lang='lat' dir='ltr'>et</span> <span class='ocrx_word' id='word_1_259' title='bbox 1663 1771 1751 1812; x_wconf 85' lang='lat' dir='ltr'>dux</span> <span class='ocrx_word' id='word_1_260' title='bbox 1783 1771 1995 1821; x_wconf 88' lang='lat' dir='ltr'>Bawerie,</span> <span class='ocrx_word' id='word_1_261' title='bbox 2027 1770 2243 1812; x_wconf 82' lang='lat' dir='ltr'>Hanricus</span> <span class='ocrx_word' id='word_1_262' title='bbox 2276 1771 2364 1812; x_wconf 85' lang='lat' dir='ltr'>dux</span> 
     </span>
     <span class='ocr_line' id='line_1_25' title="bbox 174 1839 2364 1896; baseline -0.001 -14"><span class='ocrx_word' id='word_1_263' title='bbox 174 1842 425 1882; x_wconf 87' lang='lat' dir='ltr'>Brabantie.</span> <span class='ocrx_word' id='word_1_264' title='bbox 467 1842 695 1896; x_wconf 67' lang='lat' dir='ltr'>Lodoycus</span> <span class='ocrx_word' id='word_1_265' title='bbox 730 1841 1011 1895; x_wconf 85' lang='lat' dir='ltr'>lantigravius</span> <span class='ocrx_word' id='word_1_266' title='bbox 1045 1841 1287 1895; x_wconf 84' lang='lat' dir='ltr'>Turringie,</span> <span class='ocrx_word' id='word_1_267' title='bbox 1321 1840 1576 1880; x_wconf 60' lang='lat' dir='ltr'>WVernerius</span> <span class='ocrx_word' id='word_1_268' title='bbox 1609 1839 1661 1880; x_wconf 89' lang='lat' dir='ltr'>de</span> <span class='ocrx_word' id='word_1_269' title='bbox 1694 1839 1892 1880; x_wconf 82' lang='lat' dir='ltr'>Bolanda</span> <span class='ocrx_word' id='word_1_270' title='bbox 1923 1839 2090 1894; x_wconf 83' lang='lat' dir='ltr'>dapifer</span> <span class='ocrx_word' id='word_1_271' title='bbox 2121 1840 2287 1895; x_wconf 86' lang='lat' dir='ltr'>imperii</span> <span class='ocrx_word' id='word_1_272' title='bbox 2321 1845 2364 1881; x_wconf 93' lang='lat' dir='ltr'>et</span> 
     </span>
     <span class='ocr_line' id='line_1_26' title="bbox 174 1907 2434 1964; baseline -0 -14"><span class='ocrx_word' id='word_1_273' title='bbox 174 1911 305 1951; x_wconf 86' lang='lat' dir='ltr'>frater</span> <span class='ocrx_word' id='word_1_274' title='bbox 346 1924 445 1950; x_wconf 80' lang='lat' dir='ltr'>suus</span> <span class='ocrx_word' id='word_1_275' title='bbox 479 1910 569 1954; x_wconf 78' lang='lat' dir='ltr'><strong>Ph..</strong></span> <span class='ocrx_word' id='word_1_276' title='bbox 618 1911 849 1951; x_wconf 88' lang='lat' dir='ltr'>Anselmus</span> <span class='ocrx_word' id='word_1_277' title='bbox 893 1910 945 1950; x_wconf 88' lang='lat' dir='ltr'>de</span> <span class='ocrx_word' id='word_1_278' title='bbox 988 1910 1235 1964; x_wconf 82' lang='lat' dir='ltr'>Iustingenr</span> <span class='ocrx_word' id='word_1_279' title='bbox 1278 1909 1564 1950; x_wconf 81' lang='lat' dir='ltr'>marescalcus</span> <span class='ocrx_word' id='word_1_280' title='bbox 1604 1909 1793 1963; x_wconf 90' lang='lat' dir='ltr'>imperii,</span> <span class='ocrx_word' id='word_1_281' title='bbox 1836 1907 2117 1962; x_wconf 86' lang='lat' dir='ltr'>Beringerius</span> <span class='ocrx_word' id='word_1_282' title='bbox 2156 1909 2361 1963; x_wconf 84' lang='lat' dir='ltr'>pincerna</span> <span class='ocrx_word' id='word_1_283' title='bbox 2402 1928 2434 1954; x_wconf 73' lang='lat'>25</span> 
     </span>
     <span class='ocr_line' id='line_1_27' title="bbox 174 1979 888 2034; baseline 0.003 -15"><span class='ocrx_word' id='word_1_284' title='bbox 174 1980 356 2033; x_wconf 82' lang='lat' dir='ltr'>imperii.</span> <span class='ocrx_word' id='word_1_285' title='bbox 391 1984 432 2019; x_wconf 85' lang='lat' dir='ltr'>et</span> <span class='ocrx_word' id='word_1_286' title='bbox 465 1980 535 2019; x_wconf 92' lang='lat' dir='ltr'>alii</span> <span class='ocrx_word' id='word_1_287' title='bbox 570 1993 695 2033; x_wconf 82' lang='lat' dir='ltr'>quam</span> <span class='ocrx_word' id='word_1_288' title='bbox 728 1979 888 2034; x_wconf 82' lang='lat' dir='ltr'>plures.</span> 
     </span>
    </p>

    <p class='ocr_par' dir='ltr' id='par_1_4' title="bbox 174 2044 2362 2170">
     <span class='ocr_line' id='line_1_28' title="bbox 318 2044 2362 2101; baseline -0.001 -14"><span class='ocrx_word' id='word_1_289' title='bbox 318 2048 473 2088; x_wconf 77' lang='lat' dir='ltr'>Actum</span> <span class='ocrx_word' id='word_1_290' title='bbox 516 2048 559 2087; x_wconf 90' lang='lat' dir='ltr'>in</span> <span class='ocrx_word' id='word_1_291' title='bbox 593 2047 905 2088; x_wconf 79' lang='lat' dir='ltr'>Frankenfurts</span> <span class='ocrx_word' id='word_1_292' title='bbox 944 2048 986 2088; x_wconf 90' lang='lat' dir='ltr'>in</span> <span class='ocrx_word' id='word_1_293' title='bbox 1031 2048 1146 2088; x_wconf 85' lang='lat' dir='ltr'>curia</span> <span class='ocrx_word' id='word_1_294' title='bbox 1186 2047 1408 2101; x_wconf 80' lang='lat' dir='ltr'>solempni,</span> <span class='ocrx_word' id='word_1_295' title='bbox 1448 2060 1559 2087; x_wconf 88' lang='lat' dir='ltr'>anno</span> <span class='ocrx_word' id='word_1_296' title='bbox 1593 2045 1767 2085; x_wconf 89' lang='lat' dir='ltr'>Domini</span> <span class='ocrx_word' id='word_1_297' title='bbox 1803 2045 2029 2085; x_wconf 86' lang='lat' dir='ltr'>millesimo</span> <span class='ocrx_word' id='word_1_298' title='bbox 2063 2044 2362 2085; x_wconf 87' lang='lat' dir='ltr'>ducentesimo</span> 
     </span>
     <span class='ocr_line' id='line_1_29' title="bbox 174 2105 1996 2170; baseline -0.001 -14"><span class='ocrx_word' id='word_1_299' title='bbox 174 2117 391 2170; x_wconf 76' lang='lat' dir='ltr'>vigesimo.</span> <span class='ocrx_word' id='word_1_300' title='bbox 426 2117 572 2170; x_wconf 88' lang='lat' dir='ltr'>quinto</span> <span class='ocrx_word' id='word_1_301' title='bbox 606 2115 770 2156; x_wconf 81' lang='lat' dir='ltr'>decimo</span> <span class='ocrx_word' id='word_1_302' title='bbox 803 2115 1027 2156; x_wconf 84' lang='lat' dir='ltr'>Kalendas</span> <span class='ocrx_word' id='word_1_303' title='bbox 1064 2115 1206 2162; x_wconf 73' lang='lat' dir='ltr'>Madii,</span> <span class='ocrx_word' id='word_1_304' title='bbox 1240 2116 1473 2156; x_wconf 87' lang='lat' dir='ltr'>indictione</span> <span class='ocrx_word' id='word_1_305' title='bbox 1507 2119 1672 2155; x_wconf 83' lang='lat' dir='ltr'>octava.</span> <span class='ocrx_word' id='word_1_306' title='bbox 1986 2105 1996 2109; x_wconf 57' lang='grc'><em>’</em></span> 
     </span>
    </p>
   </div>
   <div class='ocr_carea' id='block_1_3' title="bbox 289 2541 2428 2843">
    <p class='ocr_par' dir='ltr' id='par_1_5' title="bbox 289 2541 2428 2843">
     <span class='ocr_line' id='line_1_30' title="bbox 529 2541 2011 2641; baseline 0 -28"><span class='ocrx_word' id='word_1_307' title='bbox 529 2545 614 2613; x_wconf 69' lang='grc'>72.</span> <span class='ocrx_word' id='word_1_308' title='bbox 667 2541 1303 2614; x_wconf 65' lang='lat' dir='ltr'>CONSENSUS</span> <span class='ocrx_word' id='word_1_309' title='bbox 1358 2541 2011 2641; x_wconf 60' lang='lat' dir='ltr'><strong>PRINQIPUM</strong></span> 
     </span>
     <span class='ocr_line' id='line_1_31' title="bbox 289 2654 2428 2728; baseline -0.004 0"><span class='ocrx_word' id='word_1_310' title='bbox 289 2657 430 2728; x_wconf 81' lang='lat' dir='ltr'>DE</span> <span class='ocrx_word' id='word_1_311' title='bbox 486 2656 1650 2728; x_wconf 75' lang='lat' dir='ltr'><strong>RECUPERATIONIBUS</strong></span> <span class='ocrx_word' id='word_1_312' title='bbox 1704 2654 2250 2727; x_wconf 81' lang='lat' dir='ltr'><strong>ROMANAE</strong></span> <span class='ocrx_word' id='word_1_313' title='bbox 2395 2689 2428 2715; x_wconf 70' lang='lat'>20</span> 
     </span>
     <span class='ocr_line' id='line_1_32' title="bbox 399 2768 2136 2843; baseline -0.002 -1"><span class='ocrx_word' id='word_1_314' title='bbox 399 2771 993 2843; x_wconf 78' lang='lat' dir='ltr'><strong>ECCLESIAE</strong></span> <span class='ocrx_word' id='word_1_315' title='bbox 1044 2772 1175 2842; x_wconf 81' lang='lat' dir='ltr'>ET</span> <span class='ocrx_word' id='word_1_316' title='bbox 1224 2771 1602 2843; x_wconf 75' lang='lat' dir='ltr'>REGNO</span> <span class='ocrx_word' id='word_1_317' title='bbox 1648 2768 2136 2842; x_wconf 79' lang='lat' dir='ltr'><strong>SICILIAE.</strong></span> 
     </span>
    </p>
   </div>
   <div class='ocr_carea' id='block_1_4' title="bbox 1066 2897 1467 2954">
    <p class='ocr_par' dir='ltr' id='par_1_6' title="bbox 1066 2897 1467 2954">
     <span class='ocr_line' id='line_1_33' title="bbox 1066 2897 1467 2954; baseline 0.002 -12"><span class='ocrx_word' id='word_1_318' title='bbox 1066 2897 1208 2944; x_wconf 63' lang='lat' dir='ltr'>1a20.</span> <span class='ocrx_word' id='word_1_319' title='bbox 1247 2897 1365 2954; x_wconf 82' lang='lat' dir='ltr'>Apr.</span> <span class='ocrx_word' id='word_1_320' title='bbox 1390 2897 1467 2943; x_wconf 65' lang='lat'>23.</span> 
     </span>
    </p>
   </div>
   <div class='ocr_carea' id='block_1_5' title="bbox 167 3034 2422 3429">
    <p class='ocr_par' dir='ltr' id='par_1_7' title="bbox 167 3034 2422 3429">
     <span class='ocr_line' id='line_1_34' title="bbox 312 3034 2357 3092; baseline -0.002 -13"><span class='ocrx_word' id='word_1_321' title='bbox 312 3037 393 3079; x_wconf 81' lang='lat' dir='ltr'>Per</span> <span class='ocrx_word' id='word_1_322' title='bbox 433 3039 640 3090; x_wconf 68' lang='lat' dir='ltr'>scriptum,</span> <span class='ocrx_word' id='word_1_323' title='bbox 684 3038 793 3090; x_wconf 74' lang='lat' dir='ltr'>qnod</span> <span class='ocrx_word' id='word_1_324' title='bbox 825 3039 1084 3092; x_wconf 71' lang='lat' dir='ltr'>proposituri</span> <span class='ocrx_word' id='word_1_325' title='bbox 1124 3051 1277 3088; x_wconf 76' lang='lat' dir='ltr'>sumus,</span> <span class='ocrx_word' id='word_1_326' title='bbox 1308 3039 1522 3090; x_wconf 65' lang='lat' dir='ltr'>principes</span> <span class='ocrx_word' id='word_1_327' title='bbox 1563 3037 1726 3089; x_wconf 68' lang='lat' dir='ltr'>imperii</span> <span class='ocrx_word' id='word_1_328' title='bbox 1767 3048 2008 3076; x_wconf 76' lang='lat' dir='ltr'>consensum</span> <span class='ocrx_word' id='word_1_329' title='bbox 2044 3034 2243 3075; x_wconf 76' lang='lat' dir='ltr'>dederunt</span> <span class='ocrx_word' id='word_1_330' title='bbox 2273 3047 2357 3075; x_wconf 91' lang='lat' dir='ltr'>non</span> 
     </span>
     <span class='ocr_line' id='line_1_35' title="bbox 168 3101 2354 3158; baseline -0.001 -14"><span class='ocrx_word' id='word_1_331' title='bbox 168 3106 298 3146; x_wconf 76' lang='lat' dir='ltr'>solum</span> <span class='ocrx_word' id='word_1_332' title='bbox 329 3105 384 3145; x_wconf 78' lang='lat' dir='ltr'>ad</span> <span class='ocrx_word' id='word_1_333' title='bbox 410 3106 675 3158; x_wconf 60' lang='lat' dir='ltr'>privilegium</span> <span class='ocrx_word' id='word_1_334' title='bbox 707 3106 974 3146; x_wconf 74' lang='lat' dir='ltr'>novissimum</span> <span class='ocrx_word' id='word_1_335' title='bbox 996 3104 1042 3145; x_wconf 86' lang='lat' dir='ltr'><em>F</em></span> <span class='ocrx_word' id='word_1_336' title='bbox 1040 3104 1208 3145; x_wconf 73' lang='lat' dir='ltr'>riclerz&#39;cz·</span> <span class='ocrx_word' id='word_1_337' title='bbox 1231 3104 1294 3145; x_wconf 92' lang='lat' dir='ltr'>II.</span> <span class='ocrx_word' id='word_1_338' title='bbox 1328 3105 1436 3156; x_wconf 68' lang='lat' dir='ltr'>rcqz&#39;s</span> <span class='ocrx_word' id='word_1_339' title='bbox 1467 3103 1768 3157; x_wconf 68' lang='lat' dir='ltr'>(Haqcnowiac</span> <span class='ocrx_word' id='word_1_340' title='bbox 1789 3118 1828 3146; x_wconf 80' lang='grc' dir='ltr'>α.</span> <span class='ocrx_word' id='word_1_341' title='bbox 1848 3104 1956 3144; x_wconf 85' lang='grc'><em>1219</em></span> <span class='ocrx_word' id='word_1_342' title='bbox 1980 3117 2032 3145; x_wconf 79' lang='lat' dir='ltr'>m.</span> <span class='ocrx_word' id='word_1_343' title='bbox 2055 3102 2165 3154; x_wconf 76' lang='lat' dir='ltr'>Sept.</span> <span class='ocrx_word' id='word_1_344' title='bbox 2197 3101 2354 3152; x_wconf 77' lang='lat' dir='ltr'>datu-m,</span> 
     </span>
     <span class='ocr_line' id='line_1_36' title="bbox 168 3170 2422 3225; baseline -0 -13"><span class='ocrx_word' id='word_1_345' title='bbox 168 3187 296 3225; x_wconf 75' lang='lat' dir='ltr'>supra</span> <span class='ocrx_word' id='word_1_346' title='bbox 328 3187 392 3214; x_wconf 80' lang='lat' dir='ltr'>nr.</span> <span class='ocrx_word' id='word_1_347' title='bbox 417 3174 502 3223; x_wconf 75' lang='lat'>65),</span> <span class='ocrx_word' id='word_1_348' title='bbox 534 3173 641 3225; x_wconf 75' lang='lat' dir='ltr'>quod</span> <span class='ocrx_word' id='word_1_349' title='bbox 669 3173 725 3214; x_wconf 79' lang='lat' dir='ltr'>ad</span> <span class='ocrx_word' id='word_1_350' title='bbox 754 3174 1079 3225; x_wconf 69' lang='lat' dir='ltr'>recuperationes</span> <span class='ocrx_word' id='word_1_351' title='bbox 1111 3172 1329 3214; x_wconf 73' lang='lat' dir='ltr'>Romanae</span> <span class='ocrx_word' id='word_1_352' title='bbox 1359 3173 1547 3214; x_wconf 69' lang='lat' dir='ltr'>eeclesiae</span> <span class='ocrx_word' id='word_1_353' title='bbox 1568 3173 1787 3224; x_wconf 74' lang='lat' dir='ltr'>spectabat,</span> <span class='ocrx_word' id='word_1_354' title='bbox 1818 3172 1888 3213; x_wconf 80' lang='lat' dir='ltr'>scd</span> <span class='ocrx_word' id='word_1_355' title='bbox 1916 3172 2039 3212; x_wconf 71' lang='lat' dir='ltr'>ctiam</span> <span class='ocrx_word' id='word_1_356' title='bbox 2069 3170 2126 3211; x_wconf 79' lang='lat' dir='ltr'>ad</span> <span class='ocrx_word' id='word_1_357' title='bbox 2155 3170 2354 3222; x_wconf 75' lang='lat' dir='ltr'>scriptum</span> <span class='ocrx_word' id='word_1_358' title='bbox 2389 3186 2422 3211; x_wconf 78' lang='lat'>³5</span> 
     </span>
     <span class='ocr_line' id='line_1_37' title="bbox 167 3239 2352 3294; baseline -0.001 -13"><span class='ocrx_word' id='word_1_359' title='bbox 167 3241 343 3281; x_wconf 62' lang='lat' dir='ltr'>eiusdem</span> <span class='ocrx_word' id='word_1_360' title='bbox 377 3242 643 3282; x_wconf 66' lang='lat' dir='ltr'>novissimum</span> <span class='ocrx_word' id='word_1_361' title='bbox 674 3241 972 3294; x_wconf 67' lang='lat' dir='ltr'>(Hasycnozviccc</span> <span class='ocrx_word' id='word_1_362' title='bbox 1002 3256 1041 3283; x_wconf 83' lang='grc' dir='ltr'>α.</span> <span class='ocrx_word' id='word_1_363' title='bbox 1066 3242 1176 3282; x_wconf 87' lang='grc'><em>1220</em></span> <span class='ocrx_word' id='word_1_364' title='bbox 1207 3241 1330 3282; x_wconf 76' lang='lat' dir='ltr'>Febr.</span> <span class='ocrx_word' id='word_1_365' title='bbox 1355 3243 1408 3280; x_wconf 83' lang='lat'>10</span> <span class='ocrx_word' id='word_1_366' title='bbox 1439 3241 1592 3291; x_wconf 61' lang='lat' dir='ltr'>datum,</span> <span class='ocrx_word' id='word_1_367' title='bbox 1623 3254 1752 3294; x_wconf 77' lang='lat' dir='ltr'>supra</span> <span class='ocrx_word' id='word_1_368' title='bbox 1783 3253 1848 3282; x_wconf 85' lang='lat' dir='ltr'>nr.</span> <span class='ocrx_word' id='word_1_369' title='bbox 1873 3240 1958 3293; x_wconf 86' lang='lat'>70),</span> <span class='ocrx_word' id='word_1_370' title='bbox 1996 3252 2074 3291; x_wconf 80' lang='lat' dir='ltr'>quo</span> <span class='ocrx_word' id='word_1_371' title='bbox 2105 3239 2205 3279; x_wconf 77' lang='lat' dir='ltr'>unio</span> <span class='ocrx_word' id='word_1_372' title='bbox 2233 3239 2352 3291; x_wconf 66' lang='lat' dir='ltr'>regni</span> 
     </span>
     <span class='ocr_line' id='line_1_38' title="bbox 168 3306 2354 3362; baseline -0.001 -13"><span class='ocrx_word' id='word_1_373' title='bbox 168 3309 301 3349; x_wconf 73' lang='lat' dir='ltr'>Siculi</span> <span class='ocrx_word' id='word_1_374' title='bbox 331 3312 367 3349; x_wconf 72' lang='lat' dir='ltr'>et</span> <span class='ocrx_word' id='word_1_375' title='bbox 400 3310 562 3360; x_wconf 72' lang='lat' dir='ltr'>imperii</span> <span class='ocrx_word' id='word_1_376' title='bbox 594 3310 829 3361; x_wconf 63' lang='lat' dir='ltr'>necabatur.</span> <span class='ocrx_word' id='word_1_377' title='bbox 899 3310 1013 3362; x_wconf 66' lang='lat' dir='ltr'>Eryo</span> <span class='ocrx_word' id='word_1_378' title='bbox 1046 3310 1164 3361; x_wconf 75' lang='lat' dir='ltr'>prior</span> <span class='ocrx_word' id='word_1_379' title='bbox 1203 3310 1413 3361; x_wconf 75' lang='lat' dir='ltr'>maiorque</span> <span class='ocrx_word' id='word_1_380' title='bbox 1451 3311 1539 3349; x_wconf 75' lang='lat' dir='ltr'>ains</span> <span class='ocrx_word' id='word_1_381' title='bbox 1568 3321 1676 3360; x_wconf 77' lang='lat' dir='ltr'>pars</span> <span class='ocrx_word' id='word_1_382' title='bbox 1708 3309 1789 3349; x_wconf 77' lang='lat' dir='ltr'>niti</span> <span class='ocrx_word' id='word_1_383' title='bbox 1818 3321 1901 3348; x_wconf 89' lang='lat' dir='ltr'>non</span> <span class='ocrx_word' id='word_1_384' title='bbox 1928 3310 2058 3359; x_wconf 74' lang='lat' dir='ltr'>potest</span> <span class='ocrx_word' id='word_1_385' title='bbox 2086 3307 2172 3348; x_wconf 78' lang='lat' dir='ltr'>nisi</span> <span class='ocrx_word' id='word_1_386' title='bbox 2201 3306 2354 3358; x_wconf 73' lang='lat' dir='ltr'>scripto</span> 
     </span>
     <span class='ocr_line' id='line_1_39' title="bbox 169 3374 2354 3429; baseline -0.001 -13"><span class='ocrx_word' id='word_1_387' title='bbox 169 3378 244 3416; x_wconf 69' lang='lat' dir='ltr'>isto</span> <span class='ocrx_word' id='word_1_388' title='bbox 285 3390 504 3417; x_wconf 73' lang='lat' dir='ltr'>consensus</span> <span class='ocrx_word' id='word_1_389' title='bbox 541 3377 747 3428; x_wconf 70' lang='lat' dir='ltr'>deperdito</span> <span class='ocrx_word' id='word_1_390' title='bbox 785 3381 820 3418; x_wconf 75' lang='lat' dir='ltr'>ct</span> <span class='ocrx_word' id='word_1_391' title='bbox 857 3378 922 3419; x_wconf 74' lang='lat' dir='ltr'>hic</span> <span class='ocrx_word' id='word_1_392' title='bbox 961 3378 1140 3425; x_wconf 76' lang='lat' dir='ltr'>laudato,</span> <span class='ocrx_word' id='word_1_393' title='bbox 1183 3378 1291 3429; x_wconf 76' lang='lat' dir='ltr'>quod</span> <span class='ocrx_word' id='word_1_394' title='bbox 1326 3378 1538 3428; x_wconf 64' lang='lat' dir='ltr'>principes</span> <span class='ocrx_word' id='word_1_395' title='bbox 1573 3391 1610 3417; x_wconf 81' lang='grc' dir='ltr'>α.</span> <span class='ocrx_word' id='word_1_396' title='bbox 1640 3378 1747 3417; x_wconf 84' lang='grc'><em>1213</em></span> <span class='ocrx_word' id='word_1_397' title='bbox 1777 3389 1848 3417; x_wconf 75' lang='lat' dir='ltr'>scu</span> <span class='ocrx_word' id='word_1_398' title='bbox 1880 3377 1990 3416; x_wconf 74' lang='lat'><strong><em>1214</em></strong></span> <span class='ocrx_word' id='word_1_399' title='bbox 2032 3374 2354 3416; x_wconf 71' lang='lat' dir='ltr'>concessionibus</span> 
     </span>
    </p>
   </div>
   <div class='ocr_carea' id='block_1_6' title="bbox 166 3510 2420 3667">
    <p class='ocr_par' dir='ltr' id='par_1_8' title="bbox 166 3510 2420 3667">
     <span class='ocr_line' id='line_1_40' title="bbox 307 3510 2348 3556; baseline -0 -13"><span class='ocrx_word' id='word_1_400' title='bbox 307 3510 364 3543; x_wconf 73' lang='lat' dir='ltr'>&#39;c&#39;l-</span> <span class='ocrx_word' id='word_1_401' title='bbox 399 3510 430 3553; x_wconf 70' lang='lat'>¹¹)</span> <span class='ocrx_word' id='word_1_402' title='bbox 457 3514 614 3554; x_wconf 81' lang='lat' dir='ltr'>9stitutas</span> <span class='ocrx_word' id='word_1_403' title='bbox 641 3525 666 3545; x_wconf 89' lang='lat' dir='ltr'>c.</span> <span class='ocrx_word' id='word_1_404' title='bbox 784 3513 805 3554; x_wconf 86' lang='lat' dir='ltr'>i)</span> <span class='ocrx_word' id='word_1_405' title='bbox 833 3520 865 3546; x_wconf 87' lang='lat' dir='ltr'>et</span> <span class='ocrx_word' id='word_1_406' title='bbox 889 3525 961 3546; x_wconf 85' lang='lat' dir='ltr'>eam</span> <span class='ocrx_word' id='word_1_407' title='bbox 987 3526 1074 3545; x_wconf 81' lang='lat' dir='ltr'>corr.</span> <span class='ocrx_word' id='word_1_408' title='bbox 1101 3515 1203 3546; x_wconf 86' lang='lat' dir='ltr'>etiam</span> <span class='ocrx_word' id='word_1_409' title='bbox 1228 3526 1254 3546; x_wconf 80' lang='lat' dir='ltr'>c.</span> <span class='ocrx_word' id='word_1_410' title='bbox 1371 3512 1404 3556; x_wconf 85' lang='lat' dir='ltr'>k)</span> <span class='ocrx_word' id='word_1_411' title='bbox 1430 3514 1613 3556; x_wconf 74' lang='lat' dir='ltr'>osititieudi</span> <span class='ocrx_word' id='word_1_412' title='bbox 1640 3524 1666 3545; x_wconf 85' lang='lat' dir='ltr'>c.</span> <span class='ocrx_word' id='word_1_413' title='bbox 1768 3510 1792 3553; x_wconf 82' lang='grc'>1)</span> <span class='ocrx_word' id='word_1_414' title='bbox 1817 3512 2002 3546; x_wconf 82' lang='lat' dir='ltr'>statuendis</span> <span class='ocrx_word' id='word_1_415' title='bbox 2027 3523 2054 3543; x_wconf 85' lang='lat' dir='ltr'>c.</span> <span class='ocrx_word' id='word_1_416' title='bbox 2148 3510 2190 3549; x_wconf 83' lang='lat' dir='ltr'>m)</span> <span class='ocrx_word' id='word_1_417' title='bbox 2216 3511 2297 3543; x_wconf 86' lang='lat' dir='ltr'>hore</span> <span class='ocrx_word' id='word_1_418' title='bbox 2322 3521 2348 3542; x_wconf 88' lang='lat' dir='ltr'>c.</span> 
     </span>
     <span class='ocr_line' id='line_1_41' title="bbox 168 3565 2420 3612; baseline 0 -13"><span class='ocrx_word' id='word_1_419' title='bbox 168 3574 199 3608; x_wconf 80' lang='lat'>¹¹)</span> <span class='ocrx_word' id='word_1_420' title='bbox 228 3569 377 3600; x_wconf 73' lang='lat' dir='ltr'>Sisi-edus</span> <span class='ocrx_word' id='word_1_421' title='bbox 403 3570 519 3601; x_wconf 74' lang='lat' dir='ltr'>eadem</span> <span class='ocrx_word' id='word_1_422' title='bbox 546 3581 648 3601; x_wconf 80' lang='lat' dir='ltr'>manu</span> <span class='ocrx_word' id='word_1_423' title='bbox 673 3581 760 3602; x_wconf 75' lang='lat' dir='ltr'>corr.</span> <span class='ocrx_word' id='word_1_424' title='bbox 787 3572 929 3603; x_wconf 83' lang='lat' dir='ltr'>Sifridus</span> <span class='ocrx_word' id='word_1_425' title='bbox 957 3582 982 3602; x_wconf 86' lang='lat' dir='ltr'>c.</span> <span class='ocrx_word' id='word_1_426' title='bbox 1123 3574 1154 3610; x_wconf 77' lang='lat'>0)</span> <span class='ocrx_word' id='word_1_427' title='bbox 1183 3566 1308 3603; x_wconf 59' lang='lat' dir='ltr'>luemus</span> <span class='ocrx_word' id='word_1_428' title='bbox 1334 3582 1359 3603; x_wconf 87' lang='lat' dir='ltr'>c.</span> <span class='ocrx_word' id='word_1_429' title='bbox 1477 3571 1509 3611; x_wconf 78' lang='lat' dir='ltr'>P)</span> <span class='ocrx_word' id='word_1_430' title='bbox 1537 3570 1723 3612; x_wconf 74' lang='lat' dir='ltr'>Babengen</span> <span class='ocrx_word' id='word_1_431' title='bbox 1749 3581 1775 3602; x_wconf 86' lang='lat' dir='ltr'>c.</span> <span class='ocrx_word' id='word_1_432' title='bbox 1893 3568 1925 3607; x_wconf 85' lang='lat' dir='ltr'>q)</span> <span class='ocrx_word' id='word_1_433' title='bbox 1951 3566 2083 3610; x_wconf 65' lang='lat' dir='ltr'>campis</span> <span class='ocrx_word' id='word_1_434' title='bbox 2108 3578 2134 3599; x_wconf 88' lang='lat' dir='ltr'>c.</span> <span class='ocrx_word' id='word_1_435' title='bbox 2244 3565 2271 3608; x_wconf 88' lang='lat' dir='ltr'>r)</span> <span class='ocrx_word' id='word_1_436' title='bbox 2295 3568 2349 3599; x_wconf 92' lang='lat' dir='ltr'>Iu·</span> <span class='ocrx_word' id='word_1_437' title='bbox 2386 3576 2420 3601; x_wconf 76' lang='lat'>40</span> 
     </span>
     <span class='ocr_line' id='line_1_42' title="bbox 166 3625 762 3667; baseline 0.003 -11"><span class='ocrx_word' id='word_1_438' title='bbox 166 3626 274 3667; x_wconf 84' lang='lat' dir='ltr'>stigen</span> <span class='ocrx_word' id='word_1_439' title='bbox 301 3637 324 3658; x_wconf 85' lang='lat' dir='ltr'>c.</span> <span class='ocrx_word' id='word_1_440' title='bbox 444 3625 471 3663; x_wconf 69' lang='grc' dir='ltr'>Β)</span> <span class='ocrx_word' id='word_1_441' title='bbox 498 3627 711 3658; x_wconf 81' lang='lat' dir='ltr'>Frankenfur</span> <span class='ocrx_word' id='word_1_442' title='bbox 738 3638 762 3659; x_wconf 77' lang='lat' dir='ltr'>c.</span> 
     </span>
    </p>
   </div>
  </div>
 </body>
</html>
