2558 3970
81 918 112 942 10

78 1265 110 1289 15

79 1609 112 1634 20

81 2470 113 2496 25

82 2973 114 2999 30

670 161 913 196 FRIDERICI
941 161 988 196 ΙΙ.
1014 159 1448 196 CONSTITUTIONES.
1502 161 1599 195 1223.
1650 161 1713 194 Nr.
1731 161 1786 195 97.
1813 161 1867 195 98.
2288 166 2356 203 121

147 279 340 328 labores,
380 294 462 334 que
503 278 834 334 infatigabiliter
871 277 924 317 ad
967 277 1177 317 honorem
1221 276 1387 331 imperii
1433 277 1597 331 pluries
1639 277 1722 318 iam
1770 278 1925 318 fecisti.
1970 279 2158 331 gratuito
2204 279 2361 318 intuitu

147 349 256 391 adeo
290 349 373 390 iam
396 349 634 404 perspexit,
658 343 781 403 ‘quod
805 351 952 387 nostro
977 345 1134 386 iudicio
1159 344 1331 386 videtur
1355 344 1598 386 condecens
1623 351 1666 386 et
1692 346 1918 386 honestum
1942 346 2040 386 fidei
2065 351 2136 387 tue
2162 348 2361 388 meritum

149 418 298 473 aliqua
330 417 622 459 retribucione
656 416 876 471 respicere
912 420 954 456 et
987 413 1291 470 impendiorum
1324 418 1493 454 tuorum
1529 428 1662 455 onera
1696 415 1928 469 aliquantis
1964 414 2016 456 ad
2051 429 2232 469 presens
2259 416 2360 455 snb-

148 487 269 528 sidiis
302 487 512 529 relevare.
572 485 785 527 Volentes
818 485 968 539 igitur,
1008 489 1055 524 ut
1097 483 1286 524 fructus‘³
1329 483 1389 524 tui
1432 483 1628 538 obsequii
1673 484 1825 539 aliquis
1867 489 2075 540 appareat
2109 489 2152 525 et
2185 485 2360 533 laboris,

146 557 342 598 fidelitati
386 560 458 598 tue
501 556 653 597 damus
699 558 743 596 et
785 553 1068 595 concedimus
1114 553 1244 608 pleno
1285 553 1375 592 iure
1418 566 1466 593 ac
1507 552 1801 593 iurisdictione
1845 554 2041 608 perfecta
2086 554 2362 595 comitatums

146 625 435 667 Romanioleg
466 640 490 666 a
521 624 647 666 Folia
678 638 816 679 usque
849 623 902 664 ad
935 621 1148 668 Renumh.
1183 637 1207 663 a
1241 622 1347 663 mari
1380 636 1518 676 usque
1552 622 1606 663 ad
1631 623 1784 677 Alpes,
1819 637 1914 663 cum
1947 624 2146 664 omnibus
2182 623 2362 664 iuribus.

147 696 318 752 placitis
354 699 397 737 et
428 694 618 745 bannisi,
651 694 774 749 aquis
809 697 851 734 et
884 692 1219 749 piscacionibus,
1255 691 1335 732 viis
1369 695 1412 732 et
1445 691 1586 742 inviis,
1620 692 1869 732 nemoribus
1894 698 2025 747 atque
2056 693 2202 747 pratis.
2238 693 2363 733 cultis

149 764 339 821 pariterk
379 769 422 806 et
456 763 670 815 colendis,
705 777 803 805 cum
837 763 951 804 omni
985 762 1115 803 etiam
1151 760 1349 802 racione¹
1381 761 1593 801 fiscalium
1627 765 1670 801 et
1702 766 1947 802 nostrorum
1982 762 2199 803 redituum
2233 762 2363 802 lucris

147 838 191 875 et
223 833 377 875 annuis
410 832 693 889 pensionibus
726 832 850 873 nobis
892 836 935 873 et
968 831 1147 886 imperio
1180 830 1360 873 debitis.
1395 830 1590 871 serviciis
1615 831 1759 872 etiam.
1794 831 1984 885 angariis
2019 835 2061 872 et
2093 831 2363 885 parangariis

148 917 199 945 ac
238 903 475 944 universali
513 903 605 944 iure
652 907 740 944 tam
782 903 822 942 in
865 901 1007 942 causis
1042 900 1242 941 civilibus
1276 913 1402 954 quam
1443 900 1525 939 in¹¹¹
1560 900 1855 941 criminalibus
1900 901 2068 941 iudiciis
2103 900 2362 956 prcsidendi.

149 972 442 1014 Concedimus
476 973 608 1014 etiam
639 971 842 1013 fidelitati
874 976 962 1021 tue,
996 970 1197 1026 inperiali
1231 974 1273 1011 te
1306 983 1384 1024 per
1416 968 1498 1010 hoc
1522 969 1853 1024 magnificencia
1875 969 2151 1013 decorantes.
2176 971 2362 1010 auctori-

147 1045 282 1084 tatem
317 1042 407 1083 sive
441 1044 704 1098 potestatem
738 1040 1064 1096 emancipandi,
1097 1039 1268 1081 iudices
1303 1038 1530 1093 delegatos
1565 1043 1607 1080 et
1640 1038 1904 1082 ordinarios.
1939 1040 2199 1081 tabelliones
2233 1040 2360 1080 etiam

146 1113 237 1154 sive
269 1113 463 1153 notarios
496 1112 695 1167 publicos
728 1110 929 1161 faciendi,
962 1109 1093 1151 dandi
1131 1113 1299 1150 tutores
1333 1112 1404 1150 et¹¹
1437 1113 1675 1159 curatores,
1710 1108 2088 1149 animadvertendi
2124 1109 2162 1149 in
2197 1109 2360 1149 facino-

144 1196 264 1223 rosos
297 1185 386 1222 tam
418 1195 530 1237 pena
562 1182 773 1237 corporali
807 1195 936 1236 quam
976 1180 1232 1235 pecuniaria
1267 1177 1508 1220 secundum
1552 1177 1700 1219 delicti
1734 1179 1828 1219 velO
1869 1178 2057 1218 criminis
2093 1178 2362 1233 qualitatem.

145 1251 403 1292 Mandamus
445 1251 577 1306 igitur
610 1255 653 1293 et
684 1251 950 1307 precipimus
983 1249 1257 1299 comitibusl‘,
1290 1247 1552 1289 baronibus.
1591 1246 1827 1290 nobilibus.
1873 1247 2196 1288 communibus.
2243 1251 2362 1302 pote-

147 1321 349 1371 statibus,
383 1321 635 1362 castellanis
667 1335 717 1362 ac
749 1321 964 1362 universis
997 1320 1167 1376 imperii
1201 1319 1404 1362 fidelibus
1437 1333 1516 1375 per
1538 1318 1875 1359 Romaniolam‘¹
1910 1319 2171 1359 constitutis.
2206 1322 2254 1358 ut
2285 1318 2363 1358 tibi

144 1391 231 1432 vite
276 1395 349 1432 tue
390 1391 658 1446 temporibus
707 1391 919 1433 obediant
968 1395 1010 1432 et
1057 1389 1314 1432 obaudiant¹'
1355 1390 1398 1430 in
1439 1389 1522 1429 hiis
1563 1388 1762 1429 omnibus
1805 1402 1886 1443 quc
1928 1387 1981 1428 ad
2023 1387 2363 1428 iurisdictionem

142 1460 420 1516 ¹imperialem
451 1461 686 1516 pertinent,
722 1461 832 1502 sicut
853 1461 1045 1502 bannum
1069 1465 1204 1510 tuum,
1233 1458 1347 1514 quod
1370 1458 1596 1513 imperiale
1621 1457 1907 1506 censebitur-³,
1932 1457 2152 1498 voluerint
2186 1457 2363 1498 evitare.

145 1529 205 1571 Ut
235 1530 368 1585 igitur
400 1530 558 1571 huiusk
591 1534 738 1572 nostre
771 1530 1065 1572 concessionis
1100 1529 1302 1570 donaciot
1334 1532 1431 1569 rata
1465 1532 1508 1568 et
1539 1527 1923 1583 inpermutabilis'¹
1957 1531 2229 1581 perseveret.
2263 1540 2360 1581 pre—

148 1603 317 1641 sentem
358 1599 545 1641 divalem
583 1600 787 1655 paginam
831 1600 1047 1642 conscribi
1079 1599 1285 1640 iussimus
1326 1602 1370 1640 et
1401 1598 1519 1639 bulla
1555 1611 1688 1638 aurea
1728 1597 1898 1652 typario
1937 1600 2085 1637 nostre
2120 1596 2362 1637 maiestatis

146 1668 371 1724 inpressaV
403 1669 583 1710 fecimus
616 1669 874 1724 consignari.
937 1669 1081 1710 Huius
1114 1667 1177 1710 rei
1210 1671 1347 1709 testes
1381 1671 1480 1708 sunt
1513 1671 1594 1708 etc.

284 1736 485 1779 Datumw
517 1752 596 1793 per
629 1752 802 1780 manum
836 1739 935 1780 talis
968 1738 1140 1780 notarii.
1202 1738 1331 1777 Anno
1366 1741 1408 1778 et
1441 1734 1643 1779 Kalend..
1678 1735 1929 1776 indictione.

866 2235 961 2303 98.
1020 2228 1654 2303 CONVENTIO

145 2337 367 2409 CUM
423 2337 807 2410 COMITE
863 2335 1505 2409 SWERINENSI
1553 2333 1690 2405 DE
1746 2328 2366 2403 TRADENDIS

776 2439 1246 2512 REGIBUS
1290 2438 1739 2511 DANIAE.

1046 2578 1191 2626 1223.
1232 2578 1367 2637 Sept.
1397 2577 1477 2624 24.

288 2748 538 2802 Recosmovib
574 2749 887 2791 accuratissime
918 2750 983 2790 cir
1014 2750 1062 2791 cl.
1099 2747 1333 2803 Grotcfcml
1362 2762 1414 2789 ca)
1446 2745 1714 2800 (motem-apleo,
1756 2743 1866 2797 ιμιοιῐ
1898 2743 2139 2784 asserent-m·
2173 2739 2213 2779 ln
2249 2738 2366 2778 labn-

150 2817 258 2858 larz'o
281 2818 553 2869 chriuensc‘,
586 2832 605 2859 c
637 2832 716 2871 quo
747 2818 901 2860 cditzmt
925 2819 1054 2870 prius
1086 2821 1145 2859 csz‘v
1176 2818 1223 2858 in
1255 2817 1362 2859 libro
1384 2813 1810 2867 ‘Memenburyisclws
1840 2808 2188 2855 Urlcemclcnbuclc’
2222 2807 2258 2856 I,
2281 2810 2366 2846 :273

149 2899 214 2928 nr.
235 2889 321 2929 290
353 2889 392 2928 ct
422 2901 450 2928 a
479 2887 570 2928 viro
601 2887 648 2929 cl.
682 2887 819 2929 Hassc
851 2882 1721 2941 ‘Schleswiq-Holstcivz-Laucnbzcrfflsdw
1753 2881 1956 2935 Rcyestcn
1995 2878 2084 2920 mul
2123 2875 2364 2920 Urkmzdcn’

151 2956 187 3007 Ῑ,
210 2958 295 2997 177
325 2969 392 2999 nr.
415 2958 514 2999 402.
574 2956 752 2997 Annum
782 2957 1094 2998 incarnationis
1125 2970 1152 2997 a
1184 2955 1362 2997 librario
1387 2957 1485 3008 post
1507 2953 1698 2995 additum
1729 2964 1813 2992 csse
1846 2951 1892 2991 in
1923 2948 2058 3001 spatio
2088 2958 2215 2987 vacuo
2243 2945 2367 2999 prius

148 3025 310 3076 relicto,
344 3039 570 3078 perperam
612 3025 817 3068 iudicavit
847 3026 998 3069 Hasse.
1060 3025 1359 3073 Mamm-anae,
1401 3036 1506 3077 quae
1543 3036 1570 3063 a
1608 3022 1806 3073 scriptore
1842 3018 2097 3061 Germaniae
2137 3014 2367 3066 superioris

149 3097 330 3136 exarata
367 3098 446 3146 cst,
485 3096 722 3148 appendent
762 3096 898 3137 acllmc
935 3097 1085 3148 septem
1124 3094 1289 3147 εἰῃὶἰῑα,
1330 3093 1376 3134 in
1414 3091 1545 3132 medio
1576 3089 1779 3131 Heinrici
1810 3088 1937 3141 reglis,
1982 3101 2010 3127 (ι
2041 3087 2159 3127 laeva
2190 3083 2367 3136 episcope?

156 3164 505 3218 Wz'reburyensis,
526 3165 768 3207 Ebcrlm-rdi
789 3165 838 3207 dc
859 3165 1103 3218 Waldbmy,
1130 3162 1359 3206 Gemcclz‘m'
1380 3161 1578 3215 dapc'fcrc',
1609 3174 1636 3200 ιι
1658 3159 1828 3200 ‹lat-tam
1849 3155 2101 3198 marchionis
2123 3154 2170 3195 dc
2193 3152 2366 3194 Holzcn-

151 3234 264 3288 bury,
296 3235 455 3276 comitis
486 3235 534 3276 de
564 3234 682 3286 Βίας,
714 3235 908 3276 Ans-elme?
938 3234 986 3275 (lc
1018 3234 1252 3286 Ιιιεΐιῗηῃωι.
1313 3231 1451 3273 Aliud
1491 3229 1704 3281 crcmplar
1735 3243 1761 3269 ιι
1794 3227 1934 3268 σοηιέίσ
1968 3224 2168 3266 Ηοὶηνίσο
2200 3223 2366 3273 ciztsqecc

85 3318 117 3344 35
151 3303 467 3356 fideiussoribus
497 3304 773 3357 sigyz'llandum
803 3304 976 3356 imperio
1013 3304 1161 3344 datum
1191 3315 1293 3352 csse,
1328 3303 1430 3342 recte
1476 3298 1679 3340 iudicavit
1710 3297 1775 3337 vir
1806 3297 1854 3337 cl.
1887 3295 1931 3337 F
1933 3294 2052 3336 ficher.
2084 3317 2140 3322 ——
2171 3291 2365 3338 Bc'lmncr,

151 3371 252 3426 ch.
284 3373 383 3425 imp.
415 3372 461 3423 V,
492 3374 617 3414 3909.
1985 3362 2056 3417 (P.
2079 3362 2222 3415 deest.)

286 3523 348 3557 97.
387 3523 416 3565 fl)
441 3526 534 3558 deest
557 3524 589 3558 2.
732 3524 762 3566 f)
787 3525 966 3557 comiciam
990 3524 1022 3557 2.
1171 3523 1204 3563 ἓ)
1230 3524 1370 3555 Roman.
1399 3520 1435 3560 1;
1463 3522 1551 3553 Roffl
1576 3518 1606 3551 2.
1760 3516 1791 3559 ¹¹)
1818 3517 1914 3549 retin.
1944 3515 1973 3547 1.
2131 3512 2153 3553 ἰ)
2181 3512 2304 3545 bannis
2331 3515 2363 3543 et

151 3581 284 3623 placitis
309 3581 341 3614 2.
436 3581 470 3624 k)
496 3583 587 3616 deest
610 3583 641 3615 2.
739 3581 763 3625 ¹)
790 3582 879 3615 deest
906 3583 932 3615 l.
1041 3582 1084 3624 111)
1111 3582 1214 3614 etiam
1241 3579 1272 3612 2.
1384 3578 1417 3619 n)
1444 3578 1545 3610 etiam
1572 3576 1654 3608 add.
1681 3574 1713 3607 2.
1823 3581 1855 3614 0)
1882 3575 1953 3606 sive
1980 3573 2011 3605 2.
2108 3577 2140 3602 Ρ)
2166 3576 2199 3601 et
2223 3569 2307 3600 add.
2334 3568 2365 3598 2.

152 3636 184 3680 q)
210 3640 409 3672 Romaniam
434 3639 470 3681 1;
496 3642 585 3673 Rom
609 3639 642 3673 2.
755 3639 782 3680 r)
810 3641 1000 3673 obaudiant
1024 3645 1057 3672 et
1082 3639 1244 3672 obediant
1268 3636 1300 3669 2.
1409 3636 1436 3672 5)
1465 3634 1692 3667 conscribitur
1717 3632 1748 3665 2.
1859 3633 1882 3673 t)
1910 3629 2109 3663 donacionis
2135 3626 2307 3660 concessio
2333 3626 2365 3656 2.

85 3702 119 3728 4ο
155 3694 190 3738 ¹¹)
214 3697 428 3731 inmutabilis
453 3697 486 3731 2.
582 3697 614 3735 v)
639 3698 792 3740 inpresso
820 3697 849 3730 l.
946 3697 987 3739 w)
1012 3697 1147 3739 reliqua
1173 3696 1240 3728 cles.
1267 3694 1299 3726 2.

290 3771 337 3795 ιι..
366 3769 653 3793 CONSTITUTIONES
670 3769 704 3794 11.
2048 3748 2090 3781 1ss
