2558 3970
89 935 120 958 10

88 1284 118 1308 15

86 1631 119 1656 20

85 1977 118 2002 25

90 2322 124 2348 30

89 2669 122 2694 35

90 3015 124 3040 40

93 3383 126 3409 45

98 3716 131 3742 50

306 184 489 220 URBANI
516 184 573 219 IV.
600 183 746 218 EPIST.
772 184 835 218 Al)
863 182 1145 218 RICHARDUM
1179 182 1284 216 iil-312.
1314 182 1372 216 nb:
1401 182 1612 217 NEGo'rio
1643 181 1839 216 IMPERII.
1892 183 1988 217 1263.
2040 182 2196 216 N1·.4os›.
2265 184 2346 222 529

157 315 249 343 cam
276 300 517 345 Passionis:
551 314 633 356 quo
667 299 837 356 quidem
871 299 1053 340 termino
1087 313 1221 354 usque
1255 299 1306 340 ad
1342 299 1578 354 proximam
1613 298 1896 338 dominieam¹¹
1934 298 2174 338 l'almarum
2209 298 2476 341 ‹·onti-.x1·1·.o.

158 374 287 412 nuato
319 369 372 410 de
404 368 474 410 die
511 370 551 411 in
584 369 718 411 diem.
763 372 805 410 et
843 368 1092 409 memoratis
1125 367 1409 422 Maguntin‹›¹'
1442 373 1543 408 tunc
1576 383 1600 408 a
1635 367 1818 407 vinculis
1862 366 2059 409 liberato,
2103 366 2347 406 Coloniensi

155 438 481 494 archiepiscopo
515 442 558 480 et
590 439 746 479 comite
778 438 996 493 requisitis
1028 443 1071 479 ct
1103 438 1350 479 nolentibus
1385 438 1610 478 interesse.
1645 436 1782 477 dietus
1819 436 2103 476 'maweu-ensis
2137 435 2345 491 arehiepi-

156 521 334 563 scopus,
379 521 403 549 a
444 507 650 563 predictis
691 521 793 562 rege
826 506 1023 551 Boemie,
1065 506 1173 547 duce
1207 511 1248 546 et
1289 506 1533 547 marchione
1567 506 1670 546 sibic
1704 519 1834 560 super
1868 505 1946 545 ho(-
1982 510 2196 559 potestate
2231 519 2344 545 eom—

155 577 306 628 missa,
351 575 513 617 dictum
560 590 706 631 regem
747 575 938 616 Castelle
980 588 1055 615 suo
1098 579 1141 615 et
1183 574 1379 615 illorumd
1425 576 1595 615 nomine
1639 574 1808 629 publice
1852 583 1929 613 ae⁰
1972 573 2266 627 sollempniter
2308 574 2346 614 in

156 645 305 688 codem
338 644 464 701 opido
487 644 540 686 de
563 643 919 690 Frankenefords.
954 643 1035 685 Dei
1067 643 1236 684 nomine
1262 645 1472 691 invocato,
1507 644 1546 684 in
1573 643 1892 683 Romanorum*t
1925 656 2068 694 regem
2096 648 2135 682 et
2162 643 2345 697 impera-

157 718 293 756 torem
327 714 460 769 elegit
491 718 534 755 et
566 714 825 755 electionem
866 712 1028 768 ipsamh
1062 713 1259 754 omnibus
1300 714 1542 754 astantibus
1585 713 1832 768 publicavit.
1899 712 2121 766 Idemquei
2157 727 2230 752 rex
2265 714 2345 753 (Ἃι-

157 784 301 834 stclle,
335 783 430 839 ipsa
462 783 676 825 electione
710 782 792 824 sibi
825 796 901 838 per
935 782 1242 837 quampluresk
1274 787 1500 836 magnates
1531 782 1696 837 imperii
1730 782 1780 822 ad
1817 782 1954 836 ipsum
1988 787 2162 836 propter
2196 781 2272 821 Iioe
2308 782 2346 820 in

156 852 375 908 Ispaniam
407 851 662 894 accedentes
694 851 966 907 postmodum
999 855 1266 907 presentata,
1300 851 1516 892 electioni¹
1551 851 1766 891 consensit
1799 849 1951 890 eidem.

301 920 397 977 (12)
442 920 512 962 Ex
558 922 781 977 premissis
822 935 925 962 sane
973 920 1101 961 iidem
1151 925 1451 976 procuratores
1500 925 1543 961 ct
1582 921 1716 960 nuntii
1759 919 1956 974 prelibati
2003 920 2113 970 regis
2159 920 2348 958 (fas-telle

156 990 349 1033 dicentes
391 990 648 1032 electionem
693 991 831 1046 ipsam
876 990 948 1031 ubi
989 994 1031 1031 et
1074 1004 1100 1030 a
1131 989 1285 1045 quibus
1327 989 1477 1031 debuit
1517 988 1778 1030 celebratam
1824 988 2055 1041 legittime.
2101 987 2346 1038 allegabant

157 1060 414 1102 electionem
447 1059 628 1102 eandem
661 1059 859 1115 impediri
893 1074 975 1101 non
1010 1059 1204 1115 potuisse
1239 1074 1315 1114 per
1348 1064 1480 1102 tuam.
1514 1072 1595 1114 quc
1629 1059 1737 1099 sicut
1761 1057 1906 1098 dieunt
1940 1057 2057 1097 nulla
2081 1057 2222 1096 extitit
2257 1057 2347 1111 ipso

156 1129 264 1171 iure.
325 1128 435 1171 Nam
469 1143 565 1170 cum
597 1129 818 1184 predictus
851 1129 942 1171 (lies
975 1133 1222 1170 octavarum
1255 1142 1338 1169 non
1372 1128 1423 1169 ad
1458 1128 1728 1183 eligendum.
1770 1126 1845 1168 sed
1879 1126 1959 1167 ad'¹
1993 1126 2259 1166 tractandum
2295 1126 2346 1166 (le
2382 1141 2426 1155 ·=¹·-
2461 1137 2474 1155 -⁵

155 1197 421 1240 statuendam
453 1197 521 1240 die
555 1198 765 1254 et'ipsam
797 1198 1069 1239 statuendam
1103 1198 1154 1239 ad
1188 1198 1448 1239 electionem
1482 1196 1783 1239 celebrandam
1819 1197 1913 1236 novi
1940 1195 2054 1247 regis
2087 1195 2211 1235 fuerit
2238 1209 2319 1234 non
2334 1194 2350 1218 '¹

155 1282 233 1324 per
265 1267 442 1310 omnes1¹
473 1266 692 1323 predictos
724 1268 951 1323 principeS,
986 1267 1060 1309 sed
1095 1282 1171 1323 per
1201 1268 1365 1322 aliquos
1390 1282 1443 1308 ex
1468 1267 1529 1308 cis
1562 1271 1607 1307 ut
1639 1266 1899 1321 premittitur
1931 1266 2176 1318 assignatus
2204 1288 2254 1293 —-
2279 1265 2348 1319 qni

155 1337 323 1379 etiamsi
365 1336 445 1378 adn
486 1336 728 1392 eligendum
769 1341 956 1379 statutus
995 1337 1171 1385 fuisset,
1215 1351 1293 1392 per
1336 1336 1540 1377 maiorem
1585 1334 1780 1391 partem¹·
1824 1333 2054 1375 eorundem
2099 1333 2349 1388 principum.

155 1405 328 1447 minoris
359 1405 495 1461 partis
528 1419 613 1447 non
646 1406 846 1448 obstante
871 1405 1223 1456 contradictione,
1257 1406 1412 1446 mutari
1447 1409 1489 1446 ct
1524 1405 1741 1461 prorogari
1780 1404 1919 1459 potuit
1953 1408 1995 1443 et
2027 1403 2168 1443 extitit
2203 1417 2347 1458 proro-

154 1479 281 1531 gatus
302 1499 357 1505 ——
381 1478 551 1517 constat
573 1475 833 1518 electionem
857 1476 908 1518 de
933 1480 975 1518 te
999 1476 1186 1517 maxime
1212 1489 1289 1531 per
1311 1475 1536 1530 pauciores
1559 1474 1611 1515 de
1643 1474 1745 1529 ipsis
1768 1471 2031 1528 principibus
2057 1472 2346 1513 exeommuni-

155 1548 276 1586 catos
308 1544 403 1600 ipsa
434 1544 503 1587 die
536 1549 783 1586 octavarum
816 1546 974 1587 factam
1008 1546 1168 1586 nullam
1201 1545 1374 1600 penitus
1402 1543 1614 1585 extitisse.
1680 1542 2187 1583 Excommunieationem
2222 1542 2348 1581 etiam

156 1618 305 1656 contra
344 1618 626 1656 memoratum
669 1615 1040 1671 archiepiscopum
1072 1615 1388 1656 Treverensem
1432 1613 1645 1654 obiectam
1689 1616 1732 1653 et
1763 1610 2140 1652 consuetudinem.
2183 1626 2263 1665 qne
2298 1610 2349 1650 tle

155 1682 418 1725 celebranda
449 1697 474 1724 a
506 1688 702 1739 tempore
725 1684 921 1725 vacantis
954 1684 1122 1740 imperii
1155 1683 1264 1724 infra
1287 1696 1446 1724 annum
1476 1686 1519 1723 ct
1541 1681 1657 1723 diem
1681 1681 1793 1735 regis
1821 1680 2114 1721 Romanorum
2141 1680 2351 1720 electione

154 1752 419 1808 proponitur,
463 1767 512 1795 ac
543 1753 678 1795 alias¹
713 1754 886 1795 omnino
919 1757 1131 1809 negantes
1165 1751 1439 1808 allegabant,
1481 1751 1594 1806 quod
1627 1752 1660 1792 si
1695 1751 1877 1792 veritate
1913 1747 2156 1789 huiusmodi
2193 1763 2347 1803 propo-

155 1821 252 1863 sitio
284 1821 522 1874 fulciretur,
557 1823 710 1864 electio
742 1829 836 1874 tua,
878 1836 960 1878 quc
994 1821 1242 1878 quindecim
1274 1821 1428 1863 diebus
1461 1821 1513 1862 de
1548 1821 1640 1876 ipso
1673 1825 1866 1875 tempore
1901 1818 2041 1859 adhuc
2077 1818 2352 1859 extantibus⁰

154 1891 377 1933 celebrata
407 1891 558 1943 fertur,
590 1906 647 1934 ex
679 1892 760 1934 hoc
793 1892 924 1934 etiam
957 1892 1074 1933 nulla
1106 1895 1234 1940 esset,
1270 1905 1365 1932 cum
1400 1905 1482 1932 non
1516 1890 1687 1931 licuerit
1720 1888 1870 1929 minori
1905 1888 2030 1942 parti,
2066 1887 2224 1927 maiore
2249 1902 2350 1928 eon-

155 1964 339 2016 tempta,
379 1960 491 2002 diem
532 1961 726 2002 ultimam
766 1961 901 2016 ipsius
945 1961 1152 2016 temporis
1193 1960 1433 2015 prevenire.
1495 1959 1580 2000 Per
1612 1974 1693 2014 que
1729 1971 1937 2013 apparere
1971 1955 2195 1997 dicebant.
2240 1956 2352 2010 quod

155 2030 369 2072 electores
403 2030 595 2072 ciusdem
641 2031 757 2086 regis
790 2029 1002 2076 Castelle,
1047 2029 1231 2071 nolendo
1265 2029 1333 2070 die
1378 2029 1451 2070 illo
1494 2029 1675 2083 eligere,
1719 2042 1799 2068 non
1833 2028 2008 2067 fuerunt
2042 2024 2226 2079 eligendi
2263 2026 2351 2065 iure

156 2099 325 2156 privati,
358 2114 437 2142 nec
469 2100 503 2141 si
536 2100 681 2151 etiam,
713 2104 761 2140 ut
792 2113 890 2155 pars
922 2098 1108 2140 adversa
1138 2099 1352 2154 proponit,
1385 2097 1440 2139 ad
1472 2099 1677 2139 minorem
1711 2101 1875 2152 partem
1910 2095 2184 2136 renuissent1·
2221 2095 2352 2135 exire.

156 2168 267 2210 Nam
300 2182 398 2211 cum
429 2169 588 2210 intrav*
620 2167 860 2225 predictum
893 2167 1068 2224 opidum
1101 2168 1153 2210 de
1185 2166 1514 2209 Frankenf01·d‘¹
1546 2166 1730 2207 Romani
1764 2165 1876 2219 regis
1910 2169 1952 2205 et
1987 2163 2278 2218 imperatoris,
2312 2167 2354 2203 ct

158 2251 243 2279 non
273 2238 401 2289 alibi,
442 2237 602 2281 debeat
633 2239 788 2280 electio
822 2238 1053 2289 celebrari,
1086 2238 1223 2279 minor
1254 2252 1351 2293 pars
1385 2251 1470 2278 non
1503 2240 1671 2292 peterat
1704 2235 1758 2276 ad
1792 2236 1931 2275 locum
1965 2233 2096 2273 alium
2133 2237 2354 2273 coartarer

159 2307 377 2349 maiorem.
431 2307 699 2350 Adiecerunt
722 2311 921 2364 preterea
943 2308 1276 2359 inunctionen1⁸,
1301 2306 1684 2355 consecrationem,
1709 2304 2054 2346 coronationemt
2078 2309 2158 2343 acu
2182 2316 2352 2357 posses-

158 2377 323 2419 sionem
362 2377 576 2434 predictas
609 2401 660 2407 —
694 2391 822 2432 quam
861 2376 1033 2432 quidem
1077 2376 1396 2432 possessionem
1436 2375 1608 2417 omnino
1655 2372 1875 2428 negabant
1917 2397 1964 2400 —
2010 2375 2052 2411 et
2093 2375 2236 2411 cetera
2279 2385 2353 2425 pro

158 2452 279 2503 parte
323 2452 397 2489 tua
435 2446 630 2498 inducta,
672 2461 768 2488 cum
811 2461 866 2488 ex
909 2446 1123 2488 electione
1164 2450 1257 2494 tua,
1300 2459 1382 2500 quc
1422 2449 1469 2485 ut
1509 2443 1746 2499 predicitur
1778 2441 1896 2482 nulla
1931 2441 2158 2481 extiterat.
2204 2446 2353 2480 secuta

158 2517 361 2570 fuerintv,
394 2521 612 2572 tamquam
645 2516 776 2565 nulla,
809 2516 974 2557 nullum
1007 2516 1201 2571 potuisse
1234 2519 1306 2555 tuo
1341 2514 1651 2555 munimentum
1687 2512 1878 2552 afl'errew
1912 2515 1985 2550 aut
2017 2509 2207 2549 eiusdem
2244 2510 2353 2561 regis

157 2586 345 2628 Castelle
378 2586 487 2627 iurix
519 2585 802 2642 preiudicium
835 2599 1063 2640 gencrare;
1098 2584 1424 2639 subiungentes,
1459 2582 1765 2624 Coloniensem
1799 2579 2175 2633 archiepiscopum
2201 2592 2349 2632 snpra-

159 2655 343 2697 dictamy
374 2655 745 2698 consecrationem
768 2655 837 2696 vel
868 2654 1160 2696 inunctionem
1195 2667 1270 2694 seu
1303 2651 1639 2701 coronationem,
1673 2664 1755 2705 quc
1789 2649 1853 2689 ius
1880 2648 2108 2689 tribuant&
2143 2646 2244 2687 (lare
2268 2661 2351 2686 non

159 2740 290 2781 posse
332 2725 413 2766 nisi
454 2725 494 2767 ei
526 2725 597 2781 qui
628 2739 654 2766 a
685 2725 834 2766 maiori
867 2728 910 2766 et
944 2723 1100 2765 saniori
1141 2727 1263 2778 parte
1296 2721 1618 2777 predictorum²¹
1650 2719 1887 2775 principum
1922 2721 1988 2757 est
2021 2716 2201 2757 electus:
2245 2716 2348 2755 alio·

159 2795 260 2849 quin
291 2794 367 2836 illa
401 2798 656 2850 sequeretur
678 2793 937 2843 absurditas,
970 2792 1083 2848 quod
1117 2793 1234 2833 solus
1259 2791 1526 2832 Coloniensis
1551 2788 1904 2843 archiepiscopus
1931 2785 2132 2840 precibus
2157 2784 2351 2825 inductus

159 2864 229 2905 vel
260 2867 484 2919 corruptus
518 2864 656 2919 pretio
669 2863 702 2913 ¹³,
736 2863 804 2904 cui
837 2863 992 2904 vellet⁶
1024 2862 1251 2917 imperium
1276 2860 1378 2901 darc
1412 2863 1570 2914 posset.
1663 2854 1915 2911 (123).Quod
1946 2860 2087 2894 autem
2113 2853 2165 2893 de
2201 2854 2352 2894 litteris

161 2932 394 2989 supradicti
425 2932 748 2988 predecessoris
781 2931 1019 2974 Alexandri
1053 2931 1328 2987 premittitur,
1369 2929 1410 2969 in
1443 2928 1596 2983 quibus
1631 2926 1708 2967 tibi
1744 2925 1908 2979 regium
1946 2937 2097 2963 nomen
2131 2922 2353 2963 dicebatur

160 3002 394 3058 ascriptum
427 3005 556 3057 teque
587 3002 630 3042 in
664 3001 866 3058 predictis
900 3015 1034 3056 regno
1067 3004 1110 3041 et
1143 2999 1323 3055 imperio
1347 2996 1471 3038 aliis‘l
1505 2997 1636 3037 fuisse
1667 2995 1894 3050 prelatum,
1932 2992 2227 3046 multipliciter
2250 3006 2350 3031 eon-

159 3071 371 3112 futabant.
433 3071 543 3112 Tum
576 3071 676 3126 quia
707 3071 905 3126 quotiens
938 3084 1081 3111 coram
1114 3069 1208 3124 ipso
1239 3066 1549 3124 predecessore
1583 3063 1834 3105 Alexandro
1866 3076 1916 3102 ac
1953 3060 2154 3101 fratribus
2189 3061 2278 3100 suis
2299 3059 2350 3100 de

160 3141 329 3196 imperii
360 3141 534 3196 negotio
567 3141 789 3195 agebatur,
828 3140 942 3182 idem
975 3138 1256 3194 predecessor
1287 3134 1563 3178 Alexander⁰
1595 3133 1767 3189 publice
1798 3130 2043 3178 asserebat,
2077 3128 2188 3183 quod
2224 3142 2353 3182 super

161 3209 313 3252 eodem
345 3210 520 3265 negotio
561 3209 695 3250 nichil
727 3210 769 3250 in
803 3209 905 3250 dicti
936 3209 1050 3264 regis
1083 3206 1274 3248 Castelle
1313 3203 1594 3261 preiudicium
1627 3204 1920 3256 attemptaret:
1963 3197 2075 3254 quod
2109 3198 2238 3238 etiam
2272 3197 2349 3251 ipsi

298 3322 386 3358 405-
418 3324 450 3364 a¹)
476 3326 564 3358 dom.
589 3337 684 3369 prox.
709 3325 739 3358 3.
845 3323 877 3366 b)
901 3325 1128 3366 Maguntinefi
1155 3322 1187 3354 4.
1294 3322 1325 3362 c)
1352 3322 1415 3353 hoc
1439 3319 1522 3351 add.
1541 3318 1572 3351 4.
1680 3315 1714 3357 (¹)
1739 3316 1882 3349 aliorum
1908 3314 1939 3346 3.
2033 3316 2064 3354 0)
2091 3313 2180 3345 deest
2209 3312 2235 3344 l.
2262 3312 2292 3345 2.
2320 3313 2350 3345 4.

161 3380 193 3425 f)
219 3383 455 3416 Frankenford
479 3382 518 3425 23
545 3384 736 3416 Frankford
761 3383 791 3416 3.
920 3381 952 3424 8)
978 3392 1157 3414 romanum
1182 3380 1212 3413 4.
1346 3377 1379 3415 ¹¹)
1404 3378 1494 3410 deest
1518 3376 1550 3408 4.
1678 3373 1699 3413 i)
1727 3373 1872 3415 [deoque
1896 3372 1928 3404 3.
2047 3369 2078 3410 ιί)
2105 3371 2295 3413 complures
2319 3371 2350 3403 3.

161 3439 185 3483 l)
210 3441 380 3474 eleccione
404 3439 436 3474 4.
577 3440 618 3484 m)
643 3445 771 3474 statuta
797 3439 825 3472 1.
976 3438 1008 3480 ¹¹)
1034 3439 1067 3470 id
1096 3438 1123 3471 1.
1265 3441 1296 3478 ⁰)
1323 3435 1515 3468 astantibus
1539 3435 1571 3465 2.
1597 3431 1634 3471 4;
1668 3431 1876 3463 restantibus
1900 3429 1931 3461 3.
2073 3431 2105 3468 1³)
2132 3428 2293 3460 tenuisset
2319 3426 2349 3460 4.

161 3498 216 3542 Ν)
241 3500 332 3532 infra
361 3497 458 3531 1-4,
569 3496 602 3541 (ι)
627 3497 836 3530 Frankesord
861 3495 899 3534 3;
937 3495 1190 3528 Frankenet'ord
1216 3493 1247 3525 4.
1357 3491 1383 3534 r)
1421 3492 1596 3524 cohartare
1622 3488 1659 3527 2;
1697 3493 1869 3521 coarctare
1893 3486 1924 3519 3.
2034 3485 2061 3526 5)
2097 3486 2294 3518 unccionem
2319 3483 2351 3517 4.

161 3556 188 3600 t)
219 3558 310 3590 deest
333 3556 366 3590 3.
459 3555 494 3598 ιι)
519 3562 552 3589 et
575 3554 607 3589 4.
701 3554 734 3595 v)
761 3556 900 3587 fuerunt
922 3552 953 3586 4.
1048 3552 1088 3593 w)
1114 3552 1261 3584 aufferre
1286 3549 1316 3583 4.
1412 3549 1446 3590 x)
1473 3548 1529 3581 iu?
1549 3546 1580 3579 4.
1675 3546 1708 3586 y)
1735 3545 1966 3588 supradictum
1987 3544 2018 3577 3.
2114 3547 2143 3584 Ζ)
2169 3543 2300 3575 tribuut
2322 3541 2353 3574 4.

164 3615 194 3657 θ’)
219 3616 310 3650 deest
325 3613 357 3648 4.
473 3613 507 3657 b)
533 3615 681 3657 precipio
705 3612 739 3647 4.
855 3612 886 3653 c)
912 3612 969 3644 cui
994 3611 1096 3644 vellet
1121 3610 1188 3643 des.
1207 3607 1239 3642 4.
1358 3606 1390 3651 d)
1417 3608 1507 3640 deest
1530 3605 1562 3637 3.
1679 3603 1710 3645 ⁰)
1737 3605 1774 3636 A.
1801 3602 1832 3635 4.

302 3706 338 3749 1)
362 3715 409 3739 sc.
435 3703 722 3739 consuetudines.

300 3781 348 3805 ιι.
376 3777 661 3804 σοΝεΤιΤυΤιοΝΕε
678 3777 712 3800 11.
2036 3753 2079 3787 67
