2558 3970
201 164 280 202 374
622 158 859 191 PRIDERICI
885 157 929 190 ΙΙ,
957 155 1385 191 ΟΟΝὸἸῚΤΠΤΙΟΝΕδ.
1436 155 1532 189 1246.
1569 155 1664 189 1247.
1716 155 1778 190 Nr.
1795 157 1874 191 266.
1899 158 1975 192 267.

201 284 235 314 et
271 286 458 314 curatores
491 279 603 312 dnmli
633 277 861 321 quibuslibet
895 271 974 311 sibi
1007 277 1242 311 concedimus
1275 278 1520 320 litotestat-em,
1560 278 1597 309 ct
1628 278 1669 309 ut
1700 276 1902 311 maioribus
1934 280 1972 312 et
2002 278 2218 321 minoribus,
2251 279 2384 323 quibus

202 349 421 383 universalia
456 348 532 381 ium
568 349 801 382 succurrunt.
842 357 949 379 causa
985 345 1136 389 cognita
1168 345 1421 379 restitucionis
1452 345 1490 378 in
1522 344 1711 389 integrum
1742 344 1983 379 beneficiume
2016 346 2158 381 valeat
2188 347 2384 392 impertiri.

200 418 254 451 Ad
286 416 517 450 audioncimu
551 424 669 449 sunm
703 418 779 448 tam
813 410 851 448 in
886 413 1139 447 criminalibus
1167 425 1279 457 quam
1303 408 1342 447 in
1367 413 1537 447 civilibus
1561 412 1680 447 causis
1703 407 1997 457 appellationesf
2027 414 2173 449 deferri
2204 415 2384 458 volumus,

200 487 317 529 quusg
349 497 367 518 a
401 484 599 518 sentenciis
633 479 956 532 capitaneorum
991 476 1059 516 eth
1092 482 1366 517 ordinariorum
1398 481 1561 515 iudicum
1583 489 1631 515 ac
1655 492 1782 515 eorum
1810 481 1985 524 omnium,
2019 482 2083 526 qui
2110 483 2387 519 iurisdicionem

201 554 246 587 zib
277 553 432 597 imperio
465 553 565 586 nacti
594 545 714 588 sunt.*
747 551 980 595 contingeret
1014 544 1243 595 int-erponi,*

1282 551 1354 585 nisi
1387 558 1565 599 persone
1588 550 1644 583 vel
1668 561 1776 584 cause
1803 550 1966 594 qualitas
1989 551 2046 585 vel
2068 546 2384 596 appellacionumi

199 634 371 655 numerus
403 621 670 665 appellnt-ionis
703 620 907 654 subsidium
941 619 1125 654 adimant
1159 619 1377 664 appellanti.
1442 611 1736 666 Expressiusk
1768 626 1935 666 quoque
1969 613 2105 654 eidem
2138 614 2222 654 filio
2247 619 2388 654 nostro

201 684 490 724 ‹·0n1111isi1nus
539 689 580 723 ct
622 682 815 723 dedimus
858 682 1036 723 firmiter
1076 682 1117 722 in
1158 681 1395 728 mandatis,
1445 685 1491 720 ut
1529 686 1575 720 ad
1616 688 1756 720 statum
1796 686 1989 731 pacificum
2021 682 2208 736 regionis
2240 683 2387 737 ipsius,

199 752 518 807 depressionem
562 751 806 797 rebellium,
850 757 1173 802 recuperacionem
1214 759 1426 791 nostrorum
1465 755 1601 789 iurium
1642 757 1680 789 ct
1719 755 1866 800 imperii
1898 756 1937 790 in
1969 757 2098 791 eadem
2131 754 2173 791 et
2205 750 2258 790 ad
2289 764 2388 805 pre-

201 820 312 861 dicta
347 821 489 860 omnia
528 819 822 860 conservanda
855 826 897 860 et
936 820 1170 860 efficaciter
1203 817 1497 873 adimplenda¹
1529 823 1729 868 diligenter
1769 817 1976 859 intendat.
2039 818 2250 866 Quocirca
2282 818 2388 860 fide—

201 890 309 929 litati
343 894 484 929 vostro
523 888 801 943 precipiendo
836 888 1087 928 mandamus
1121 888 1300 928 firmiter
1333 892 1375 927 et
1407 886 1618 933 districte,
1661 890 1872 940 quatenus
1906 886 2097 942 predicto
2129 887 2214 927 filio
2245 891 2388 928 nostro

201 958 251 998 de
294 957 489 997 omnibus
535 964 575 997 et
619 957 798 1010 singulis
841 957 1177 1011 suprascriptism
1220 960 1436 1009 tamquam
1478 955 1671 1009 generali
1714 956 1872 995 vicario
1914 959 2058 996 nostro
2103 970 2128 996 a
2159 956 2387 997 maiestate

202 1035 343 1066 nostra
380 1032 538 1065 statuto
572 1025 724 1065 devote
761 1025 980 1065 intendero
1013 1039 1061 1064 ac
1094 1023 1360 1078 respondere.
1395 1023 1567 1071 curctis,
1601 1026 1647 1063 ut
1681 1023 1959 1064 devocionem
1990 1028 2174 1063 vestram
2211 1024 2389 1064 meriton

203 1094 500 1133 commendare
535 1094 759 1148 possimus.

346 1163 442 1202 Dar.
478 1162 663 1201 Groscti.
697 1160 953 1201 MOOXLV.
988 1174 1134 1201 menso.
1168 1161 1308 1209 Febr„
1344 1160 1445 1201 IIII.
1481 1160 1644 1200 indict.“

891 1567 1021 1635 267.
1078 1562 1704 1635 ENOYCLICA

410 1669 551 1741 DE
609 1669 936 1741 OURIA
989 1665 1585 1738 CREMONAE
1639 1666 2181 1738 HABENDA.

1149 1792 1319 1849 (1247.
1358 1792 1446 1848 in.)

344 1938 577 1989 Epistolam
619 1939 662 1977 in
701 1937 830 1979 codiee
856 1939 885 1978 2
923 1937 1082 1978 civitati
1111 1935 1360 1977 Viterbiensi
1399 1936 1659 1988 inscriptam,
1704 1950 1828 1987 qnmn
1856 1937 1984 1988 prius
2021 1949 2134 1978 anno
2163 1937 2274 1977 1226
2310 1937 2394 1978 viri

202 2007 307 2048 (loeti
344 2007 600 2060 cleleqabant,
641 2008 706 2047 vir
737 2007 785 2047 ct.
816 2006 1109 2048 Wnkelmamz
1149 2005 1424 2047 ‘Jalzrbacher
1454 2004 1697 2045 Friedrichs
1727 2004 1806 2047 IL’
1844 2005 1880 2055 Ι,
1904 2005 1987 2046 542
2017 2006 2271 2058 aryumentis
2297 2019 2394 2059 yra—

206 2076 382 2117 rz'ssimis
420 2089 532 2116 anno
564 2076 708 2127 potins
732 2077 843 2116 1247
883 2074 1179 2115 vindicandam·
1222 2086 1305 2114 esse
1342 2073 1560 2115 contendit.
1625 2074 1711 2125 Quo
1749 2086 1861 2114 anno
1899 2087 1988 2114 cnm
2019 2074 2137 2115 curia
2173 2074 2394 2116 Cremonae

203 2145 267 2184 die
299 2148 333 2185 1.
358 2144 473 2185 Maii
493 2144 653 2185 demum
674 2144 901 2192 haberetur,
934 2156 1037 2195 qnae
1062 2143 1186 2194 prius
1208 2142 1415 2183 dominica
1437 2142 1633 2193 paschali
1662 2142 1816 2195 (Mart.
1839 2144 1915 2194 31)
1945 2142 2190 2184 celebranda
2209 2145 2310 2194 erat,
2341 2142 2398 2183 ad

206 2214 323 2253 illum
353 2213 458 2253 diem
489 2227 578 2254 eam
603 2215 871 2266 proroyatam
896 2224 979 2252 esse
1001 2213 1165 2262 oportet.
1223 2210 1437 2252 Codieibas
1465 2212 1533 2251 nsi
1560 2224 1702 2252 sumus
1738 2210 1777 2265 1)
1809 2210 2009 2252 Vaticano
2029 2211 2143 2251 4957
2171 2223 2274 2252 saec.
2296 2210 2395 2262 XV,

204 2296 263 2332 ep.
285 2283 340 2321 26
357 2282 383 2330 ¹,
414 2295 531 2333 quem
553 2281 724 2321 contulit
747 2280 870 2321 Pei-te
891 2283 928 2320 et
959 2279 1004 2335 2)
1037 2279 1238 2321 Parisino
1261 2279 1332 2321 lat.
1355 2280 1468 2320 2954
1499 2292 1601 2321 saec.
1625 2279 1781 2330 X1V2‚
1812 2293 1930 2332 quem
1959 2294 1999 2321 a.
2017 2280 2127 2320 1821
2149 2279 2396 2331 exemplavit

209 2350 422 2391 Clam-dier.
486 2349 660 2401 Uterque
683 2349 856 2389 minoris
879 2349 1010 2401 pretii
1031 2350 1100 2389 est.
1152 2347 1325 2400 Leyitm·
1346 2348 1393 2388 in
1414 2348 1643 2389 collectione
1664 2347 1784 2388 Petri
1804 2347 1851 2388 de
1877 2347 2019 2388 Vincis
2041 2347 2067 2388 l.
2088 2346 2177 2397 III,
2199 2361 2230 2389 e.
2250 2350 2317 2388 76.
2337 2372 2392 2376 —

206 2418 667 2460 Huillard-Breliolles
698 2418 763 2468 II,
786 2418 868 2457 548
899 2420 1081 2469 (praeter
1112 2416 1310 2457 editiones
1340 2419 1377 2457 et
1406 2417 1578 2458 codicem
1598 2419 1627 2457 2
1657 2416 1840 2458 adhibito
1871 2415 2000 2457 codice
2032 2415 2234 2457 Parisino
2264 2415 2394 2457 Notre

204 2486 338 2528 Datne
358 2489 474 2541 202).
537 2486 730 2536 Bo'limer,
762 2486 862 2539 Rey.
887 2486 981 2538 imp.
1016 2485 1057 2535 V,
1081 2486 1204 2525 1593.
2017 2483 2088 2537 (P.
2111 2484 2253 2538 deest.)

347 2600 629 2642 Fredericusa
671 2601 754 2642 Dei
799 2601 939 2655 gratia
970 2600 1261 2641 Romanorum
1301 2600 1535 2655 imperator
1568 2614 1741 2656 semper
1781 2603 2011 2655 augustUS,
2051 2598 2321 2640 Iherusalem
2353 2602 2396 2639 et

208 2669 349 2710 Sicilie
381 2683 459 2709 rex
490 2669 694 2723 potestati
725 2667 1031 2719 Viterbiensib,
1073 2668 1250 2709 consilio
1284 2673 1326 2709 et
1358 2669 1438 2709 toti
1470 2669 1651 2724 populo,
1695 2669 1782 2709 suis
1814 2667 2026 2719 fidelibus,
2057 2668 2241 2722 gratiam
2273 2680 2393 2708 suam

208 2742 248 2777 et
280 2737 437 2777 bonam
468 2737 748 2778 voluntatem.

351 2806 545 2853 Qualiter
583 2807 675 2846 iura
714 2806 906 2861 imperiic
944 2820 1019 2861 pre
1057 2806 1268 2847 varietate
1309 2806 1513 2860 temporis
1552 2805 1822 2860 precedentis
1856 2805 2105 2845 conculcata
2144 2804 2312 2845 iaceant
2346 2807 2388 2844 et

208 2875 413 2930 depressa
454 2880 495 2916 et
534 2875 716 2929 qualiter
753 2874 871 2915 eius<l
903 2874 1187 2929 tranquillitas
1228 2874 1358 2915 fuerit
1400 2875 1499 2915 olim
1534 2879 1575 2915 et
1608 2875 1663 2914 sit
1703 2887 1838 2928 usque
1871 2873 1924 2914 ad
1964 2873 2042 2914 hec
2074 2877 2219 2914 nostra
2248 2873 2391 2913 felicia

207 2953 416 2998 tempora,
470 2943 579 2998 quod
625 2944 751 2984 anxie
809 2943 1026 2995 dicimus‘³⁷
1086 2942 1368 2998 perturbatas,
1424 2943 1611 2984 universi
1664 2942 1716 2984 de
1774 2943 1953 2998 imperio
2007 2942 2212 2996 cuiusque
2266 2941 2394 2982 officii

210 3013 274 3053 vel
316 3012 570 3053 conditionis
610 3013 653 3052 in
691 3012 1072 3067 oppressionibusg
1110 3012 1294 3066 propriis
1336 3025 1615 3066 personarum
1659 3016 1701 3052 et
1740 3025 1880 3052 rerum
1914 3010 2150 3066 dispendiis
2182 3010 2266 3050 iam
2297 3023 2392 3051 sen-

209 3085 356 3120 serunt
388 3084 429 3120 et
462 3080 650 3120 sentiunt
682 3081 958 3120 incessanter.
1020 3078 1111 3120 Nec
1151 3079 1364 3120 immerito
1402 3080 1594 3121 membra
1624 3080 1667 3120 in
1700 3080 1840 3134 capite
1880 3080 2111 3134 patiuntur,
2152 3079 2243 3120 sine
2276 3079 2395 3120 cuius

208 3149 473 3201 integritate.
519 3147 656 3188 sicuth
701 3148 753 3188 ab
793 3151 971 3202 experto
1012 3147 1310 3202 cognoscitish,
1360 3149 1508 3202 nequit
1546 3147 1835 3189 membrorum
1876 3161 2083 3202 compago
2125 3147 2264 3188 inlesa
2305 3161 2391 3188 ser-

211 3217 317 3256 vari.
361 3222 401 3257 et
440 3217 511 3256 vix
552 3221 724 3271 sperant
763 3214 1133 3257 reformationemi
1165 3220 1302 3256 status
1345 3216 1431 3266 sui,
1474 3216 1555 3257 nisi
1594 3215 1931 3270 redintegratiok
1968 3218 2222 3271 preparetur
2253 3215 2395 3270 capiti,

346 3317 431 3351 266.
464 3320 491 3359 ⁴2)
520 3320 607 3352 decet
633 3319 662 3351 1.
757 3318 786 3361 f)
811 3319 961 3362 appellat
987 3318 1016 3351 1.
1112 3319 1144 3361 Β)
1171 3330 1255 3361 qnos
1283 3319 1311 3351 1.
1419 3319 1451 3362 ll)
1478 3320 1568 3353 deest
1592 3318 1623 3353 2.
1716 3319 1738 3360 i)
1763 3320 1935 3362 appelaeio
1960 3319 2065 3351 nostri
2092 3317 2120 3350 1.
2216 3316 2250 3359 k)
2277 3319 2392 3362 appel-

210 3376 281 3407 lari.
323 3377 525 3418 Expressum
552 3376 582 3408 2.
677 3375 700 3416 Ῑ)
728 3377 912 3409 efficaciter
937 3381 970 3409 et
995 3376 1075 3409 add.
1099 3376 1123 3407 1.
1221 3377 1263 3418 m)
1290 3379 1431 3420 prefatis
1456 3378 1487 3410 2.
1582 3377 1615 3418 1¹)
1642 3377 1763 3409 exinde
1788 3375 1819 3408 2.
1920 3374 1952 3416 0)
1978 3377 2102 3408 Datum
2128 3376 2249 3408 eroseti
2273 3380 2335 3408 etc.
2363 3373 2394 3407 2.

346 3441 430 3476 '26⁶⁴'-
463 3445 492 3483 ²)
519 3445 716 3476 Fredericus
744 3462 784 3466 —
810 3445 1022 3477 voluntatem
1047 3445 1113 3477 dee.
1136 3445 1164 3477 1.
1290 3444 1323 3487 b)
1348 3451 1409 3488 pot
1435 3447 1550 3489 viteb9
1576 3445 1606 3478 2.
1725 3444 1763 3484 ῡ)’
1782 3445 1853 3476 loeo
1880 3444 1955 3476 iura
1979 3444 2109 3486 imperii
2138 3443 2173 3476 1:
2208 3444 2392 3486 imperium.

209 3498 241 3539 d)
268 3500 355 3532 ἀθεεὶ
381 3498 410 3531 2.
554 3506 583 3542 Θ)
609 3502 654 3533 εἰσ
681 3501 757 3533 edd.
784 3501 877 3533 Petri
901 3501 941 3533 de
967 3501 1062 3540 Vin.;
1087 3502 1242 3535 ducimus
1270 3503 1297 3535 1.
1323 3502 1354 3536 2.
1494 3501 1525 3544 f)
1552 3503 1753 3535 conturbata
1780 3501 1807 3533 1.
1930 3498 1982 3540 8)
2010 3501 2337 3543 apprehensionibus
2365 3499 2392 3532 l.

209 3555 241 3589 ¹¹)
269 3558 356 3589 sieut
381 3557 533 3599 exemplo
559 3559 792 3600 cognoscimus
821 3557 849 3590 1.
968 3556 993 3599 i)
1018 3559 1194 3592 admittere
1219 3560 1298 3592 add.
1320 3559 1351 3593 2.
1469 3558 1502 3602 k)
1529 3560 1709 3602 integratio
1734 3556 1766 3590 2.

348 3648 380 3687 1)
410 3645 463 3688 Cf.
492 3647 649 3681 ‘Archiv'
683 3648 720 3690 V,
738 3651 800 3681 376
816 3657 864 3689 sq.
984 3648 1019 3689 2)
1049 3647 1102 3688 Cf.
1131 3648 1287 3682 ‘Archiffl
1310 3649 1395 3693 VII,
1418 3652 1487 3684 931.

2425 901 2457 925 10

2430 1600 2461 1624 15

2429 2086 2462 2111 20

2429 2433 2461 2459 25

2429 2821 2462 2847 30

2430 3168 2462 3193 35

2431 3506 2464 3532 40
