2558 3970
209 148 282 186 110
705 141 943 176 FRlDEfflCl
969 141 1014 176 ΙΙ.
1041 139 1469 175 CONSTITUTIONES.
1520 140 1618 174 1220.
1668 139 1731 173 Nr.
1749 140 1803 174 86.
1829 140 1883 174 87.

265 292 336 333 86.
375 290 693 332 LITTERAE
722 289 1151 330 IMPERATORIS
1182 289 1270 330 AD
1308 287 1832 329 UNIVERSITATEM
1859 286 2323 329 BONONIENSEM.

344 372 544 412 Litteras.
588 369 737 422 quibus
784 370 1005 420 imperator
1041 368 1308 410 universitati
1346 367 1609 408 Bononiensi
1647 367 1972 408 constitutionem
2009 367 2112 408 Nov.
2133 368 2191 408 22
2231 367 2383 409 editam

200 441 327 481 cocliei
363 441 468 480 iuris
499 438 762 480 inserendam
794 438 1048 487 trans-misit,
1083 438 1359 490 proponimus
1389 451 1408 478 e
1446 435 1483 492 1)
1516 436 1645 477 codice
1677 435 1936 477 bibliothecae
1963 435 2154 486 publicae
2185 435 2384 477 Senensis

199 509 250 550 F.
273 509 308 551 I.
331 510 369 557 S,
400 508 472 559 qni
502 506 544 549 S.
567 506 749 559 Remiyii
778 506 1071 557 arpositionein
1103 507 1148 547 in
1169 506 1387 547 Maliacum
1417 518 1549 546 niann
1569 518 1672 547 saec.
1698 504 1806 545 XII.
1838 503 2027 554 continet,
2058 503 2105 544 in
2134 504 2252 544 cuins
2276 501 2385 558 folio

201 576 341 616 ultimo
380 577 484 616 recto
516 589 560 626 p.
583 575 667 615 :267
712 574 834 615 illata
871 577 930 614 est
968 587 1094 614 mann
1132 585 1235 616 saec.
1257 572 1390 614 XIII.
1432 572 1603 624 epistola
1639 575 1795 622 nostra,
1833 585 1958 624 quain
1999 572 2171 613 contidit
2210 570 2386 613 Holder-

197 644 351 696 Egmer:
389 642 691 683 constitutionis
731 642 819 682 sola
862 642 1000 693 capita
1022 643 1133 681 1-4.
1164 641 1357 693 epistolae
1388 641 1546 681 inserta
1577 640 1636 681 ibi
1666 641 1880 693 Iefynntm·;
1911 638 1955 695 2>
1987 639 2162 680 editione
2192 638 2311 680 Sani
2339 639 2386 679 in

198 712 302 753 libro
342 711 419 753 ·Dc
460 712 587 753 claris
628 711 954 763 archiyymnasii
992 710 1274 751 Bononiensis
1303 708 1621 761 professoribns’
1655 709 1690 759 I,
1720 707 1933 760 appendioe
1955 721 2001 760 p.
2025 709 2079 747 60
2109 711 2181 758 (=
2215 707 2386 756 Savioli,

198 780 363 820 Annali
382 779 607 832 Boloynesi
628 779 690 829 II,
713 779 828 829 449),
860 792 964 830 qnae
985 778 1117 820 codice
1138 778 1296 831 colleyii
1317 777 1544 829 Hispaniei
1563 776 1647 818 275
1678 789 1780 818 saec.
1805 775 1935 818 XIII.
1968 789 2045 817 usa
2066 779 2138 818 est.
2188 776 2387 817 Formam

197 848 500 888 constitutionis
542 847 692 888 litteris
731 847 912 888 insertae
949 860 1038 887 cain
1080 860 1205 899 qnam
1234 858 1365 897 snpra
1403 846 1542 887 littera
1570 845 1603 887 O
1634 845 1890 898 signavimus
1914 844 2064 899 fnisse,
2100 846 2217 896 patet
2246 856 2336 884 cnm
2366 855 2386 884 e

198 916 436 957 Ieeticmibns
476 915 622 956 codicis
662 914 860 956 Senensis
903 918 988 955 tuin
1025 927 1075 955 eae
1114 927 1158 955 eo
1198 913 1306 966 qnod
1340 914 1533 954 narratio
1569 913 1766 954 histor-ica
1795 916 1833 954 et
1869 913 1963 966 ipsa
1991 912 2124 954 verbis
2150 911 2385 964 paullisper

198 985 366 1025 mutatis
404 984 522 1025 obvia.
560 986 630 1025 est.
700 983 824 1024 Hanc
863 985 998 1023 tertam
1023 982 1204 1037 formam
1235 982 1521 1023 Bononienses
1558 995 1701 1023 revera
1732 982 1777 1021 in
1813 981 1972 1034 Corpus
2005 980 2114 1021 iuris
2145 980 2386 1030 intulerunt,

196 1053 355 1093 adiecta.
386 1052 716 1104 confirmationis
739 1051 920 1092 Honorii
941 1051 1030 1093 III.
1058 1050 1289 1105 formula&
1323 1075 1375 1080 --
1407 1049 1862 1091 Hnillard‹Breliollcs
1884 1049 1948 1099 II,
1974 1051 2010 1090 7.
2063 1048 2256 1098 Bolinier,
2287 1047 2385 1101 Rey.

199 1122 292 1174 imp.
326 1121 370 1169 Γ,
394 1122 516 1160 1204.
2033 1116 2104 1170 (P.
2125 1117 2243 1167 245.)

340 1234 595 1276 Fredericus
642 1234 723 1275 Dei
769 1234 908 1289 gratia
950 1233 1240 1275 Romanorum
1295 1235 1530 1290 imperator
1578 1237 1647 1274 eta
1690 1246 1862 1288 semper
1917 1236 2127 1286 augustus
2173 1230 2385 1272 universis

196 1302 439 1345 sacrarumb
471 1303 615 1356 legum
648 1301 895 1344 doctoribus
930 1306 972 1343 et
1005 1302 1244 1343 scolaribus
1278 1302 1472 1344 Bononie
1505 1301 1869 1343 commorantibus
1911 1301 2095 1342 salutem
2128 1303 2170 1340 et
2201 1299 2384 1354 gratiam

197 1386 330 1413 suam.

339 1439 406 1481 Ad
448 1439 650 1479 honorem
691 1438 774 1480 Dei
806 1439 1136 1493 omnipotentisc
1179 1443 1223 1480 et
1263 1439 1446 1481 ecclesie
1490 1442 1637 1480 sancte
1676 1452 1752 1480 sue
1796 1439 1840 1478 in
1885 1437 1977 1489 die,
2018 1437 2132 1493 quad
2165 1437 2217 1479 de
2258 1450 2387 1478 manu

197 1507 478 1549 sacratissimi
518 1507 653 1561 patris
692 1508 854 1548 nostri⁴³
894 1508 1049 1548 summi
1096 1508 1309 1563 pontificis
1356 1509 1626 1563 suscepimus
1677 1506 1871 1562 imperiif
1907 1506 2124 1558 diadema,
2175 1505 2387 1548 edidimus

196 1577 402 1633 quasdam
434 1577 577 1630 legeS‚
616 1589 721 1630 quas
759 1577 949 1631 presenti
990 1577 1174 1632 paginas
1217 1577 1397 1619 fecimus
1431 1577 1646 1628 adnotari,
1689 1590 1768 1632 per
1799 1575 2042 1631 imperialia
2073 1575 2194 1616 vobis
2228 1575 2387 1630 scripta

194 1645 462 1695 mandantes,
510 1644 710 1699 quatinus
758 1658 832 1686 eas
879 1644 1047 1686 faciatis
1094 1645 1137 1685 in
1184 1645 1368 1687 vestrish
1411 1645 1540 1686 scribi
1587 1644 1807 1686 codicibus
1857 1648 1900 1685 et
1945 1643 1998 1685 de
2042 1647 2185 1685 cetero
2230 1643 2385 1698 legatis

194 1715 460 1770 solenpniter
503 1717 720 1767 tamquam
764 1714 984 1768 perpetuis
1025 1715 1292 1770 temporibus
1330 1715 1553 1756 valituras,
1674 1713 1783 1754 Sunt
1815 1716 1960 1754 autem
2000 1712 2081 1753 hee
2119 1712 2257 1766 leges:
2303 1710 2388 1752 ‘Ad

195 1782 325 1823 decus
359 1786 402 1823 et
434 1781 633 1822 decorem
666 1781 836 1836 imperii
871 1806 921 1811 ——
955 1781 1258 1824 nichilominus
1291 1781 1563 1838 puniendus'.
1615 1795 1745 1834 snpra
1774 1794 1841 1823 nr.
1863 1782 1931 1824 85.

388 1962 459 2006 87.
499 1963 899 2007 DEGLARATIO
930 1964 1367 2008 IMPERATORIS
1397 1965 1488 2007 DE
1514 1965 1729 2008 REGNO
1758 1964 2046 2007 SICILIAE.
2099 1963 2199 2006 Dec.

336 2043 691 2094 Declarationem,
730 2058 834 2096 quae
866 2044 987 2085 verba
1017 2045 1312 2087 declarationis
1351 2046 1487 2098 reyiae
1528 2052 1679 2099 (snpra
1710 2058 1774 2087 nr.
1796 2046 1872 2098 84)
1913 2045 2211 2098 transscripsit,
2234 2056 2387 2096 propo-

196 2113 332 2153 nimus
370 2127 420 2153 ese
465 2113 506 2168 1)
547 2113 722 2154 editione
760 2113 984 2155 Hniltardi
1022 2113 1199 2156 ‘Notiees
1239 2117 1277 2155 et
1319 2114 1508 2156 extr-aits’
1541 2114 1668 2164 XXI,
1690 2115 1729 2164 2,
1751 2113 1834 2154 354
1865 2126 1932 2155 nr.
1954 2112 2144 2154 XXVII
2165 2111 2336 2164 proflua
2365 2124 2385 2152 e

193 2181 323 2221 radice
356 2180 555 2222 Parisino
592 2182 662 2222 lat.
686 2182 798 2221 8990
837 2194 939 2224 saec.
963 2182 1140 2232 XVIII,
1180 2183 1422 2235 apoyraplza
1454 2182 1700 2224 Rotnlornm
1736 2182 2078 2224 Cinniacensinni
2109 2180 2221 2234 (Rot.
2243 2179 2390 2231 XIV.)

194 2250 471 2300 continente&
503 2249 547 2304 2)
579 2263 629 2290 ca:
659 2250 897 2303 apographo
928 2251 1148 2291 eorundem
1179 2251 1428 2292 Rotidornm
1459 2265 1498 2292 (ι.
1523 2253 1634 2291 1413
1659 2250 1776 2306 facto
1808 2250 2012 2291 tabularii
2042 2249 2235 2291 Vaticani
2256 2248 2386 2290 Instr.

194 2318 304 2359 misc.
341 2318 384 2360 C.
416 2317 544 2359 Fasc.
567 2320 624 2358 37
654 2331 719 2358 nr.
744 2321 768 2358 1
799 2317 856 2359 D.
879 2319 914 2369 I,
946 2319 1054 2371 quod
1083 2319 1301 2372 descripsit
1332 2319 1461 2360 Kclnz
1495 2344 1549 2348 —-—
1577 2319 1772 2370 Bo'linier,
1794 2318 1893 2371 Περ.
1927 2319 2024 2372 imp.
2057 2317 2102 2368 V,
2124 2318 2248 2359 1262.

1945 2386 2018 2440 (P.
2039 2386 2181 2435 deest.)

339 2476 597 2518 Fredericus
645 2476 858 2519 secundus
905 2477 1051 2519 divina
1098 2479 1272 2520 favente
1320 2478 1552 2520 clementia
1577 2477 1889 2530 ‚Romanorum
1934 2477 2169 2532 imperator
2212 2489 2384 2532 semper

195 2551 403 2600 augustus
443 2550 485 2586 et
516 2559 594 2586 rex
626 2544 784 2589 Sicilie.
901 2552 995 2594 Quia
1035 2565 1304 2598 nonnunquam
1343 2565 1397 2596 ea,
1428 2565 1500 2598 que
1541 2555 1629 2588 sunt
1660 2555 1762 2588 certa
1793 2554 1831 2588 et
1861 2552 1962 2587 clara.
1999 2550 2246 2597 presentibus
2278 2551 2386 2596 lapsu

194 2620 371 2665 temporis
404 2620 608 2655 redduntur
639 2620 751 2654 dubia
783 2623 821 2655 et
852 2621 1009 2655 obscura
1041 2622 1186 2664 futuris
1220 2622 1311 2657 satis
1343 2622 1490 2657 utiliter
1521 2624 1652 2657 contra
1681 2621 1880 2657 oblivionis
1902 2620 2139 2666 dispendium
2160 2620 2206 2655 ad
2236 2619 2383 2665 publice

194 2689 370 2723 utilitatis
410 2688 625 2733 suffragium
663 2689 846 2733 scriptura
884 2690 1060 2725 memorie
1092 2690 1304 2726 coaccessit.
1365 2690 1460 2725 Hinc
1500 2693 1556 2725 est
1594 2691 1693 2735 quod
1724 2702 1790 2726 nos
1822 2701 1887 2735 per
1917 2690 1988 2724 hoc
2019 2689 2198 2735 scriptum
2229 2689 2383 2724 authen-

193 2757 332 2791 ticum³
363 2758 589 2802 profitemur,
622 2757 817 2802 imperium
850 2758 965 2793 nichil
998 2771 1148 2804 prorsus
1170 2759 1260 2794 iuris
1290 2759 1427 2794 habere
1458 2759 1496 2793 in
1529 2771 1643 2805 regno
1667 2759 1801 2801 Sicilie,
1834 2757 1921 2794 tam
1943 2753 2056 2793 ultra
2076 2751 2111 2792 F
2115 2766 2236 2793 arum
2259 2765 2384 2806 quam

195 2820 314 2860 eitra.
345 2838 413 2861 nec
443 2838 510 2861 nos
542 2825 690 2860 racione
722 2826 869 2871 imperii
902 2826 1071 2862 obtinere
1102 2828 1246 2872 aliquid
1275 2827 1366 2862 iuris
1397 2827 1436 2862 in
1467 2827 1560 2872 ipso,
1593 2839 1675 2862 cum
1707 2828 1754 2862 ad
1784 2839 1851 2863 nos
1882 2838 1957 2862 non
1988 2826 2137 2862 racione
2168 2826 2286 2872 patris
2314 2827 2381 2861 aut

193 2894 494 2938 predecessorum
504 2888 523 2912 b

192 2962 393 2997 descendit.
455 2956 579 3003 Quod
611 2970 792 3011 regnum
816 2958 926 2999 sicut
954 2958 1319 3013 predecessoresd
1351 2959 1486 3000 nostri
1519 2965 1567 3000 ae
1598 2959 1796 3000 Romana
1828 2958 2013 3002 ecclesia
2046 2962 2290 3010 tenuerunt,
2323 2958 2383 2998 sic

554 2894 688 2939 ipsius,
730 2895 793 2929 sed
825 2906 869 2929 ex
900 2895 1030 2930 matris
1062 2898 1211 2931 tantum
1243 2896 1474 2932 successione
1506 2896 1753 2941 pervenerit⁰‚
1797 2908 1868 2941 que
1901 2908 1922 2931 a
1952 2907 2081 2942 regum
2112 2895 2236 2930 Sicilie
2268 2895 2384 2940 stirpe

329 3069 389 3104 86.
427 3070 458 3113 a)
484 3071 663 3104 chericus
688 3073 916 3105 Romanorum
935 3078 967 3105 et
985 3071 1016 3105 2.
1111 3071 1142 3114 b)
1167 3083 1341 3106 sacrorum
1362 3072 1390 3106 1.
1486 3073 1514 3115 c)
1541 3074 1665 3116 omnip.
1684 3074 1746 3106 Dei
1763 3073 1795 3106 2.
1891 3071 1923 3115 (ἶ)
1949 3084 2016 3115 quo
2033 3070 2064 3104 2.
2136 3072 2166 3114 ⁰)
2192 3073 2237 3105 H.
2253 3071 2335 3104 add.
2349 3069 2384 3104 2.

194 3126 219 3167 s)
246 3128 332 3160 deest
361 3127 388 3159 l.
510 3133 543 3170 8)
569 3130 690 3172 pagine
715 3128 746 3162 2.
867 3127 901 3172 h)
927 3130 962 3161 in
988 3130 1109 3163 vestris
1135 3130 1202 3163 des.
1228 3130 1260 3163 1.

331 3194 391 3228 ST.
422 3201 451 3235 a)
478 3197 686 3229 autenticum
712 3195 743 3229 2.
853 3196 886 3238 ¹²)
913 3198 1206 3240 predeccessorum
1232 3196 1264 3230 2.
1360 3198 1389 3239 c)
1415 3198 1607 3242 provenerit
1635 3197 1663 3231 1.
1758 3196 1789 3239 d)
1816 3198 2086 3241 predeccessores
2111 3196 2141 3230 2.
2236 3195 2265 3238 8)
2290 3201 2323 3229 et
2346 3195 2378 3229 2.

330 3286 363 3325 1)
393 3284 490 3327 Quae
514 3285 562 3319 sic
586 3285 711 3319 audit.-
737 3286 812 3321 Nos
838 3297 923 3322 vero
944 3286 1127 3322 Honorius
1153 3286 1345 3332 episcopus
1370 3298 1494 3322 servus
1513 3298 1697 3322 servorum
1716 3287 1781 3322 Dei
1805 3287 1869 3321 has
1888 3287 1987 3332 leges
2006 3297 2028 3321 a
2046 3286 2231 3321 Friderico
2249 3286 2384 3320 Roma-

193 3352 322 3375 norum
348 3341 561 3385 imperatori
587 3342 662 3377 filio
688 3345 813 3378 nostro
840 3343 1026 3379 carissimo
1053 3354 1118 3388 pro
1144 3343 1310 3378 utilitate
1335 3345 1498 3379 omnium
1525 3344 1806 3379 christianorum
1831 3344 1950 3378 editas
1976 3343 2169 3377 laudamus
2196 3344 2233 3377 et
2250 3352 2383 3386 appro-

194 3397 320 3431 bamus
359 3400 548 3441 tamquam
585 3399 624 3432 in
658 3402 824 3433 eternum
856 3400 1045 3435 valituras.
1102 3400 1152 3434 Et
1180 3401 1210 3435 si
1236 3401 1317 3445 quis
1342 3413 1433 3436 ausu
1459 3401 1654 3436 temerario
1680 3401 1829 3438 inimico
1856 3401 2007 3435 humani
2033 3400 2177 3445 generis
2203 3399 2382 3434 suadente

193 3465 422 3498 quocumque
453 3455 560 3489 modo
597 3455 661 3489 has
699 3456 898 3500 infringere
929 3458 1179 3502 temptaverit,
1216 3457 1512 3503 indignationem
1545 3458 1611 3492 Dei
1645 3458 1910 3502 omnipotentis
1935 3460 1973 3492 et
2002 3457 2193 3492 beatorum
2220 3456 2318 3491 Petri
2344 3457 2382 3490 et

194 3510 297 3545 Pauli
323 3512 571 3555 apostolorum
600 3523 636 3546 se
663 3514 807 3548 noverit
832 3514 1071 3549 incursurum.
1122 3514 1311 3558 (Potthasn
1341 3515 1425 3559 Rea.
1450 3518 1551 3558 pont.
1576 3517 1692 3558 6408.)
1746 3513 1908 3548 Ediwres
1939 3514 2096 3548 Bnllarii
2121 3513 2278 3548 Romani
2301 3511 2382 3546 inde

191 3578 212 3599 a
232 3566 443 3601 C'liernbinio
468 3569 514 3611 (I,
534 3573 591 3612 43)
616 3580 726 3612 usqne
750 3570 797 3604 ad
814 3570 957 3605 editores
979 3571 1011 3605 T
1009 3572 1214 3606 morinenses
1237 3572 1329 3615 (III,
1349 3578 1376 3615 1,
1392 3575 1468 3616 217)
1492 3583 1509 3607 e
1530 3572 1681 3615 Corpore
1704 3571 1796 3605 inris
1818 3571 2019 3605 haurientes
2041 3570 2134 3604 hane
2149 3569 2381 3612 confirmatio-

193 3625 247 3657 nis
269 3625 457 3665 formulam
483 3626 724 3659 constitutioni
743 3627 809 3670 ipsi
826 3632 1119 3671 praeposuerunt,
1144 3632 1185 3662 nt
1205 3628 1336 3663 bullam
1356 3630 1574 3672 pontificiam
1589 3629 1802 3671 conficerent.
1897 3628 1932 3670 2)
1960 3627 2013 3670 Cf.
2031 3626 2112 3662 ibid.
2124 3638 2164 3670 p.
2178 3630 2244 3661 296
2260 3636 2314 3660 nr.
2329 3630 2378 3660 65.

2420 926 2454 951 10

2422 1311 2453 1336 15

2422 1652 2456 1678 20

2422 2123 2454 2150 25

2420 2487 2453 2513 30

2419 2834 2450 2860 35

2414 3204 2448 3229 40

2415 3510 2447 3534 ⁴5
