2558 3970
98 979 131 1004 10

98 1331 128 1356 15

96 1676 128 1701 20

97 2021 128 2047 25

99 2863 132 2889 ³0

544 162 760 198 HElNlthl
788 164 929 198 REuls
957 165 1390 203 ‹foNs'l'l'l'lf'rn›NEffi
1445 171 1538 203 1223.
1582 171 1677 206 1224.
1730 172 1789 206 Nr.
1809 174 1886 208 252.
1911 174 1988 209 283.
2284 180 2363 219 397

167 279 298 331 ‚capilli
329 277 630 332 fraymentum.
697 280 976 331 Confirmalae
1008 285 1104 322 sunl
1145 285 1373 324 sementim·
1407 285 1507 325 istac·
1536 287 1754 340 pre're'leqio
1786 288 1979 330 llam-ivi
2012 289 2224 342 Jfasponis
2255 294 2366 333 anti-

167 348 275 400 φορεῖς·
305 361 344 389 (ι.
371 348 491 389 1246.
526 346 658 388 Mart.
681 349 736 388 :25
768 348 874 397 (lato,
907 350 1016 401 quod
1044 352 1276 402 suspicione
1309 365 1390 392 non
1423 358 1552 402 carel,
1591 356 1699 396 edito
1729 372 1753 397 α
1788 357 1945 398 Fullceo
1979 359 2022 398 in
2059 359 2203 399 Hodie-a·
2235 359 2367 400 tradi-

167 415 325 456 tionum
361 415 669 457 Corbeiens‘imn
691 419 775 456 403
806 423 879 470 (Ξ
908 419 1079 460 Gruner
1110 419 1346 471 ‘opuscula'
1369 426 1407 465 ,2,
1430 425 1535 472 .··›’77,·
1572 424 1749 465 mmm-
1786 425 1825 474 Γ,
1848 427 2024 480 -1,··(1ἰ8)ῑ.
2059 453 2109 456 Ἃ
2143 427 2369 469 Huillard-

167 484 383 526 Breholles
413 484 476 535 II,
501 488 594 527 763.
657 486 851 537 Bo'lnnor,
891 487 989 539 Rey.
1024 489 1120 540 imp.
1156 489 1346 538 123895.
2014 495 2083 541 (P.
2106 498 2225 550 252.)

311 623 367 664 Η.
402 623 484 665 Dei
524 625 664 679 gratia
696 624 987 665 Romanorum
1029 639 1106 666 rex
1145 630 1187 666 ct
1230 640 1403 682 semper
1445 634 1654 682 augustus
1688 631 1903 672 universis
1945 633 2199 676 infeudatis.
2241 635 2364 676 mini-

168 692 430 744 sterialibus,
465 692 692 748 oppidanis
725 694 889 748 totique
922 694 1084 735 familie
1109 694 1385 736 (Jorbeiensis
1418 698 1602 739 ecclesie
1627 699 1809 752 gratiam
1835 713 1953 740 suam
1978 707 2020 741 et
2045 716 2169 743 omne
2194 702 2367 744 bonum.

311 761 597 804 Universitati
630 767 774 804 vestre
807 763 1009 804 duximus
1045 764 1393 818 significandum.
1436 766 1548 820 quod
1583 781 1723 808 coram
1759 769 1882 809 nobis
1917 784 2010 810 cum
2047 772 2370 825 requireretur¹“

169 833 209 873 in
243 833 459 873 sententia
492 832 729 874 venerabili
761 831 842 872 H.2
876 831 1131 874 Corbeicnsi
1167 833 1323 879 eleeto,
1365 835 1578 889 requisitis
1612 837 1830 879 omnibus.
1873 839 2017 879 extitit
2051 840 2365 882 adiudicatum:

169 900 282 956 quod
314 901 518 942 universa
551 900 693 942 officia
726 901 912 942 ecclesie
946 915 1022 943 sue
1055 902 1317 957 pertinentia
1343 908 1497 945 vacent
1521 910 1562 945 et
1585 905 1638 946 ad
1661 911 1808 947 nutum
1836 921 1958 948 suum
1983 909 2065 948 sint
2091 910 2367 953 instituenda.

169 970 364 1026 exceptis
399 974 582 1025 quatuor
614 970 793 1011 officiis³
825 970 1154 1026 principalibus,
1189 985 1369 1026 quorum
1404 972 1515 1013 bona
1548 974 1705 1016 nullius
1742 976 1905 1017 iusticie
1940 977 2005 1017 vel
2039 979 2198 1019 astutio
2219 980 2366 1023 ,inter-

167 1044 296 1080 ventu
330 1039 383 1080 ab
417 1039 523 1094 ipsis
558 1039 709 1080 officiis
742 1043 944 1094 poterunt
976 1040 1154 1081 alienari
1169 1046 1198 1089 ⁸,
1233 1041 1516 1083 officiatorum
1551 1058 1721 1099 quoque
1755 1045 1829 1085 filii
1865 1047 2084 1087 sonim-esu
2116 1052 2157 1087 ct
2189 1048 2367 1102 legitimi

166 1114 333 1163 patrum
379 1108 613 1150 succedent
657 1108 810 1150 officiis
855 1110 982 1163 pleno
1025 1110 1129 1151 iure.
1193 1110 1354 1152 Verum
1397 1113 1527 1154 etiam
1569 1114 1682 1168 quod
1725 1115 1766 1155 in
1810 1115 2074 1157 civitatibus.
2117 1116 2285 1171 oppidis
2327 1122 2369 1157 et

166 1178 279 1218 villis
323 1177 597 1219 cambsiones
641 1177 914 1219 denariorum
958 1192 1042 1219 non
1092 1179 1196 1220 fiant
1241 1181 1321 1221 nisi
1363 1180 1414 1221 de
1455 1195 1669 1224 consensu
1713 1187 1755 1223 et
1795 1184 2018 1225 voluntate
2061 1183 2230 1225 abbatis
2271 1199 2368 1240 pre-

167 1247 413 1299 memorati,
458 1251 501 1289 et
541 1252 716 1289 moneta
759 1246 1006 1288 nullatenus
1050 1253 1115 1289 est
1159 1248 1367 1291 eudenda.
1432 1249 1523 1291 Nec
1567 1265 1648 1292 non
1682 1252 1940 1308 quicumque
1975 1253 2270 1294 ministerialis
2306 1254 2370 1293 vel

169 1315 380 1358 officiatus
413 1330 639 1372 personam
675 1315 836 1357 domini
871 1317 934 1358 sui
968 1318 1168 1372 nequiter
1191 1318 1460 1374 insequendo
1486 1320 1553 1362 vel
1578 1321 1836 1377 captivando
1860 1322 1925 1363 vel
1951 1322 2113 1377 perfide
2145 1322 2368 1378 spoliando

166 1385 412 1435 offenderit,
458 1387 549 1427 iure
592 1400 668 1427 suo
711 1386 871 1440 privari
905 1385 1036 1427 debet
1069 1391 1111 1427 et
1144 1387 1304 1438 officio,
1349 1389 1430 1430 nisi
1465 1389 1516 1431 de
1564 1390 1861 1432 benivolentia
1900 1392 2104 1447 principis
2136 1391 2370 1432 relaxetur.

165 1453 353 1495 Demum
387 1455 630 1509 quicunque
671 1454 808 1496 abbas
852 1455 994 1497 dotem
1029 1456 1211 1498 ecclesie
1252 1457 1361 1497 nisi⁸
1392 1457 1445 1499 de
1479 1472 1694 1501 consensu
1729 1464 1771 1500 et
1805 1461 2017 1501 communi
2052 1460 2369 1502 deliberatione

166 1523 342 1579 capituli
385 1524 448 1565 sui
494 1523 772 1579 obligaverit,
816 1524 1002 1565 creditor
1040 1525 1245 1567 abbatem
1279 1540 1575 1570 successorem
1609 1542 1733 1569 suum
1768 1543 1851 1570 non
1886 1529 2067 1584 impetet
2101 1543 2180 1570 nec
2213 1529 2370 1569 artabit

166 1593 370 1648 exigente
403 1593 545 1648 rigore
585 1593 707 1645 iuris,
752 1594 1003 1649 cuiusquam
1046 1594 1321 1650 obligationis
1355 1597 1422 1638 vel
1466 1596 1600 1639 debiti
1635 1599 1876 1640 occasione.
1940 1597 2209 1640 Donationes
2247 1613 2370 1639 man-

168 1675 324 1715 sorum,
358 1662 662 1704 concessiones
695 1662 937 1714 feudorum,
973 1662 1263 1719 obligationes
1296 1666 1523 1721 pignorum
1557 1671 1657 1708 ante
1692 1668 1900 1722 regalium
1935 1668 2226 1722 receptionem
2256 1667 2370 1709 facte

165 1730 249 1772 sint
280 1731 323 1772 in
356 1731 520 1772 irritum
555 1731 810 1773 revocande.
875 1731 983 1773 Cum
1017 1733 1163 1788 itaque
1187 1734 1390 1776 universa
1422 1735 1617 1790 predicta
1640 1735 1832 1778 dictante
1856 1737 2097 1792 principum
2121 1741 2163 1777 et
2186 1736 2365 1778 aliorum

165 1804 415 1856 magnatum
449 1805 491 1842 et
522 1801 713 1842 fidelium
747 1801 916 1856 imperii
943 1803 1159 1844 sententia
1183 1803 1267 1844 sint
1290 1804 1555 1855 confirmata,
1589 1805 1841 1847 mandamus
1874 1804 2071 1846 fidelitati
2096 1810 2253 1857 vestre,
2291 1806 2369 1846 sub

166 1883 279 1925 pena
310 1870 447 1925 gratie
480 1874 628 1912 nostre
669 1870 848 1912 firmiter
890 1871 1203 1927 precipientes,
1244 1877 1459 1928 quatenus
1493 1881 1586 1926 eaff,
1630 1875 1741 1916 sicut
1772 1874 1900 1916 fidem
1935 1878 2126 1916 vestram
2161 1874 2371 1916 condecet

167 1942 209 1979 et
239 1938 535 1992 honestatem,
579 1939 726 1981 abbati
769 1944 1088 1995 prememorato
1121 1945 1340 1996 tamquam
1374 1942 1544 1984 domino
1579 1948 1722 1986 vestro
1762 1944 1886 1986 illesa
1918 1947 1961 1984 et
1992 1943 2158 1998 integra
2192 1957 2366 1985 conser-

165 2007 290 2049 vetis.
360 2007 485 2055 Quod
529 2009 600 2064 qui
645 2022 729 2050 non
770 2009 945 2061 fecerit,
992 2009 1334 2066 indignationem
1377 2013 1686 2068 omnipotentis
1729 2012 1810 2055 Dei
1855 2016 2087 2068 nostreque
2128 2013 2367 2053 maiestatis

165 2090 344 2131 gravem
377 2077 588 2120 offensam
622 2092 668 2120 se
701 2079 871 2120 noverit
903 2079 1187 2121 incursurum.

311 2145 471 2188 Datum
505 2146 618 2203 apud
653 2146 926 2200 VVirzeburc,
961 2147 1039 2189 VI.
1073 2148 1171 2191 Kal.
1206 2149 1320 2201 Iulii,
1355 2150 1589 2192 indictione
1623 2151 1702 2192 XI.

166 2579 299 2648 283.
356 2577 970 2651 SENTENTIA
1014 2581 1150 2651 DE
1194 2579 1714 2652 ARGENTO
1759 2578 2368 2651 VENDENDO.

1106 2707 1248 2754 1224.
1290 2706 1440 2764 (Mai.)

312 2849 572 2892 Sententiam
602 2850 710 2892 hane
740 2851 866 2894 Perta
896 2852 953 2894 ad
983 2867 1020 2894 a.
1045 2855 1156 2894 1234
1184 2853 1336 2907 posuit,
1369 2851 1658 2894 Selmnnatum
1688 2854 1860 2901 secutus,
1894 2851 1967 2903 qui
1996 2851 2043 2890 in
2064 2849 2259 2891 Historia
2286 2850 2370 2901 epi-

165 2920 356 2971 scopatus
383 2919 703 2962 Wormatiensz's
733 2920 799 2971 H,
822 2923 907 2962 117
939 2934 1029 2963 eam
1059 2934 1100 2963 se
1131 2935 1182 2964 ex
1212 2920 1446 2963 authentico
1477 2919 1751 2972 desumpsisse
1773 2917 2048 2960 contenderat.
2102 2917 2190 2959 Nos
2213 2917 2369 2960 Sokan-

165 2987 258 3028 nati
305 2988 546 3030 lectionibus
590 2989 911 3032 notabilioribus
956 2990 1030 3032 sub
1072 2991 1176 3044 stylo
1209 2990 1237 3032 S
1277 2990 1500 3039 adnotatis,
1545 3001 1635 3030 eam
1676 2988 1950 3040 proponimus
1989 2987 2181 3028 collatam
2222 3001 2249 3028 α
2282 2987 2370 3028 viro

166 3055 214 3098 cl.
239 3055 362 3110 Wyss
393 3070 485 3099 cum
505 3057 636 3098 Libro
663 3058 979 3111 privileyiorum
998 3059 1187 3101 eeclesiae
1217 3058 1535 3101 Wormatiensis
1556 3070 1658 3099 saec.
1685 3056 1786 3098 XV.
1812 3057 1869 3099 in.
1902 3057 1944 3096 in
1979 3055 2188 3096 tabulario
2209 3053 2368 3096 Darne-

166 3123 368 3166 stadiensi
397 3128 626 3176 asservato,
657 3126 730 3167 ubi
761 3126 822 3167 bis
854 3127 1004 3179 Zeqitur
1052 3128 1090 3183 1)
1118 3127 1198 3183 fol.
1222 3130 1278 3169 30
1310 3131 1347 3169 et
1387 3127 1429 3182 2)
1457 3126 1535 3181 fol.
1561 3123 1619 3176 8¹,
1654 3126 1812 3166 inserta
1845 3123 2068 3178 privileyio
2098 3123 2255 3164 Karoli
2285 3123 2365 3165 IV.

117 3219 130 3232 .‚
166 3206 204 3234 α.
231 3195 355 3237 1364.
388 3193 487 3235 Iun.
510 3196 566 3236 24
595 3195 692 3236 dato
724 3195 938 3248 (Bo'hmer,
973 3196 1073 3249 Reo.
1107 3197 1205 3249 irnp.
1240 3196 1364 3246 VIII,
1386 3196 1534 3243 4053).
1595 3193 1789 3234 Eundem
1822 3192 1998 3234 Librum
2036 3190 2226 3232 adhibuit
2258 3190 2370 3231 Boos

169 3260 524 3305 ‘Urkundenbueh
562 3263 635 3304 der
678 3262 800 3306 Stadt
834 3265 1008 3308 Worms'
1041 3266 1076 3315 1,
1109 3278 1173 3307 nr.
1199 3268 1294 3306 130.
1341 3289 1396 3295 —-
1443 3261 1898 3304 Hm'llard-Brelzolles
1929 3261 1991 3311 ΙΙ,
2016 3260 2110 3301 796.
2171 3258 2368 3308 ΒόΙιηιεν,

168 3328 265 3384 Rey.
298 3331 395 3384 imp.
431 3331 476 3382 V,
498 3333 624 3374 3923.
2009 3327 2082 3382 (P.
2106 3329 2225 3382 302.)

303 3457 389 3494 282·
420 3460 450 3502 a)
476 3472 606 3494 rasura
630 3467 662 3495 et
685 3468 882 3495 correctura
906 3463 943 3494 in
968 3475 1016 3495 or.

306 3574 340 3616 1)
369 3572 572 3608 Genuinam
596 3585 671 3609 eam
695 3585 776 3619 esse,
797 3576 950 3619 probare
976 3577 1126 3610 conatus
1149 3577 1198 3608 est
1219 3572 1347 3607 Fica-er
1373 3571 1662 3615 ‘M'ttheilunyen
1681 3569 1738 3602 des
1756 3568 1923 3602 Instv'tuts
1939 3567 2002 3609 fiir
2020 3569 2136 3600 o'slerr.
2153 3564 2368 3599 Geschichts-

102 3635 135 3661 40
168 3627 370 3675 fm·sehun9'
396 3631 450 3674 II,
472 3636 543 3666 215.
661 3634 697 3675 2)
725 3633 937 3668 Hermanno
962 3634 1076 3668 com-iti
1101 3634 1144 3668 de
1169 3631 1305 3669 Dassel.
