2558 3970
201 219 280 256 56¹)
595 213 845 247 MANFREDJ
876 214 1013 248 uEuls
1041 215 1274 250 EPISTULA
1301 215 1364 249 Al)
1392 216 1630 250 ROMANOS.
1684 217 1778 251 1265.
1829 217 1892 252 Nr.
1910 218 1986 251 424.

202 329 510 381 ,ςιιηυΙῐίεείιιιου
544 326 590 366 af
620 341 694 367 sue
729 327 842 367 sedis
875 328 1097 382 principio,
1131 342 1212 383 que
1245 343 1415 370 suorum
1450 331 1599 385 lapsug
1631 335 1784 384 postea
1813 332 2077 386 prelatorum
2110 332 2221 374 dicte
2256 348 2378 375 sanc-

202 397 350 449 titaQtis
379 394 530 447 gelnus
562 394 792 435 dilucidum
817 397 1098 450 apparenter¹¹
1122 397 1162 437 in
1186 398 1278 439 eius
1303 399 1560 439 contrarium
1585 400 1818 452 transtulit,
1851 401 2101 442 memoriam
2125 400 2382 458 inc[ole]bat

118 479 130 496 -ι
202 462 525 519 illJustrisslimii
564 463 680 504 Petri
722 465 847 518 primi
879 466 1112 520 pontificis,
1153 467 1305 508 summi
1344 468 1498 522 patris,
1540 468 1611 522 qui
1645 468 1724 508 ait:
1767 470 1930 510 ‘aurum
1964 473 2006 510 et
2036 473 2260 524 argentum
2295 484 2379 511 non

201 531 384 572 habeok.
426 538 488 572 set
530 530 642 586 quod
682 531 820 572 habco
864 533 941 574 tibi
975 533 1046 575 do:
1091 548 1218 589 surge
1256 535 1403 590 igitur¹
1436 536 1477 576 in
1510 536 1680 576 nomine
1723 537 1856 591 patris
1891 542 1934 578 et
1965 537 2139 578 ambula
2171 538 2212 579 in
2246 537 2380 594 pace’,

202 612 266 642 set
300 601 448 641 volans
483 614 610 655 super
641 615 805 655 pennas
830 606 1055 644 ventorum
1089 608 1132 645 et
1164 607 1301 645 tuncm
1332 606 1540 659 navigans
1572 606 1614 645 in
1644 605 1819 645 flumine
1842 605 2096 647 Babilonis¹
2127 607 2293 661 letargo
2313 639 2322 648 .
2341 640 2350 650 .
2371 640 2380 650 .

143 679 181 698 ³³-
206 668 408 724 rrad[idit¹¹
454 669 609 709 dictum
651 668 825 710 Christi:
871 680 968 726 ‘pax
1002 671 1151 722 vobis‘,
1197 676 1263 713 set
1303 673 1398 714 loco
1439 673 1653 727 evangelii
1696 676 1850 714 ‘estote
1894 673 2078 715 humiles
2117 678 2160 716 et
2200 674 2382 730 pacifici’

199 737 496 778 demandantis
530 738 570 778 in
606 737 862 779 hereditario
891 753 1021 794 regno
1050 745 1197 782 nostro
1224 747 1449 795 ‘guerr-am,
1482 741 1698 796 guerram'
1732 742 1865 783 atroci
1889 742 1954 782 sui
1978 743 2185 784 tumultus
2208 743 2386 784 lascivia

201 806 369 860 puplice
412 806 675 860 predicabat.
795 808 859 861 (5)
900 808 975 849 Set
1007 823 1060 850 ne
1093 809 1145 850 dc
1191 813 1310 850 tanto
1353 824 1430 850 suo
1470 810 1634 851 enormi
1666 824 1851 851 excessu
1884 811 1999 852 inani
2032 811 2170 865 gloria
2202 810 2273 851 diu
2306 825 2383 853 ex-

201 875 423 916 tolleretur
455 875 507 915 ad
532 876 711 916 nebulas
739 877 940 918 vanitatis
971 877 1100 932 impia
1123 878 1195 918 illa
1218 883 1369 923 mater,
1403 879 1528 920 solite
1553 878 1765 933 condigne
1790 883 1934 920 nostre
1962 879 2159 934 potencie
2185 879 2383 920 maximis

201 944 398 983 excitatis
434 944 649 997 vigoribus
683 944 962 996 confidentes,
997 947 1097 1001 quia
1130 947 1301 987 iusticia
1333 950 1398 987 est
1421 950 1624 987 constans
1648 952 1691 988 et
1715 953 1923 1002 perpetua
1948 948 2144 988 voluntas
2168 947 2233 988 ius
2258 961 2381 988 suum

140 1027 151 1046 ·-’
175 1041 178 1043 Α
202 1013 353 1066 cuique
380 1012 586 1055 tribuens
620 1021 661 1053 et
684 1014 882 1068 quoniam
895 1020 912 1037 ¹¹
946 1015 1150 1069 scriptum
1176 1019 1260 1056 est:
1294 1025 1404 1056 ‘cum
1435 1016 1555 1056 fortis
1578 1021 1767 1057 armatus
1792 1015 2045 1057 custodierit
2066 1016 2221 1056 atrium
2246 1030 2384 1066 suum,

201 1081 340 1120 omnia
376 1091 472 1120 sunt
505 1082 543 1121 in
577 1096 679 1135 pace
714 1096 795 1136 que
830 1082 1046 1137 possidet',
1080 1087 1122 1125 ct
1154 1084 1327 1125 iterum:
1364 1089 1474 1124 ‘cum
1506 1098 1581 1125 rex
1606 1085 1744 1125 iustus
1768 1084 1928 1126 sederit
1951 1099 2079 1140 super
2103 1084 2263 1135 sedem,
2299 1099 2384 1126 non

202 1149 501 1189 aulvcrsabitur
533 1149 610 1189 sibi
646 1152 872 1205 quiequam
906 1150 1198 1206 malignum’2,
1231 1152 1285 1192 ad
1318 1153 1458 1194 celum
1489 1154 1644 1194 erectis
1677 1153 1875 1194 manibus
1910 1159 2133 1208 ayamus0:
2167 1153 2386 1194 Memento

176 1246 180 1250 -
207 1217 389 1257 llomine
423 1217 541 1258 Deus
574 1224 720 1259 noster
752 1219 864 1274 quod
897 1221 1102 1276 seriptum
1136 1225 1220 1262 est:
1266 1226 1353 1261 ‘cor
1386 1221 1497 1275 regis
1530 1222 1571 1262 in
1605 1236 1734 1262 manu
1764 1222 1846 1263 Dei
1881 1226 1966 1273 est,
2007 1226 2050 1263 et
2081 1221 2154 1262 ubi
2187 1222 2385 1263 voluntas

201 1287 340 1326 suerit.
374 1286 592 1326 inclinabit
624 1286 758 1329 illud'.
820 1288 876 1328 Et
909 1289 968 1329 sic
1002 1290 1120 1344 pacis
1145 1303 1194 1329 ac
1227 1290 1396 1331 iusticie
1427 1304 1554 1345 quam
1579 1304 1750 1345 semper
1773 1290 1983 1331 coluimus
2008 1291 2160 1331 muniti
2183 1289 2383 1346 presidio,

202 1354 343 1394 divina
377 1354 499 1395 nobis
541 1355 711 1397 favente
744 1358 908 1410 gracia,
953 1358 1275 1412 prosiliencium
1310 1358 1494 1400 ecclesie
1527 1359 1792 1414 prelatorum
1824 1359 2105 1414 irregulatam
2139 1359 2384 1414 superbiam

203 1423 379 1477 eiusque
413 1424 641 1478 complices
674 1430 716 1465 et
741 1439 950 1480 sequaces
983 1427 1346 1481 triumphabiliter
1369 1426 1627 1468 debellando
1650 1427 1908 1482 fugavimus,
1942 1428 2051 1468 sicut
2079 1427 2265 1468 hostium
2287 1441 2386 1482 pre-

202 1491 408 1531 dictorum
443 1492 657 1532 excidium
693 1492 797 1549 [per]
831 1495 1015 1535 universi
1049 1495 1194 1535 mundi
1230 1495 1400 1536 climata
1432 1496 1680 1550 puplicavit.
1772 1497 1832 1550 (6)
1867 1496 2000 1537 Porro
2033 1496 2180 1537 habita
2211 1496 2264 1537 de
2288 1509 2386 1551 pre-

201 1560 323 1600 ‹lictis
359 1560 473 1601 felici
508 1562 682 1602 victoria
714 1567 756 1602 et
789 1563 1003 1618 triumpho
1037 1564 1174 1605 eciam
1208 1565 1406 1618 glorioso,
1439 1565 1628 1619 prefatos
1661 1570 1784 1606 extra
1816 1565 1954 1606 tocius
1979 1565 2099 1620 regni
2124 1565 2259 1606 nostri
2283 1579 2386 1606 con-

203 1629 305 1668 tines
350 1629 598 1669 licenciatos
641 1630 996 1685 proscribentosv,
1041 1636 1087 1672 ut
1133 1646 1280 1673 corum
1323 1633 1570 1687 superbiam
1614 1632 1778 1684 decuit,
1827 1634 1926 1688 quia
1966 1633 2158 1674 eiusdem
2202 1632 2385 1674 ecclesie

204 1697 394 1738 Romane
429 1700 650 1740 temeritas
684 1700 840 1754 Anglie
874 1700 1133 1742 Riccardum
1165 1702 1365 1742 comitem
1397 1715 1446 1742 ac
1478 1702 1694 1743 Anfusum
1729 1716 1874 1757 regem
1906 1701 2120 1753 Castelle,
2165 1702 2278 1743 viros
2311 1716 2388 1757 po-

203 1771 342 1807 tentes
376 1768 520 1821 utique
553 1772 596 1808 et
628 1768 828 1819 famosos7
863 1769 914 1809 ad
947 1770 1115 1824 imperii
1147 1770 1366 1824 fastigium
1399 1770 1671 1821 invitaverat,
1704 1774 1749 1811 ut
1773 1775 1966 1811 nostrum
1990 1770 2266 1826 perturbaret
2288 1784 2388 1825 pro-

204 1836 387 1889 positum
422 1836 601 1890 singulis
635 1837 863 1891 vigilancie
897 1852 973 1879 sue
1008 1838 1255 1890 conatibus,
1290 1839 1616 1893 magnificencie
1648 1844 1795 1881 nostre
1827 1839 2150 1894 potentissimas
2183 1839 2303 1879 alasq
2336 1837 2389 1879 ad

205 1903 396 1944 Marchie
430 1919 478 1945 ac
511 1904 666 1945 Tuscie
700 1906 942 1960 provincias
974 1908 1259 1961 porreximus.
1320 1906 1369 1947 In
1402 1907 1557 1962 quibus
1591 1922 1646 1948 ex
1677 1908 1824 1948 innata
1856 1908 1977 1949 nobis
2009 1908 2063 1949 ab
2098 1908 2272 1962 antiquo
2305 1907 2387 1947 im-

205 1972 378 2027 perandi
412 1979 575 2017 natura,
609 1974 723 2015 orbis
757 1976 894 2015 tocius
926 1976 1101 2030 regibus
1136 1976 1314 2030 singulis
1347 1976 1668 2030 quiescentibus
1707 2002 1751 2006 —
1789 1977 1887 2031 quia
1920 1977 2087 2032 imperii
2119 1977 2212 2016 iura
2234 1975 2383 2016 defen-

204 2041 360 2087 dimus,
402 2043 511 2083 iuste
545 2043 710 2096 agimus
750 2045 1013 2099 pacemquer
1044 2045 1224 2085 colimus
1259 2069 1310 2073 —-
1344 2045 1529 2085 maiores
1562 2045 1640 2086 sub
1674 2045 1758 2086 Dei
1804 2045 1983 2086 dextera
2014 2044 2253 2100 triumphos
2286 2058 2384 2100 per—

205 2111 434 2164 cepimus&
476 2114 621 2165 quamt
659 2112 792 2153 habiti
834 2113 992 2153 fuerint
1032 2113 1242 2154 hactenus
1283 2113 1594 2154 debellacionis
1633 2118 1856 2168 temporeu
1896 2114 2232 2164 Ressiuallisv·³,
2278 2114 2390 2154 sicut

205 2179 390 2232 ipsarum
424 2181 734 2234 provinciarum
768 2182 963 2235 regiones
997 2187 1040 2223 et
1071 2187 1182 2223 terre
1215 2187 1397 2222 nostroW
1430 2182 1605 2223 reducte
1634 2182 1751 2223 felici
1774 2182 1960 2223 dominio
1992 2196 2133 2223 rerum
2164 2182 2388 2237 apparenti

206 2248 397 2288 csscncia
430 2248 678 2289 evidencius
719 2255 1017 2290 attestanturx.
1138 2249 1203 2305 (7)
1248 2250 1361 2291 Sane
1401 2249 1682 2291 considerans
1716 2251 1900 2292 ecclesie
1934 2251 2129 2292 Romane
2161 2250 2385 2305 cupiditas,

206 2315 317 2368 quod
351 2330 428 2356 nec
461 2331 536 2370 per
569 2332 668 2358 suas
702 2318 880 2359 subdole
915 2319 1250 2359 machinacionis
1275 2333 1426 2359 manus
1453 2319 1639 2359 irretitas
1662 2318 1819 2359 doloris
1845 2320 2019 2371 aculeis,
2052 2333 2132 2360 nec
2154 2326 2256 2374 pery
2288 2332 2384 2374 pre-

207 2384 415 2424 dic-mrum
449 2387 615 2426 comitis
649 2392 691 2427 et
725 2388 841 2441 regis
873 2389 1051 2429 invitate
1085 2389 1374 2442 subgestionis
1407 2387 1620 2429 adventus
1653 2388 1810 2428 nostris
1843 2388 2102 2429 felicissimis
2135 2387 2187 2428 ad
2223 2388 2390 2442 imperii

207 2453 503 2494 celsitudinem
539 2456 887 2497 concurrentibus
921 2458 1143 2511 gressibus
1177 2458 1308 2498 chaos
1341 2457 1515 2512 aliquod
1548 2457 1716 2497 firmare
1749 2457 1886 2511 potuit
1919 2471 1997 2498 nec
2022 2457 2180 2498 vallum
2203 2456 2384 2512 impedi-

207 2522 303 2562 endi
345 2524 473 2563 nostri
510 2524 721 2565 victoriosi
761 2525 998 2566 adventusz
1030 2540 1107 2580 per
1146 2526 1322 2567 eosdem
1356 2527 1516 2567 vallare
1549 2526 1774 2580 sperabat,
1815 2539 1931 2566 more
1973 2526 2095 2566 solito
2127 2525 2390 2579 excogitatis

208 2605 282 2631 >uc
317 2592 513 2645 nequicie
547 2593 765 2633 fraudibus
799 2595 998 2644 tercium,
1041 2594 1241 2635 videlicet
1273 2594 1523 2649 K(arolum)
1558 2595 1760 2635 comitem
1792 2594 2040 2645 Provincie,
2073 2595 2211 2635 virum
2243 2594 2388 2648 utique

207 2660 375 2708 generis
410 2660 563 2701 nobilis
597 2667 639 2702 et
672 2663 871 2716 potentiS,
904 2668 1033 2703 tunca
1065 2663 1117 2703 ad
1149 2663 1431 2704 donacionem
1464 2664 1582 2717 regni
1615 2663 1767 2711 nostri,
1801 2663 2051 2704 donacionis
2084 2661 2303 2703 Guilielmi
2335 2661 2388 2702 de

209 2730 406 2782 (lrenga4
448 2730 684 2771 imitantem
717 2731 918 2785 vestigia,
951 2735 1099 2771 contra
1131 2735 1341 2779 nostrum,
1383 2732 1639 2786 reipuplice,
1682 2736 1879 2781 senatus,
1924 2731 2071 2786 populi
2116 2735 2159 2772 et
2193 2730 2387 2771 comunis

210 2797 408 2837 houm-em
450 2798 602 2838 studiis
644 2800 821 2853 singulis
863 2801 1128 2840 convocavit.
1249 2800 1310 2854 (8)
1351 2800 1439 2841 Nos
1481 2814 1599 2850 vere,
1645 2801 1714 2855 qui
1756 2800 1835 2841 sub
1869 2800 1951 2841 Dei
1991 2799 2172 2840 dextera
2204 2799 2389 2839 victricis

209 2866 348 2919 aquile
383 2867 554 2907 nostrc¹¹
589 2868 722 2921 signis
757 2869 1003 2908 clarissimis
1038 2883 1120 2909 non
1154 2869 1291 2909 solum
1326 2869 1518 2923 singulas
1551 2870 1671 2923 quasi
1704 2869 1903 2923 regiones
1928 2869 2072 2909 Ytalie
2102 2867 2389 2923 possidemus,

209 2945 270 2973 set
305 2935 439 2974 eciam
475 2935 671 2977 Sardinic
706 2951 753 2976 ac
787 2936 948 2991 Tunisy
982 2938 1110 2977 maris
1151 2938 1298 2978 insulis
1332 2937 1599 2978 dominamur
1630 2943 1671 2978 et
1704 2938 1876 2978 maiori⁰
1910 2938 2018 2992 parti
2044 2937 2256 2978 Romanie
2290 2950 2389 2991 pre-

210 3003 404 3056 ‹·i1›imus.
451 3018 527 3043 nec
571 3018 651 3043 non
692 3005 993 3045 innumerabili
1041 3006 1172 3046 nostri
1223 3006 1413 3047 thesauri
1453 3007 1577 3061 copia
1626 3006 1929 3061 hominumque
1974 3005 2139 3061 patenti
2187 3005 2389 3060 potencia

211 3072 483 3111 christianum
519 3073 757 3126 quemlibet
781 3088 1047 3128 superamus,
1081 3073 1378 3114 dominantesd
1413 3074 1570 3129 ubique
1596 3074 1784 3123 viriliter,
1819 3075 2010 3129 ipsorum
2033 3074 2085 3115 de
2110 3073 2391 3128 apparatibus

211 3141 247 3179 in
282 3141 422 3194 aliquo
459 3156 537 3181 non
572 3148 789 3193 curantes,
832 3143 999 3182 risimus
1032 3148 1073 3183 et
1106 3142 1292 3183 ridemus
1326 3147 1385 3193 ct,
1427 3143 1642 3183 nonnullis
1675 3143 1864 3197 ipsorum
1897 3141 2191 3196 depopulatis,
2225 3145 2390 3182 tantum

352 3264 429 3297 l'll.
458 3274 487 3293 'v
515 3268 584 3298 locu
612 3269 696 3299 l’ctri
717 3287 752 3289 ᾲ
778 3269 984 3300 sanctissime
1010 3269 1051 3299 ‘'.·
1078 3269 1252 3310 imperium
1282 3270 1312 3299 in
1338 3273 1426 3300 terra
1452 3270 1668 3301 hedificavit.
1690 3294 1696 3300 .
1718 3294 1723 3299 .
1745 3269 1866 3300 issime.
1955 3266 1984 3308 f)
2012 3280 2051 3300 ae
2069 3280 2095 3299 c.
2185 3267 2217 3306 8)
2245 3267 2337 3309 lapsa
2357 3266 2391 3299 U.

213 3329 215 3336 ⁴
269 3334 427 3366 apparent
459 3327 490 3356 ‘i
611 3325 631 3356 i,
660 3326 840 3357 beatissimi
872 3327 905 3357 (s.
1012 3323 1044 3362 k)
1071 3331 1120 3357 est
1146 3326 1225 3356 mihi
1257 3327 1289 3357 U.
1398 3324 1420 3365 ¹)
1445 3338 1524 3367 ergo
1553 3326 1586 3356 (¹.
1686 3325 1728 3367 m)
1754 3330 1837 3357 tunc
1861 3329 1894 3357 et
1920 3324 1954 3356 (J.
2049 3324 2081 3365 n)
2106 3335 2211 3366 quum
2238 3323 2327 3356 male
2354 3323 2389 3356 C‘.

212 3390 226 3396 ¹*
273 3383 425 3411 manibu-
460 3382 613 3412 inanibus
753 3384 788 3415 (j,
940 3388 971 3423 1¹)
1008 3383 1150 3423 cemicci,·
1188 3383 1403 3415 liceuciantes
1444 3395 1501 3425 pro
1535 3383 1744 3425 sapientibus
1778 3394 1822 3419 c.,·
1860 3383 1915 3413 lic.
1952 3382 2208 3424 prescripsimus
2239 3381 2322 3413 coni.
2352 3379 2412 3413 C.-

212 3446 225 3465 ·1
270 3439 352 3467 alias
379 3452 404 3468 ι;.
523 3445 548 3476 r)
584 3451 697 3480 pacem
725 3440 813 3481 quod
841 3439 884 3476 l',·
918 3452 1032 3481 pacem
1063 3440 1097 3472 (f.
1214 3440 1241 3480 s)
1268 3452 1355 3471 corr.
1382 3451 1485 3471 ηιιιοιιι
1510 3441 1692 3472 recentiore
1716 3440 1752 3482 ἰῃ
1778 3439 2000 3481 percipiemus
2028 3437 2064 3469 P.
2186 3437 2212 3478 t)
2238 3437 2328 3479 quod
2355 3437 2390 3469 Ο.

213 3500 241 3519 '¹1
269 3502 413 3535 tmupera
448 3495 479 3525 l'.
612 3502 641 3528 v,
675 3497 869 3527 Pereivallis
895 3499 978 3528 ceni.
1009 3498 1042 3528 (J.
1171 3498 1210 3536 w)
1237 3502 1348 3528 nostre
1374 3497 1413 3529 Ι).
1540 3498 1574 3537 x)
1601 3500 1785 3529 aetestatur
1809 3508 1835 3528 6.
1959 3496 1992 3536 y)
2018 3495 2107 3527 deest.
2132 3494 2171 3527 I'.
2279 3494 2309 3537 z)
2335 3494 2391 3527 ad-

214 3560 315 3582 ventu
345 3553 377 3581 tf,
494 3558 521 3580 ³³,
549 3560 614 3583 tam
641 3566 667 3584 c.
784 3552 815 3592 b)
843 3555 964 3585 nostris
991 3553 1028 3586 1¹.
1147 3553 1177 3594 ⁰)
1205 3554 1341 3586 maiorie
1367 3554 1407 3587 Ι).
1524 3552 1557 3595 d)
1582 3559 1633 3587 set
1657 3554 1867 3586 dominantes
1892 3563 1918 3583 c.

354 3653 383 3683 l*
413 3652 463 3691 ‘sl'-
491 3651 546 3683 I's.
570 3657 664 3693 17,11
690 3656 718 3685 et
752 3659 858 3694 131ἱ,1.
976 3657 1008 3695 2)
1038 3654 1091 3695 Cf.
1120 3654 1219 3688 Proae‘.
1245 3659 1341 3697 2o,8.
1458 3656 1493 3697 3)
1522 3652 1738 3688 Romtvallis
1766 3656 1854 3686 certe
1884 3652 2101 3695 intclliffltzw,
2131 3651 2192 3685 ubi
2218 3651 2393 3695 puymwit

217 3706 411 3740 Jsolamlas.
506 3708 539 3740 4³
578 3708 745 3741 ll'illuflmi
771 3709 809 3742 de
836 3710 986 3752 nmero,
1010 3714 1046 3743 ut
1076 3710 1219 3752 ridetur,
1250 3709 1292 3743 (Ic
1319 3722 1387 3753 quo
1410 3712 1454 3752 cf.
1479 3720 1592 3754 supra
1616 3719 1670 3743 nr.
1693 3714 1735 3743 54
1759 3713 1789 3743 et
1815 3709 1975 3748 Bohmer,
2003 3708 2088 3753 Rey.
2113 3708 2193 3751 imp.
2217 3707 2256 3750 V,
2275 3711 2392 3742 14043.

2434 619 2450 644 5

2420 959 2452 983 10

2424 1299 2454 1324 15

2423 1646 2458 1671 20

2422 1988 2455 2012 25

2423 2333 2457 2356 30
