2558 3970
680 158 890 193 oT'roms
918 158 977 193 lv.
1005 158 1438 193 (fist'rl'rl''rloNles:
1492 160 1586 194 1202.
1639 160 1772 194 xre-1.
1799 162 1851 193 25».
2314 168 2365 204 29

165 279 309 316 cetera
355 278 401 314 ut
446 287 587 328 supra.
662 272 787 320 Quod
832 274 865 313 si
909 288 989 313 non
1031 274 1195 314 fecerit.
1243 274 1510 328 obsequium.
1552 275 1665 328 quod
1711 275 2037 331 archiepiscopo
2071 276 2243 319 dehent.
2287 278 2364 333 ipsi

165 343 422 385 subtrahent
454 348 498 384 et
530 342 620 397 regi
655 342 845 396 O(ttoni)
887 342 1154 397 prestabunt.
1194 342 1331 383 donec
1374 350 1415 383 et
1450 348 1594 383 cetera
1627 348 1672 383 ut
1706 358 1849 398 supra.
1914 343 2088 385 XXllll
2126 346 2366 396 burgenses

165 412 368 453 iurabunt
407 425 483 467 pro
516 426 562 452 30
596 416 638 452 et
678 425 754 466 pro
788 411 882 450 aliis
923 410 1212 464 burgensibus
1254 411 1488 452 secundum
1532 412 1710 452 formam
1746 413 1973 453 iuramenti
2010 414 2367 456 ministerialium.

309 483 346 520 4.
382 479 427 520 Si
462 485 606 521 autem
641 479 755 520 inter
790 493 936 533 regem
972 483 1014 519 et
1049 479 1422 534 archiepiscopum
1451 481 1660 520 variatum
1696 482 1838 521 fuerit.
1874 489 1917 522 ut
1944 497 2017 522 rex
2045 483 2176 523 dicat:
2212 484 2364 523 'archi-

111 567 126 591 5
165 550 397 605 episeopus
437 548 583 589 debito
625 562 674 588 ac
714 547 830 588 fideli
871 547 994 588 modo
1038 547 1165 587 michi
1213 562 1293 588 non
1339 548 1549 590 adherct'.
1592 549 1943 606 archiepiscopus
1985 558 2157 592 econtra
2190 559 2367 594 asserat.

163 623 250 660 tres
282 618 464 673 priores,
511 622 598 658 tres
631 616 815 659 nobiles.
856 620 944 657 tres
978 617 1301 659 ministeriales
1346 623 1433 656 tres
1468 618 1707 669 burgenses
1741 617 1794 658 ‹le
1830 619 1978 659 iuratis
2013 621 2284 662 convenient.
2327 629 2367 661 et

162 687 290 729 dietis
331 700 477 728 eorum
518 685 721 727 credetur
753 686 821 726 vel
862 699 939 740 pro
980 699 1082 739 rege
1127 686 1191 725 vel
1234 700 1308 740 pro
1350 686 1695 741 arcliicpisvopo:
1741 692 1783 726 et
1825 689 2060 729 secundum
2102 704 2246 730 eorum
2282 690 2364 730 xil

162 756 276 798 dieta
309 769 459 797 omnes
493 756 619 796 iurati
645 759 718 796 aut
741 755 1070 810 archiepiscopo
1093 754 1366 795 adherebunt
1389 760 1461 795 aut
1488 756 1577 808 regi
1604 756 1840 796 secundum
1867 758 2148 813 prescriptam
2174 759 2368 798 formam.

309 828 348 866 5.
380 825 496 866 Ante
531 824 675 865 onmia
707 838 785 865 rex
818 823 938 864 dabit
962 823 1090 864 fidem
1116 824 1155 864 in
1180 838 1332 864 manus
1369 823 1564 878 {dominil
1601 825 1729 876 legati
1751 825 1775 864 ¹.
1811 826 1922 879 quod
1948 842 1999 866 ea
2023 842 2103 881 que
2129 829 2367 882 prescripta

98 909 129 934 ιο
165 898 265 936 sunt
297 893 475 935 habebit
508 898 614 944 rata,
649 893 1002 948 archiepiscopus
1037 893 1248 933 similitor.

306 965 344 1004 6.
386 962 484 1004 Rex
519 961 659 1016 O(tt0)
694 967 911 1003 monetam
945 962 1194 1017 Aquensem
1230 951 1458 1003 adomim)
1494 962 1743 1003 XValramo‘ss
1783 964 1999 1019 expediet.
2045 971 2087 1005 et
2128 964 2251 1019 tlaml
2295 981 2367 1005 rex

162 1046 290 1089 quam
331 1031 562 1073 Galramus
603 1032 663 1073 illi
703 1035 875 1072 monete
918 1031 1190 1072 renunciabit
1234 1032 1274 1072 in
1319 1036 1590 1087 perpetuum,
1640 1039 1682 1073 et
1714 1033 1912 1073 dominus
1952 1034 2120 1088 legatus
2155 1033 2233 1073 sul»
2267 1048 2368 1073 ana-

164 1102 356 1144 themate
389 1101 640 1158 prohibebit
672 1106 888 1142 monetam
924 1101 964 1141 in
990 1099 1237 1141 Coloniensi
1272 1106 1464 1141 scemate
1488 1101 1584 1141 cudi
1612 1102 1748 1156 Aquis
1774 1117 2003 1157 numquam
2031 1104 2097 1143 vel
2122 1103 2221 1143 alibi
2248 1110 2370 1143 extra

162 1172 384 1214 civitatem
428 1170 749 1219 Coloniensem,
791 1175 833 1210 et
875 1169 1035 1211 scribet
1073 1169 1300 1210 Romanoa
1345 1171 1532 1225 pontifici
1578 1175 1623 1210 ut
1676 1172 1932 1212 sententiam
1978 1187 2096 1212 suam
2138 1173 2370 1213 contirnwt.

96 1253 128 1277 ¹⁵
163 1240 264 1282 Rex
287 1240 536 1282 theloneum
562 1237 911 1294 Dusblurgensel
939 1239 1126 1279 dimittet
1150 1252 1227 1279 nee
1251 1253 1451 1293 umquam
1479 1244 1680 1280 resumet.
1707 1245 1748 1280 et
1773 1240 1969 1281 dominus
1994 1242 2162 1295 legatus
2188 1242 2370 1281 similem

163 1310 423 1352 sententiam
457 1308 648 1364 proferet
680 1322 775 1349 011111
810 1308 1136 1349 confirmatione
1171 1307 1354 1348 Roma-ni
1388 1309 1621 1363 pontificis.
1684 1309 1781 1350 Rex
1815 1315 1857 1350 et
1891 1309 2243 1365 archiepiscopus
2277 1324 2370 1350 cum

162 1379 253 1420 suis
285 1377 573 1419 familiaribus
607 1377 858 1419 tractabunt
891 1391 987 1419 cum
1022 1378 1194 1427 effectu,
1229 1377 1415 1432 qualiter
1447 1378 1596 1418 turrim
1631 1378 1794 1432 regiam
1829 1378 1941 1434 apud
1967 1377 2150 1420 Werthe
2175 1393 2269 1419 cum
2295 1393 2371 1419 suo

162 1447 364 1490 theloneo
398 1446 637 1488 destruant.

309 1518 346 1557 7.
379 1515 655 1572 Privilegiab‚
700 1529 782 1571 que
829 1516 1171 1557 intercesserunt
1216 1517 1329 1557 inter
1369 1529 1518 1571 regem
1552 1520 1596 1557 et
1628 1515 2017 1573 arehiepiscopum.
2064 1517 2285 1571 legenturc
2330 1517 2370 1556 in

93 1598 126 1624 2⁰
163 1584 389 1643 publ[ico]‚
423 1589 466 1627 et
497 1585 774 1641 profitebitur
795 1599 872 1626 rex
896 1585 937 1626 in
962 1585 1149 1640 publico,
1185 1599 1230 1626 se
1263 1586 1445 1626 iurasse.
1479 1590 1527 1625 ut
1549 1585 1782 1640 diligenter
1805 1583 2043 1641 oblfservet]
2071 1599 2151 1640 que
2177 1586 2218 1625 in
2243 1585 2370 1640 privi-

159 1656 287 1711 legiis
321 1655 481 1711 scripta
514 1659 626 1705 sunt,
661 1659 704 1696 et
737 1653 851 1710 quod
885 1668 938 1696 ea
969 1668 1206 1709 numquam
1239 1654 1431 1695 violabit.

304 1726 342 1767 8.
377 1725 746 1780 Arehiepiscopus
787 1723 907 1765 dabit
944 1723 1139 1764 inducias
1184 1724 1278 1778 regi
1310 1738 1447 1779 usque
1482 1723 1534 1764 ad
1579 1725 1736 1764 festum
1771 1724 1908 1764 saneti
1942 1723 2146 1763 Iohannis
2180 1723 2365 1778 baptiste
2406 1724 2524 1782 ¹359}ss

159 1807 237 1850 pro
270 1827 278 1836 .
313 1827 321 1835 .
356 1827 364 1835 .
398 1795 554 1835 mareis
595 1809 672 1850 pro
713 1794 867 1849 quibus
911 1794 1185 1849 obligaverat
1224 1793 1321 1835 duci
1364 1794 1601 1835 Brabantie
1647 1799 1809 1834 curtem
1853 1791 2114 1849 [Sin]ceche.,
2157 1799 2198 1833 et
2239 1794 2291 1833 sit
2332 1793 2371 1833 in

162 1863 338 1919 optione
371 1864 487 1918 regis
522 1864 564 1904 in
596 1864 790 1919 presenti
821 1863 1100 1904 fideiussores
1133 1861 1351 1919 idon[eos]
1388 1862 1504 1915 dare,
1536 1864 1605 1904 vel
1639 1863 1671 1903 si
1705 1876 1782 1903 rex
1815 1864 2041 1917 pecuniam
2078 1876 2158 1902 non
2185 1862 2373 1906 solverit,

93 1943 125 1969 2⁵
161 1932 205 1974 in
236 1932 348 1974 festo
381 1933 519 1974 sancti
551 1932 760 1974 Iohannis
794 1933 946 1974 civitas
970 1932 1202 1974 Tremonia
1235 1933 1290 1973 sit
1322 1933 1537 1988 ypotecka
1567 1932 1896 1988 archiepiscopi.
1931 1932 2066 1972 donee
2099 1932 2373 1987 persolvatur

163 1999 237 2059 [ei]
270 2002 456 2058 pecunia
488 2002 700 2058 predicta.

306 2073 344 2113 9.
383 2070 635 2113 Iuramenta
680 2071 886 2126 priorum,
934 2071 1145 2112 nobilium
1192 2075 1235 2112 et
1284 2071 1632 2112 ministerialium
1686 2068 1977 2126 prestab[unt]
2019 2083 2292 2111 successores
2333 2074 2373 2110 et

160 2139 345 2182 heredes
378 2140 694 2182 decedentium.
756 2139 813 2181 Et
845 2140 879 2181 si
912 2153 989 2181 rex
1020 2139 1214 2181 indebite
1241 2139 1548 2181 Coloniensem
1574 2140 1949 2195 archiepiscopum
1976 2140 2042 2180 vel
2069 2138 2372 2179 Coloniensem

163 2210 392 2252 ecelesiam
416 2210 682 2260 tractaverit,
715 2209 899 2265 predicti
922 2208 1016 2249 IIII
1040 2209 1213 2250 ordines
1238 2210 1495 2264 obsequium
1518 2223 1642 2250 suum
1666 2209 1758 2263 regi
1784 2209 2051 2259 subtrahent,
2085 2208 2222 2249 donec
2247 2208 2371 2247 satis-

95 2294 128 2320 30
164 2278 316 2327 faciat;
349 2283 392 2320 et
422 2279 504 2321 hee
537 2276 790 2335 iurab[unt].

313 2351 375 2390 10.
414 2347 666 2403 Burgenses
709 2348 894 2389 civitatis
937 2347 1211 2389 Coloniensis
1265 2348 1469 2389 iurabunt
1511 2347 1766 2389 fidelitatem
1814 2348 1905 2402 regi
1946 2346 2093 2387 Ottoni
2137 2347 2214 2387 sub
2258 2344 2370 2401 [hac]

161 2417 317 2458 forma:
357 2417 471 2473 quod
512 2418 565 2459 ab
603 2418 686 2459 hae
724 2416 793 2458 die
834 2413 1010 2458 inantea
1050 2416 1307 2458 fidelitatem
1340 2418 1379 2458 ei
1415 2417 1665 2462 servabunt,
1710 2415 2011 2457 Coloniensem
2046 2416 2261 2456 civitatem
2296 2414 2372 2469 ipsi

164 2487 407 2528 custodient
438 2491 589 2528 contra
620 2499 789 2527 omnem
822 2486 1054 2537 hominem,
1088 2500 1217 2541 quam
1249 2484 1342 2542 di[u
1376 2484 1623 2541 ecelesiam]
1661 2486 1801 2526 sancti
1835 2485 1966 2535 Petri,
2001 2484 2372 2538 arehiepiscopum

166 2555 484 2609 emoniensem,
516 2556 698 2612 priores,
733 2556 914 2608 nobiles,
946 2556 1193 2597 infeodatos
1227 2561 1270 2597 et
1291 2555 1598 2596 ministeriales
1622 2555 1761 2595 sancti
1785 2554 1903 2596 Petri
1927 2568 1976 2594 ac
2000 2553 2218 2594 civitatem
2245 2552 2372 2592 Colo-

97 2638 130 2665 35
166 2625 360 2666 niensem
395 2626 435 2666 in
471 2639 548 2666 suo
580 2625 672 2666 iure
707 2625 1045 2667 conservaverit.

164 3036 255 3104 525.
299 3033 730 3106 PACTUM
774 3033 997 3105 CUM
1047 3032 1527 3105 IOHANNE
1572 3030 1844 3102 REGE
1889 3026 2371 3099 ANGLIAE.

1075 3172 1219 3218 1202.
1258 3172 1393 3230 Sept.
1424 3171 1470 3217 8.

307 3317 612 3370 Autoyraphon
648 3318 861 3369 praecepti
898 3318 1008 3370 reqis
1038 3317 1220 3370 Anyliae
1257 3316 1304 3356 in
1344 3315 1555 3356 tabulario
1589 3312 1920 3366 Guelferbytano
1957 3312 2225 3358 asservatum,
2267 3307 2374 3360 quod

165 3383 291 3427 Perta
321 3386 621 3437 transscripsit,
666 3387 816 3427 iterum·
853 3387 1027 3427 contulit
1067 3386 1133 3426 vir
1173 3386 1220 3428 cl.
1254 3384 1495 3434 Steindorff.
1557 3381 1776 3434 Appendet
1813 3379 1997 3432 siyillum
2037 3378 2372 3419 numismaticum

98 3465 132 3490 40
167 3452 374 3496 Iohannis
404 3455 513 3508 rcyis
543 3468 714 3497 cereum.
748 3481 803 3485 —
834 3455 1030 3505 Bokmer,
1062 3453 1164 3507 Rey.
1196 3454 1294 3505 imp.
1322 3453 1367 3503 V,
1392 3453 1542 3493 10654.
2017 3446 2086 3500 (P.
2109 3448 2229 3498 207.)

303 3578 366 3614 24.
399 3579 429 3624 ²⁵)
454 3582 550 3616 Rom.
576 3583 652 3616 eod.
770 3582 803 3625 b)
827 3582 1054 3625 Privilegium
1078 3582 1150 3615 cod.
1271 3579 1300 3621 ο)
1324 3581 1457 3623 legetur
1482 3581 1553 3612 cod.

305 3682 339 3725 1>
367 3681 546 3717 Gnidonis
569 3683 724 3728 episcopi
752 3684 993 3719 Praenestini.
1112 3684 1147 3726 2)
1174 3683 1215 3717 de
1239 3682 1420 3725 Limbmy.
