2558 3970
180 171 260 209 402
613 162 828 197 HEINRICI
858 161 994 195 unfus
1020 158 1448 196 consrrru'rlousss.
1499 159 1598 195 1224.
1646 159 1931 194 utem-287.

321 311 338 335 Κ
369 280 416 319 ln
455 279 624 319 nominc
658 281 802 317 sancto
836 281 877 316 ct
915 275 1130 316 individue
1163 275 1396 316 Trinitatis.
1456 275 1688 316 Heinricus
1718 273 1736 310 ξ
1766 273 1892 314 VIIus
1923 273 2005 314 Dei
2037 274 2174 328 gratia
2205 273 2362 314 Roma-

183 363 328 389 norum
372 362 448 388 rex
492 351 536 387 ct
580 360 750 400 semper
782 349 988 399 augustus
1021 345 1336 399 inperpetuum.
1457 343 1728 383 Constitutus
1762 343 1804 383 in
1834 342 2053 398 presentia
2084 345 2230 383 nostra
2262 345 2365 396 aput

184 415 468 457 Nfirimborch
503 416 543 454 in
579 415 694 454 curia
729 418 873 454 nostra
909 413 1148 467 sollempni,
1181 412 1457 467 presentibus
1480 412 1647 466 imperii
1669 411 1948 466 principibus,
1980 409 2181 451 videlicet
2204 406 2363 451 Cholo-

178 486 340 526 niensc.
375 483 642 524 Trevercnsc
676 481 1033 537 archiepiscopis,
1067 480 1286 527 Metensc,
1320 481 1657 535 Ratisponense,
1698 478 1978 529 Pataviense‚
2011 477 2289 533 Frisingense
2322 481 2366 518 et

178 555 457 607 Augustcnse
491 551 718 606 episcopis.
752 550 946 590 Bawarie
979 554 1021 590 et
1054 549 1229 590 Austrie
1262 549 1444 590 ducibus
1477 553 1520 589 et
1541 549 1637 589 aliis
1670 548 1840 603 imperii
1862 547 2149 602 magnatibus,
2183 546 2364 588 dilectus

178 626 219 663 ct
263 621 401 662 fidelis
449 624 595 661 noster
649 619 847 674 princeps
895 618 1156 659 venerabilis
1208 617 1539 672 Salzburgensis
1587 617 1940 671 archiepiscopus
1986 629 2065 671 per
2109 615 2366 657 sententiam

180 690 426 745 requisivit:
470 703 523 729 an
566 687 810 728 hominibus
851 687 1030 727 alicuius
1070 687 1152 727 iter
1195 690 1236 727 et
1269 691 1390 728 aetus
1424 691 1466 727 et
1498 686 1567 727 via
1605 687 1647 726 in
1681 686 1823 727 stratis
1854 684 2074 740 regalibus
2109 688 2151 725 et
2181 684 2366 740 publicis

178 772 260 813 quo
295 757 347 798 ad
380 757 658 798 mercimonia
694 770 770 796 sua
803 754 1073 810 deportanda
1107 760 1149 796 et
1181 756 1288 796 alias
1321 755 1646 809 negociationes
1679 753 1899 795 faciendas
1923 768 1947 794 a
1968 752 2141 794 domino
2163 756 2276 794 terre
2300 753 2369 793 vel

176 841 198 867 a
235 840 447 881 quoquam
482 825 565 866 alio
598 826 741 866 valcat
773 825 841 865 vel
875 824 1032 865 debeat
1065 824 1276 864 interdici.
1340 824 1531 864 Dictavit
1563 824 1692 878 igitur
1714 822 1929 864 sententia
1961 821 2219 877 principum:
2253 820 2368 876 quod

177 894 281 935 illud
314 895 418 935 nulli
451 894 592 934 liceat.
626 908 703 934 nec
737 893 888 947 aliquis
922 892 1081 933 debeat
1113 893 1276 947 aliquos
1310 893 1352 933 in
1386 893 1474 933 suis
1509 892 1774 933 commerciis
1807 895 1849 932 et
1880 889 2254 945 negociationibus
2287 889 2366 929 im-

178 962 336 1017 pedire.
400 961 487 1003 Nos
531 962 661 1017 igitur
693 962 850 1002 dictam
894 961 1154 1003 sententiam
1188 960 1240 1001 de
1275 961 1490 1001 communi
1525 974 1741 1001 consensu
1784 959 2024 1015 principum
2057 957 2369 999 rationabiliter

176 1031 306 1071 latam
350 1031 649 1071 confirmamus
694 1030 950 1071 auctoritate
994 1029 1128 1083 regali
1176 1032 1218 1069 et
1256 1029 1539 1069 instrumento
1583 1028 1774 1083 presenti
1815 1028 2034 1083 nostrique
2068 1027 2198 1082 sigilli
2229 1028 2368 1068 muni-

178 1101 290 1140 mine
322 1099 588 1139 roboramus.

320 1168 479 1208 Datum
513 1171 615 1222 aput
646 1165 947 1218 Nfirimberoh,
980 1180 1090 1207 anno
1124 1165 1299 1206 Domini
1331 1164 1648 1217 MOOXXIIII„
1681 1164 1910 1206 indictione
1934 1163 2037 1217 XII,
2071 1163 2236 1206 decimo
2269 1163 2366 1206 Kal.

179 1238 288 1278 Aua.
353 1236 532 1277 AMEN.

251 1272 274 1291 ἰ)

175 1555 304 1622 2843.
348 1549 949 1621 SENTENTIA
991 1548 1127 1619 DE
1171 1548 1435 1619 FORO
1486 1548 1763 1619 TRAN
1783 1547 2366 1621 SPONENDO.

1085 1673 1226 1720 1224.
1265 1673 1353 1719 Iul.
1383 1673 1460 1720 923.

322 1808 450 1850 Dedit
472 1809 535 1848 vir
557 1808 605 1850 cl.
636 1808 905 1850 IVatz‘cnbaclc
926 1822 976 1848 ew
998 1807 1252 1860 azotoyrapho
1273 1807 1476 1848 tabularia·
1508 1807 1841 1858 deobonmszsis,
1873 1808 1939 1850 σίιὲ
1960 1809 2163 1861 appendet
2184 1810 2370 1863 siyillum

179 1879 333 1931 seylam
369 1878 457 1930 silis
495 1877 647 1918 scricis.
716 1877 787 1917 Ea:
824 1877 956 1918 codem
1004 1876 1114 1917 edita
1156 1879 1213 1917 cst
1252 1877 1295 1917 ln
1333 1876 1452 1917 Actis
1491 1876 1657 1928 c'nzpcrlc‘
1694 1877 1850 1918 selectis
1886 1892 1931 1929 p.
1961 1880 2047 1918 278
2086 1891 2153 1920 nr.
2182 1881 2277 1920 316.
2318 1905 2372 1909 —-

183 1946 375 1995 Bo'lzmcry
409 1946 507 1998 Rey.
545 1946 636 1997 imp.
670 1945 713 1995 V,
735 1946 861 1987 3929.
1992 1946 2063 1999 (Ρ.
2085 1946 2228 1994 deest.)

370 2061 421 2101 In
453 2061 624 2101 nomine
659 2063 806 2101 sancte
841 2063 883 2099 et
913 2058 1132 2100 individue
1165 2059 1402 2101 Trinitatis.
1465 2059 1697 2100 Heinricus
1777 2059 1901 2100 VIIus
1935 2059 2017 2101 Dei
2049 2061 2187 2116 gratia
2207 2059 2369 2101 Roma-

178 2144 328 2170 norum
374 2144 450 2171 rex
483 2134 525 2170 et
558 2143 727 2184 semper
760 2131 968 2182 augustus
1012 2129 1330 2183 inperpetuum.
1451 2128 1720 2170 Constitutus
1752 2130 1795 2169 in
1834 2130 2056 2185 presentia
2087 2133 2235 2170 nostra
2267 2133 2372 2184 aput

179 2197 467 2239 Nfirimberch
501 2199 541 2238 in
576 2199 694 2239 curia
724 2201 872 2238 nostra
905 2197 1133 2252 sollempni
1167 2197 1351 2239 dilectus
1385 2202 1427 2241 et
1458 2198 1600 2239 fidelis
1632 2199 1833 2254 princeps
1856 2202 1999 2240 noster
2031 2233 2039 2240 .
2065 2232 2074 2241 .
2107 2198 2370 2240 venerabilis

179 2267 511 2321 Salzburgensis
545 2267 897 2321 archiepiscopus
930 2279 1007 2320 per
1039 2267 1298 2307 sententiam
1331 2267 1574 2322 requisivit:
1609 2281 1663 2308 an
1696 2267 1837 2319 alicui,
1872 2268 1943 2322 qui
1969 2282 2023 2309 ex
2054 2268 2265 2309 beneficio
2289 2268 2369 2308 im-

178 2335 327 2390 periali
362 2336 498 2376 forum
531 2335 661 2376 habet
693 2335 736 2375 in
769 2334 855 2375 suis
888 2333 1064 2388 prediis,
1096 2335 1224 2375 liceat
1255 2335 1307 2376 ad
1342 2336 1472 2376 alium
1504 2336 1658 2386 locum,
1692 2335 1763 2390 qui
1795 2339 1939 2377 tamen
1974 2336 2027 2377 sit
2056 2336 2108 2377 de
2138 2336 2230 2377 iure
2254 2337 2366 2377 eius-

179 2404 274 2445 dem
309 2404 467 2459 predii,
508 2410 787 2459 transponere
822 2403 889 2443 vel
922 2407 1101 2444 mutare.
1164 2403 1354 2445 Dictavit
1396 2405 1525 2459 igitur
1558 2405 1773 2446 sententia
1812 2405 2078 2460 principum:
2121 2405 2233 2460 quod
2266 2404 2372 2446 illud

180 2473 309 2514 licere
357 2472 535 2514 debeat.
585 2471 814 2512 dummodo
855 2472 928 2511 fiat
968 2472 1058 2512 sine
1098 2472 1199 2512 iuris
1244 2473 1481 2528 preiudicio
1522 2474 1672 2521 alieni:
1719 2474 1780 2514 ita
1823 2474 1988 2514 scilicet
2018 2477 2065 2514 ut
2098 2473 2236 2528 siquid
2268 2474 2371 2515 iuris

178 2541 373 2582 dominus
421 2542 498 2582 fori
544 2541 752 2582 advocato
795 2541 1047 2595 recognovit
1079 2542 1120 2581 in
1159 2543 1354 2596 antiquo.
1398 2542 1502 2583 illud
1543 2543 1579 2583 ei
1622 2547 1903 2597 recognoscat
1936 2546 1979 2583 et
2020 2543 2061 2583 in
2094 2556 2218 2584 novo.
2279 2542 2370 2583 Nos

180 2612 310 2665 igitur
343 2610 498 2651 dictam
533 2610 790 2651 sententiam
832 2609 1148 2651 rationabiliter
1191 2612 1322 2652 latam
1355 2611 1407 2652 de
1442 2626 1654 2653 consensu
1686 2612 1901 2652 communi
1944 2611 2185 2666 principum
2218 2611 2370 2652 confir-

182 2693 346 2720 mamus
381 2679 636 2720 auctoritate
670 2679 804 2732 regali
840 2682 881 2718 et
904 2679 1186 2720 instrumento
1218 2681 1408 2734 presenti
1437 2681 1658 2736 nostrique
1690 2681 1819 2735 sigilli
1844 2680 2080 2721 munimine
2104 2680 2368 2721 roboramus.

320 2748 480 2789 Datum
506 2752 609 2803 aput
631 2745 935 2798 Nfirimberch‚
969 2761 1081 2788 anno
1104 2747 1279 2788 Domini
1302 2748 1622 2801 MOCXXIIII,
1655 2749 1798 2791 indict.
1825 2749 1926 2799 XII,
1961 2749 2127 2790 decimo
2150 2748 2371 2790 Kalendas

179 2817 381 2871 Augusti.
444 2816 623 2857 AMEN.

862 3109 992 3177 287.
1053 3106 1682 3178 SENTENTIA

178 3208 318 3277 DE
364 3209 1224 3282 REVINDIOANDIS
1268 3211 1631 3282 SERVIS
1675 3211 1791 3282 IN
1836 3211 2367 3282 CIVITATES

735 3313 1148 3385 REGIAS
1203 3314 1817 3386 PROFECTIS.

1058 3439 1232 3496 (1224)
1270 3440 1383 3486 Dec.
1418 3440 1492 3486 16.

321 3567 597 3607 Acllzibzcimus
626 3569 822 3609 editiones
862 3568 899 3624 1)
931 3570 1128 3612 melm
1160 3571 1268 3612 ‘Von
1291 3572 1598 3623 Aussbmyern’
1621 3586 1668 3622 p.
1692 3573 1768 3621 12,·
1801 3570 1845 3625 2)
1881 3570 2142 3612 Grandidier
2163 3570 2367 3611 ‘Oeam-68³

177 3634 267 3684 HI,
290 3636 386 3684 219,
420 3636 491 3686 qm·
512 3635 638 3676 Libro
668 3637 795 3677 salico
827 3639 1002 3689 capitali
1021 3639 1344 3692 Arycntincnsc's
1364 3653 1477 3680 nmzc
1497 3639 1706 3691 deperdito
1731 3640 1810 3695 fol.
1835 3642 1861 3679 6
1891 3652 1992 3680 usus
2013 3641 2094 3690 est‚·
2125 3638 2169 3694 3)
2192 3637 2369 3681 Sclcilter

2405 904 2437 928 10

2406 1251 2437 1276 15

2408 1962 2442 1988 20

2407 2348 2439 2374 25

2407 2691 2441 2716 30

2404 3347 2436 3374 35
