<?xml version="1.0" encoding="UTF-8"?>
<!DOCTYPE html PUBLIC "-//W3C//DTD XHTML 1.0 Transitional//EN"
    "http://www.w3.org/TR/xhtml1/DTD/xhtml1-transitional.dtd">
<html xmlns="http://www.w3.org/1999/xhtml" xml:lang="en" lang="en">
 <head>
  <title>
</title>
<meta http-equiv="Content-Type" content="text/html;charset=utf-8" />
  <meta name='ocr-system' content='tesseract 3.04.00' />
  <meta name='ocr-capabilities' content='ocr_page ocr_carea ocr_par ocr_line ocrx_word'/>
</head>
<body>
  <div class='ocr_page' id='page_1' title='image "./monumentager02geseuoft_0114.png"; bbox 0 0 2558 3970; ppageno 0'>
   <div class='ocr_carea' id='block_1_1' title="bbox 182 166 1818 210">
    <p class='ocr_par' dir='ltr' id='par_1_1' title="bbox 182 166 1818 210">
     <span class='ocr_line' id='line_1_1' title="bbox 182 166 1818 210; baseline -0.001 -9"><span class='ocrx_word' id='word_1_1' title='bbox 182 171 232 210; x_wconf 66' lang='lat'>52</span> <span class='ocrx_word' id='word_1_2' title='bbox 727 167 963 202; x_wconf 69' lang='lat' dir='ltr'>FRIDERICI</span> <span class='ocrx_word' id='word_1_3' title='bbox 991 167 1034 201; x_wconf 92' lang='lat' dir='ltr'>II.</span> <span class='ocrx_word' id='word_1_4' title='bbox 1061 166 1487 202; x_wconf 86' lang='lat' dir='ltr'>CONSTITUTIONES.</span> <span class='ocrx_word' id='word_1_5' title='bbox 1539 167 1634 201; x_wconf 82' lang='lat'>1220.</span> <span class='ocrx_word' id='word_1_6' title='bbox 1683 166 1746 200; x_wconf 89' lang='lat' dir='ltr'>Nr.</span> <span class='ocrx_word' id='word_1_7' title='bbox 1765 167 1818 201; x_wconf 74' lang='grc' dir='ltr'>ΤΟ.</span> 
     </span>
    </p>
   </div>
   <div class='ocr_carea' id='block_1_2' title="bbox 189 361 2362 607">
    <p class='ocr_par' dir='ltr' id='par_1_2' title="bbox 189 361 2362 607">
     <span class='ocr_line' id='line_1_2' title="bbox 189 361 2362 493; baseline 0 -1"><span class='ocrx_word' id='word_1_8' title='bbox 189 426 273 493; x_wconf 76' lang='grc' dir='ltr'>ῙΟ.</span> <span class='ocrx_word' id='word_1_9' title='bbox 319 422 847 493; x_wconf 80' lang='lat' dir='ltr'>PROMISSIO</span> <span class='ocrx_word' id='word_1_10' title='bbox 901 361 1752 493; x_wconf 72' lang='lat' dir='ltr'>HAGENOWENSIS</span> <span class='ocrx_word' id='word_1_11' title='bbox 1795 422 1938 492; x_wconf 84' lang='lat' dir='ltr'>DE</span> <span class='ocrx_word' id='word_1_12' title='bbox 1981 421 2362 492; x_wconf 77' lang='lat' dir='ltr'><strong>REGNO</strong></span> 
     </span>
     <span class='ocr_line' id='line_1_3' title="bbox 339 533 2217 607; baseline 0.002 -5"><span class='ocrx_word' id='word_1_13' title='bbox 339 536 802 607; x_wconf 67' lang='lat' dir='ltr'>SICILIAE</span> <span class='ocrx_word' id='word_1_14' title='bbox 856 536 988 607; x_wconf 85' lang='lat' dir='ltr'>AB</span> <span class='ocrx_word' id='word_1_15' title='bbox 1043 537 1504 607; x_wconf 82' lang='lat' dir='ltr'>IMPERIO</span> <span class='ocrx_word' id='word_1_16' title='bbox 1559 533 2217 607; x_wconf 71' lang='lat' dir='ltr'><strong>SEPARANDO.</strong></span> 
     </span>
    </p>
   </div>
   <div class='ocr_carea' id='block_1_3' title="bbox 1066 671 1492 718">
    <p class='ocr_par' dir='ltr' id='par_1_3' title="bbox 1066 671 1492 718">
     <span class='ocr_line' id='line_1_4' title="bbox 1066 671 1492 718; baseline -0.002 0"><span class='ocrx_word' id='word_1_17' title='bbox 1066 672 1207 718; x_wconf 65' lang='grc'><em>19220.</em></span> <span class='ocrx_word' id='word_1_18' title='bbox 1247 671 1388 717; x_wconf 83' lang='lat' dir='ltr'>Febr.</span> <span class='ocrx_word' id='word_1_19' title='bbox 1417 671 1492 717; x_wconf 89' lang='lat'>10.</span> 
     </span>
    </p>
   </div>
   <div class='ocr_carea' id='block_1_4' title="bbox 182 812 2374 1280">
    <p class='ocr_par' dir='ltr' id='par_1_4' title="bbox 182 812 2374 1280">
     <span class='ocr_line' id='line_1_5' title="bbox 325 812 2367 868; baseline -0 -11"><span class='ocrx_word' id='word_1_20' title='bbox 325 816 602 868; x_wconf 75' lang='lat' dir='ltr'>Propom‘mus</span> <span class='ocrx_word' id='word_1_21' title='bbox 642 829 661 856; x_wconf 83' lang='lat' dir='ltr'>c</span> <span class='ocrx_word' id='word_1_22' title='bbox 708 815 744 866; x_wconf 82' lang='lat'>1)</span> <span class='ocrx_word' id='word_1_23' title='bbox 783 817 1037 855; x_wconf 52' lang='lat' dir='ltr'>transsumam</span> <span class='ocrx_word' id='word_1_24' title='bbox 1078 814 1350 867; x_wconf 62' lang='lat' dir='ltr'>Luyclunmsi</span> <span class='ocrx_word' id='word_1_25' title='bbox 1385 827 1424 854; x_wconf 79' lang='lat' dir='ltr'>a.</span> <span class='ocrx_word' id='word_1_26' title='bbox 1455 814 1565 854; x_wconf 68' lang='lat'><strong><em>1245</em></strong></span> <span class='ocrx_word' id='word_1_27' title='bbox 1603 816 1787 863; x_wconf 75' lang='lat' dir='ltr'>exarato,</span> <span class='ocrx_word' id='word_1_28' title='bbox 1833 813 1878 853; x_wconf 76' lang='lat' dir='ltr'>in</span> <span class='ocrx_word' id='word_1_29' title='bbox 1922 813 2130 854; x_wconf 71' lang='lat' dir='ltr'>tabulario</span> <span class='ocrx_word' id='word_1_30' title='bbox 2167 812 2367 856; x_wconf 72' lang='lat' dir='ltr'>Vaticano</span> 
     </span>
     <span class='ocr_line' id='line_1_6' title="bbox 182 880 2367 936; baseline -0.002 -10"><span class='ocrx_word' id='word_1_31' title='bbox 182 888 300 928; x_wconf 78' lang='lat' dir='ltr'>Arm.</span> <span class='ocrx_word' id='word_1_32' title='bbox 330 886 359 926; x_wconf 93' lang='lat' dir='ltr'><em>I</em></span> <span class='ocrx_word' id='word_1_33' title='bbox 391 897 498 936; x_wconf 73' lang='lat' dir='ltr'>caps.</span> <span class='ocrx_word' id='word_1_34' title='bbox 524 883 568 924; x_wconf 79' lang='lat' dir='ltr'><em>X</em></span> <span class='ocrx_word' id='word_1_35' title='bbox 610 896 672 924; x_wconf 77' lang='grc' dir='ltr'>ην.</span> <span class='ocrx_word' id='word_1_36' title='bbox 703 886 729 923; x_wconf 81' lang='lat'><em>3</em></span> <span class='ocrx_word' id='word_1_37' title='bbox 769 885 995 932; x_wconf 73' lang='lat' dir='ltr'>asservato,</span> <span class='ocrx_word' id='word_1_38' title='bbox 1044 883 1152 935; x_wconf 76' lang='lat' dir='ltr'>quod</span> <span class='ocrx_word' id='word_1_39' title='bbox 1202 883 1419 936; x_wconf 74' lang='lat' dir='ltr'><strong><em>descripsit</em></strong></span> <span class='ocrx_word' id='word_1_40' title='bbox 1457 881 1594 932; x_wconf 47' lang='lat' dir='ltr'>Kahn—</span> <span class='ocrx_word' id='word_1_41' title='bbox 1645 880 1689 936; x_wconf 85' lang='lat'>2)</span> <span class='ocrx_word' id='word_1_42' title='bbox 1733 881 1862 922; x_wconf 73' lang='lat' dir='ltr'>codice</span> <span class='ocrx_word' id='word_1_43' title='bbox 1902 880 2102 922; x_wconf 70' lang='lat' dir='ltr'>Parisino</span> <span class='ocrx_word' id='word_1_44' title='bbox 2149 881 2221 924; x_wconf 76' lang='lat' dir='ltr'>lat.</span> <span class='ocrx_word' id='word_1_45' title='bbox 2255 883 2367 923; x_wconf 80' lang='lat'><em>8990</em></span> 
     </span>
     <span class='ocr_line' id='line_1_7' title="bbox 183 949 2370 1006; baseline -0.002 -12"><span class='ocrx_word' id='word_1_46' title='bbox 183 967 282 995; x_wconf 71' lang='lat' dir='ltr'>sacr.</span> <span class='ocrx_word' id='word_1_47' title='bbox 313 952 492 994; x_wconf 71' lang='lat' dir='ltr'><strong><em>XVIII.</em></strong></span> <span class='ocrx_word' id='word_1_48' title='bbox 519 952 597 1006; x_wconf 79' lang='lat' dir='ltr'>fol.</span> <span class='ocrx_word' id='word_1_49' title='bbox 624 953 718 1001; x_wconf 71' lang='lat'>132,</span> <span class='ocrx_word' id='word_1_50' title='bbox 759 951 997 1003; x_wconf 71' lang='lat' dir='ltr'>apoyrapha</span> <span class='ocrx_word' id='word_1_51' title='bbox 1028 951 1275 992; x_wconf 62' lang='lat' dir='ltr'>Romam-am</span> <span class='ocrx_word' id='word_1_52' title='bbox 1311 950 1650 992; x_wconf 65' lang='lat' dir='ltr'>Clmziacensimn</span> <span class='ocrx_word' id='word_1_53' title='bbox 1682 950 1912 991; x_wconf 72' lang='lat' dir='ltr'><em>continente</em></span> <span class='ocrx_word' id='word_1_54' title='bbox 1941 949 2053 1004; x_wconf 72' lang='lat' dir='ltr'>(Rot.</span> <span class='ocrx_word' id='word_1_55' title='bbox 2081 949 2216 1000; x_wconf 84' lang='lat' dir='ltr'>VI.)¹,</span> <span class='ocrx_word' id='word_1_56' title='bbox 2254 964 2370 1003; x_wconf 78' lang='lat' dir='ltr'>quem</span> 
     </span>
     <span class='ocr_line' id='line_1_8' title="bbox 184 1017 2374 1074; baseline -0.001 -11"><span class='ocrx_word' id='word_1_57' title='bbox 184 1022 355 1063; x_wconf 58' lang='lat' dir='ltr'>contulit</span> <span class='ocrx_word' id='word_1_58' title='bbox 378 1021 606 1063; x_wconf 57' lang='lat' dir='ltr'>Moloeiers</span> <span class='ocrx_word' id='word_1_59' title='bbox 640 1020 682 1074; x_wconf 83' lang='lat'>3)</span> <span class='ocrx_word' id='word_1_60' title='bbox 705 1019 940 1073; x_wconf 69' lang='lat' dir='ltr'>apoyrapleo</span> <span class='ocrx_word' id='word_1_61' title='bbox 961 1019 1179 1060; x_wconf 70' lang='lat' dir='ltr'>eorundem</span> <span class='ocrx_word' id='word_1_62' title='bbox 1201 1019 1451 1060; x_wconf 75' lang='lat' dir='ltr'>Rotulorum</span> <span class='ocrx_word' id='word_1_63' title='bbox 1471 1031 1509 1060; x_wconf 83' lang='lat' dir='ltr'>a.</span> <span class='ocrx_word' id='word_1_64' title='bbox 1530 1020 1642 1058; x_wconf 72' lang='lat'><strong><em>1413</em></strong></span> <span class='ocrx_word' id='word_1_65' title='bbox 1665 1017 1793 1072; x_wconf 76' lang='lat' dir='ltr'>facto,</span> <span class='ocrx_word' id='word_1_66' title='bbox 1816 1017 1925 1070; x_wconf 75' lang='lat' dir='ltr'>quod</span> <span class='ocrx_word' id='word_1_67' title='bbox 1944 1020 2080 1058; x_wconf 68' lang='lat' dir='ltr'>exstat</span> <span class='ocrx_word' id='word_1_68' title='bbox 2098 1018 2143 1058; x_wconf 74' lang='lat' dir='ltr'>in</span> <span class='ocrx_word' id='word_1_69' title='bbox 2166 1018 2374 1060; x_wconf 75' lang='lat' dir='ltr'>tabulario</span> 
     </span>
     <span class='ocr_line' id='line_1_9' title="bbox 193 1085 2374 1139; baseline -0.001 -9"><span class='ocrx_word' id='word_1_70' title='bbox 193 1090 391 1130; x_wconf 66' lang='lat' dir='ltr'>Vaticano</span> <span class='ocrx_word' id='word_1_71' title='bbox 423 1089 552 1130; x_wconf 68' lang='lat' dir='ltr'>Instr.</span> <span class='ocrx_word' id='word_1_72' title='bbox 586 1089 695 1128; x_wconf 64' lang='lat' dir='ltr'>misc.</span> <span class='ocrx_word' id='word_1_73' title='bbox 731 1088 774 1130; x_wconf 81' lang='lat' dir='ltr'>C.</span> <span class='ocrx_word' id='word_1_74' title='bbox 803 1088 924 1129; x_wconf 75' lang='lat' dir='ltr'>Fasc.</span> <span class='ocrx_word' id='word_1_75' title='bbox 949 1091 1005 1128; x_wconf 82' lang='lat'>37</span> <span class='ocrx_word' id='word_1_76' title='bbox 1035 1101 1099 1129; x_wconf 73' lang='lat' dir='ltr'>nr.</span> <span class='ocrx_word' id='word_1_77' title='bbox 1123 1090 1162 1129; x_wconf 83' lang='lat'>3.</span> <span class='ocrx_word' id='word_1_78' title='bbox 1195 1086 1248 1127; x_wconf 89' lang='lat' dir='ltr'>D.</span> <span class='ocrx_word' id='word_1_79' title='bbox 1272 1087 1307 1137; x_wconf 86' lang='lat' dir='ltr'>I,</span> <span class='ocrx_word' id='word_1_80' title='bbox 1339 1087 1446 1139; x_wconf 72' lang='lat' dir='ltr'>quod</span> <span class='ocrx_word' id='word_1_81' title='bbox 1476 1087 1648 1128; x_wconf 76' lang='lat' dir='ltr'>contulit</span> <span class='ocrx_word' id='word_1_82' title='bbox 1680 1085 1808 1127; x_wconf 75' lang='lat' dir='ltr'>Kchr.</span> <span class='ocrx_word' id='word_1_83' title='bbox 1875 1085 2024 1128; x_wconf 51' lang='lat' dir='ltr'>Gay-tae</span> <span class='ocrx_word' id='word_1_84' title='bbox 2055 1086 2240 1128; x_wconf 77' lang='lat' dir='ltr'>maxima</span> <span class='ocrx_word' id='word_1_85' title='bbox 2265 1100 2374 1139; x_wconf 74' lang='lat' dir='ltr'>pars</span> 
     </span>
     <span class='ocr_line' id='line_1_10' title="bbox 184 1153 2372 1210; baseline 0 -12"><span class='ocrx_word' id='word_1_86' title='bbox 184 1159 459 1209; x_wconf 62' lang='lat' dir='ltr'>transscripta</span> <span class='ocrx_word' id='word_1_87' title='bbox 498 1160 556 1198; x_wconf 75' lang='lat' dir='ltr'>est</span> <span class='ocrx_word' id='word_1_88' title='bbox 593 1171 611 1197; x_wconf 90' lang='lat' dir='ltr'>c</span> <span class='ocrx_word' id='word_1_89' title='bbox 650 1156 930 1197; x_wconf 76' lang='lat' dir='ltr'>Promissionc</span> <span class='ocrx_word' id='word_1_90' title='bbox 967 1156 1267 1209; x_wconf 69' lang='lat' dir='ltr'>Arycncincnsi</span> <span class='ocrx_word' id='word_1_91' title='bbox 1310 1170 1349 1197; x_wconf 82' lang='lat' dir='ltr'>a.</span> <span class='ocrx_word' id='word_1_92' title='bbox 1381 1157 1492 1196; x_wconf 78' lang='grc'><em>1216</em></span> <span class='ocrx_word' id='word_1_93' title='bbox 1533 1159 1686 1207; x_wconf 78' lang='lat' dir='ltr'>(supra</span> <span class='ocrx_word' id='word_1_94' title='bbox 1723 1168 1786 1195; x_wconf 73' lang='lat' dir='ltr'>nr.</span> <span class='ocrx_word' id='word_1_95' title='bbox 1817 1155 1903 1209; x_wconf 78' lang='lat'><em>58).</em></span> <span class='ocrx_word' id='word_1_96' title='bbox 1945 1179 2000 1183; x_wconf 90' lang='lat'>—</span> <span class='ocrx_word' id='word_1_97' title='bbox 2040 1153 2233 1206; x_wconf 77' lang='lat' dir='ltr'>Bo&#39;hmcr,</span> <span class='ocrx_word' id='word_1_98' title='bbox 2270 1154 2372 1210; x_wconf 72' lang='lat' dir='ltr'>Rey.</span> 
     </span>
     <span class='ocr_line' id='line_1_11' title="bbox 187 1222 2228 1280; baseline -0.002 -12"><span class='ocrx_word' id='word_1_99' title='bbox 187 1229 282 1280; x_wconf 74' lang='lat' dir='ltr'>imp.</span> <span class='ocrx_word' id='word_1_100' title='bbox 315 1226 358 1270; x_wconf 91' lang='grc' dir='ltr'>Γ</span> <span class='ocrx_word' id='word_1_101' title='bbox 384 1227 505 1268; x_wconf 86' lang='grc'><em>1091.</em></span> <span class='ocrx_word' id='word_1_102' title='bbox 1992 1222 2061 1275; x_wconf 87' lang='grc' dir='ltr'>(Ρ.</span> <span class='ocrx_word' id='word_1_103' title='bbox 2085 1223 2228 1271; x_wconf 71' lang='lat' dir='ltr'>deest.)</span> 
     </span>
    </p>
   </div>
   <div class='ocr_carea' id='block_1_5' title="bbox 185 1361 2390 2789">
    <p class='ocr_par' dir='ltr' id='par_1_5' title="bbox 185 1361 2377 1550">
     <span class='ocr_line' id='line_1_12' title="bbox 329 1361 2375 1413; baseline -0 -9"><span class='ocrx_word' id='word_1_104' title='bbox 329 1368 569 1405; x_wconf 80' lang='lat' dir='ltr'>Sanctissimo</span> <span class='ocrx_word' id='word_1_105' title='bbox 600 1368 639 1403; x_wconf 88' lang='lat' dir='ltr'>in</span> <span class='ocrx_word' id='word_1_106' title='bbox 671 1367 817 1403; x_wconf 90' lang='lat' dir='ltr'>Christo</span> <span class='ocrx_word' id='word_1_107' title='bbox 859 1367 958 1413; x_wconf 87' lang='lat' dir='ltr'>patri</span> <span class='ocrx_word' id='word_1_108' title='bbox 998 1369 1036 1402; x_wconf 91' lang='lat' dir='ltr'>et</span> <span class='ocrx_word' id='word_1_109' title='bbox 1074 1367 1224 1403; x_wconf 89' lang='lat' dir='ltr'>domino</span> <span class='ocrx_word' id='word_1_110' title='bbox 1257 1379 1322 1402; x_wconf 86' lang='lat' dir='ltr'>suo</span> <span class='ocrx_word' id='word_1_111' title='bbox 1355 1361 1550 1401; x_wconf 76' lang='lat' dir='ltr'>Honorio</span> <span class='ocrx_word' id='word_1_112' title='bbox 1584 1368 1819 1402; x_wconf 73' lang='lat' dir='ltr'>sacrosancte</span> <span class='ocrx_word' id='word_1_113' title='bbox 1850 1366 2015 1402; x_wconf 77' lang='lat' dir='ltr'>Romane</span> <span class='ocrx_word' id='word_1_114' title='bbox 2048 1366 2202 1402; x_wconf 79' lang='lat' dir='ltr'>ecclesie</span> <span class='ocrx_word' id='word_1_115' title='bbox 2233 1378 2375 1404; x_wconf 88' lang='lat' dir='ltr'>summo</span> 
     </span>
     <span class='ocr_line' id='line_1_13' title="bbox 186 1428 2377 1485; baseline -0.001 -11"><span class='ocrx_word' id='word_1_116' title='bbox 186 1438 354 1485; x_wconf 86' lang='lat' dir='ltr'>pontifici</span> <span class='ocrx_word' id='word_1_117' title='bbox 388 1431 420 1471; x_wconf 84' lang='lat' dir='ltr'><strong>F</strong></span> <span class='ocrx_word' id='word_1_118' title='bbox 427 1431 631 1471; x_wconf 75' lang='lat' dir='ltr'>ridericus</span> <span class='ocrx_word' id='word_1_119' title='bbox 665 1436 733 1472; x_wconf 88' lang='lat' dir='ltr'>Dei</span> <span class='ocrx_word' id='word_1_120' title='bbox 771 1436 832 1471; x_wconf 64' lang='lat' dir='ltr'>eta</span> <span class='ocrx_word' id='word_1_121' title='bbox 879 1436 935 1470; x_wconf 84' lang='lat' dir='ltr'>sui</span> <span class='ocrx_word' id='word_1_122' title='bbox 977 1436 1101 1481; x_wconf 85' lang='lat' dir='ltr'>gratia</span> <span class='ocrx_word' id='word_1_123' title='bbox 1132 1435 1383 1471; x_wconf 87' lang='lat' dir='ltr'>Romanorum</span> <span class='ocrx_word' id='word_1_124' title='bbox 1425 1428 1519 1471; x_wconf 80' lang='lat' dir='ltr'>rex*</span> <span class='ocrx_word' id='word_1_125' title='bbox 1562 1447 1708 1480; x_wconf 79' lang='lat' dir='ltr'>semper</span> <span class='ocrx_word' id='word_1_126' title='bbox 1749 1436 1929 1480; x_wconf 86' lang='lat' dir='ltr'>augustus</span> <span class='ocrx_word' id='word_1_127' title='bbox 1969 1436 2008 1470; x_wconf 89' lang='lat' dir='ltr'>et</span> <span class='ocrx_word' id='word_1_128' title='bbox 2044 1446 2108 1470; x_wconf 88' lang='lat' dir='ltr'>rex</span> <span class='ocrx_word' id='word_1_129' title='bbox 2140 1434 2264 1472; x_wconf 81' lang='lat' dir='ltr'>Sicilie</span> <span class='ocrx_word' id='word_1_130' title='bbox 2294 1448 2377 1472; x_wconf 90' lang='lat' dir='ltr'>cum</span> 
     </span>
     <span class='ocr_line' id='line_1_14' title="bbox 185 1503 2014 1550; baseline -0.002 -8"><span class='ocrx_word' id='word_1_131' title='bbox 185 1507 289 1542; x_wconf 82' lang='lat' dir='ltr'>filiali</span> <span class='ocrx_word' id='word_1_132' title='bbox 323 1506 552 1542; x_wconf 83' lang='lat' dir='ltr'>subiectione</span> <span class='ocrx_word' id='word_1_133' title='bbox 584 1505 749 1541; x_wconf 78' lang='lat' dir='ltr'>debitam</span> <span class='ocrx_word' id='word_1_134' title='bbox 782 1505 819 1540; x_wconf 91' lang='lat' dir='ltr'>in</span> <span class='ocrx_word' id='word_1_135' title='bbox 852 1505 1022 1540; x_wconf 88' lang='lat' dir='ltr'>omnibus</span> <span class='ocrx_word' id='word_1_136' title='bbox 1055 1505 1259 1550; x_wconf 86' lang='lat' dir='ltr'>apostolice</span> <span class='ocrx_word' id='word_1_137' title='bbox 1291 1505 1369 1540; x_wconf 88' lang='lat' dir='ltr'>sedi</span> <span class='ocrx_word' id='word_1_138' title='bbox 1403 1503 1655 1540; x_wconf 73' lang='lat' dir='ltr'>obedientiam</span> <span class='ocrx_word' id='word_1_139' title='bbox 1687 1505 1725 1539; x_wconf 87' lang='lat' dir='ltr'>et</span> <span class='ocrx_word' id='word_1_140' title='bbox 1755 1503 2014 1539; x_wconf 88' lang='lat' dir='ltr'>reverentiam.</span> 
     </span>
    </p>

    <p class='ocr_par' dir='ltr' id='par_1_6' title="bbox 187 1572 2390 2789">
     <span class='ocr_line' id='line_1_15' title="bbox 329 1572 2374 1621; baseline -0.001 -11"><span class='ocrx_word' id='word_1_141' title='bbox 329 1575 528 1621; x_wconf 74' lang='lat' dir='ltr'>Cupientes</span> <span class='ocrx_word' id='word_1_142' title='bbox 571 1578 649 1610; x_wconf 86' lang='lat' dir='ltr'>tam</span> <span class='ocrx_word' id='word_1_143' title='bbox 690 1574 843 1610; x_wconf 87' lang='lat' dir='ltr'>ecclesie</span> <span class='ocrx_word' id='word_1_144' title='bbox 875 1574 1040 1610; x_wconf 84' lang='lat' dir='ltr'>Romane</span> <span class='ocrx_word' id='word_1_145' title='bbox 1080 1585 1191 1619; x_wconf 88' lang='lat' dir='ltr'>quam</span> <span class='ocrx_word' id='word_1_146' title='bbox 1223 1585 1337 1620; x_wconf 86' lang='lat' dir='ltr'>regno</span> <span class='ocrx_word' id='word_1_147' title='bbox 1370 1573 1494 1609; x_wconf 86' lang='lat' dir='ltr'>Sicilie</span> <span class='ocrx_word' id='word_1_148' title='bbox 1526 1573 1733 1618; x_wconf 88' lang='lat' dir='ltr'>providere,</span> <span class='ocrx_word' id='word_1_149' title='bbox 1772 1572 2026 1618; x_wconf 73' lang='lat' dir='ltr'>promittimus</span> <span class='ocrx_word' id='word_1_150' title='bbox 2059 1574 2098 1608; x_wconf 81' lang='lat' dir='ltr'>et</span> <span class='ocrx_word' id='word_1_151' title='bbox 2128 1573 2374 1616; x_wconf 83' lang='lat' dir='ltr'>concedimus,</span> 
     </span>
     <span class='ocr_line' id='line_1_16' title="bbox 187 1641 2377 1689; baseline -0.001 -9"><span class='ocrx_word' id='word_1_152' title='bbox 187 1648 397 1681; x_wconf 78' lang='lat' dir='ltr'>statuentes</span> <span class='ocrx_word' id='word_1_153' title='bbox 441 1647 492 1685; x_wconf 80' lang='lat' dir='ltr'>ut,</span> <span class='ocrx_word' id='word_1_154' title='bbox 534 1646 734 1689; x_wconf 78' lang='lat' dir='ltr'>postquam</span> <span class='ocrx_word' id='word_1_155' title='bbox 781 1643 958 1679; x_wconf 81' lang='lat' dir='ltr'>fuerimus</span> <span class='ocrx_word' id='word_1_156' title='bbox 1004 1643 1151 1688; x_wconf 88' lang='lat' dir='ltr'>imperii</span> <span class='ocrx_word' id='word_1_157' title='bbox 1189 1654 1363 1678; x_wconf 88' lang='lat' dir='ltr'>coronam</span> <span class='ocrx_word' id='word_1_158' title='bbox 1401 1642 1564 1687; x_wconf 57' lang='lat' dir='ltr'>adeptia,</span> <span class='ocrx_word' id='word_1_159' title='bbox 1609 1641 1780 1686; x_wconf 87' lang='lat' dir='ltr'>protinus</span> <span class='ocrx_word' id='word_1_160' title='bbox 1818 1641 1934 1676; x_wconf 86' lang='lat' dir='ltr'>filium</span> <span class='ocrx_word' id='word_1_161' title='bbox 1965 1642 2134 1676; x_wconf 88' lang='lat' dir='ltr'>nostrum</span> <span class='ocrx_word' id='word_1_162' title='bbox 2165 1641 2377 1685; x_wconf 87' lang='lat' dir='ltr'>Henricum,</span> 
     </span>
     <span class='ocr_line' id='line_1_17' title="bbox 187 1704 2379 1761; baseline -0.002 -12"><span class='ocrx_word' id='word_1_163' title='bbox 187 1726 297 1759; x_wconf 80' lang='lat' dir='ltr'>quem</span> <span class='ocrx_word' id='word_1_164' title='bbox 343 1713 389 1748; x_wconf 82' lang='lat' dir='ltr'>ad</span> <span class='ocrx_word' id='word_1_165' title='bbox 425 1712 643 1747; x_wconf 83' lang='lat' dir='ltr'>mandatum</span> <span class='ocrx_word' id='word_1_166' title='bbox 682 1706 1006 1761; x_wconf 80' lang='lat' dir='ltr'>predecessoris</span> <span class='ocrx_word' id='word_1_167' title='bbox 1040 1704 1199 1746; x_wconf 79' lang='lat' dir='ltr'>vestrib</span> <span class='ocrx_word' id='word_1_168' title='bbox 1242 1705 1353 1745; x_wconf 90' lang='lat' dir='ltr'>bone</span> <span class='ocrx_word' id='word_1_169' title='bbox 1396 1705 1601 1745; x_wconf 88' lang='lat' dir='ltr'>memorie</span> <span class='ocrx_word' id='word_1_170' title='bbox 1643 1704 1802 1744; x_wconf 88' lang='lat' dir='ltr'>domini</span> <span class='ocrx_word' id='word_1_171' title='bbox 1834 1704 2076 1744; x_wconf 86' lang='lat' dir='ltr'>Innocentii</span> <span class='ocrx_word' id='word_1_172' title='bbox 2117 1718 2228 1759; x_wconf 86' lang='lat' dir='ltr'>pape</span> <span class='ocrx_word' id='word_1_173' title='bbox 2265 1705 2379 1746; x_wconf 86' lang='lat' dir='ltr'>tertii</span> 
     </span>
     <span class='ocr_line' id='line_1_18' title="bbox 190 1772 2378 1826; baseline -0.002 -8"><span class='ocrx_word' id='word_1_174' title='bbox 190 1776 375 1818; x_wconf 80' lang='lat' dir='ltr'>fecimus*</span> <span class='ocrx_word' id='word_1_175' title='bbox 408 1781 588 1823; x_wconf 79' lang='lat' dir='ltr'>coronari,</span> <span class='ocrx_word' id='word_1_176' title='bbox 629 1781 927 1826; x_wconf 83' lang='lat' dir='ltr'>emancipemusc</span> <span class='ocrx_word' id='word_1_177' title='bbox 967 1792 987 1814; x_wconf 83' lang='lat' dir='ltr'>a</span> <span class='ocrx_word' id='word_1_178' title='bbox 1018 1780 1143 1825; x_wconf 88' lang='lat' dir='ltr'>patria</span> <span class='ocrx_word' id='word_1_179' title='bbox 1173 1781 1362 1825; x_wconf 81' lang='lat' dir='ltr'>potestate</span> <span class='ocrx_word' id='word_1_180' title='bbox 1395 1779 1590 1824; x_wconf 88' lang='lat' dir='ltr'>ipsumque</span> <span class='ocrx_word' id='word_1_181' title='bbox 1623 1772 1803 1824; x_wconf 83' lang='lat' dir='ltr'>regnumd</span> <span class='ocrx_word' id='word_1_182' title='bbox 1837 1778 1972 1821; x_wconf 77' lang='lat' dir='ltr'>Sicilie,</span> <span class='ocrx_word' id='word_1_183' title='bbox 2005 1780 2082 1813; x_wconf 88' lang='lat' dir='ltr'>tam</span> <span class='ocrx_word' id='word_1_184' title='bbox 2114 1779 2213 1814; x_wconf 85' lang='lat' dir='ltr'>ultra</span> <span class='ocrx_word' id='word_1_185' title='bbox 2244 1779 2378 1815; x_wconf 88' lang='lat' dir='ltr'>Farum</span> 
     </span>
     <span class='ocr_line' id='line_1_19' title="bbox 190 1847 2379 1897; baseline -0.001 -10"><span class='ocrx_word' id='word_1_186' title='bbox 190 1864 299 1897; x_wconf 78' lang='lat' dir='ltr'>quam</span> <span class='ocrx_word' id='word_1_187' title='bbox 342 1851 445 1892; x_wconf 77' lang='lat' dir='ltr'>citra,</span> <span class='ocrx_word' id='word_1_188' title='bbox 492 1851 641 1896; x_wconf 84' lang='lat' dir='ltr'>penitus</span> <span class='ocrx_word' id='word_1_189' title='bbox 686 1850 938 1894; x_wconf 83' lang='lat' dir='ltr'>relinquamus</span> <span class='ocrx_word' id='word_1_190' title='bbox 983 1850 1030 1884; x_wconf 86' lang='lat' dir='ltr'>ab</span> <span class='ocrx_word' id='word_1_191' title='bbox 1069 1849 1224 1884; x_wconf 87' lang='lat' dir='ltr'>ecclesia</span> <span class='ocrx_word' id='word_1_192' title='bbox 1255 1849 1423 1883; x_wconf 85' lang='lat' dir='ltr'>Romana</span> <span class='ocrx_word' id='word_1_193' title='bbox 1464 1848 1676 1890; x_wconf 86' lang='lat' dir='ltr'>tenendum,</span> <span class='ocrx_word' id='word_1_194' title='bbox 1721 1848 1816 1882; x_wconf 83' lang='lat' dir='ltr'>sicut</span> <span class='ocrx_word' id='word_1_195' title='bbox 1856 1859 1923 1882; x_wconf 86' lang='lat' dir='ltr'>nos</span> <span class='ocrx_word' id='word_1_196' title='bbox 1960 1847 2054 1882; x_wconf 87' lang='lat' dir='ltr'>illud</span> <span class='ocrx_word' id='word_1_197' title='bbox 2092 1847 2138 1882; x_wconf 90' lang='lat' dir='ltr'>ab</span> <span class='ocrx_word' id='word_1_198' title='bbox 2180 1847 2263 1893; x_wconf 84' lang='lat' dir='ltr'>ipsa</span> <span class='ocrx_word' id='word_1_199' title='bbox 2300 1849 2379 1884; x_wconf 87' lang='lat' dir='ltr'>sola</span> 
     </span>
     <span class='ocr_line' id='line_1_20' title="bbox 190 1915 2377 1963; baseline -0.002 -6"><span class='ocrx_word' id='word_1_200' title='bbox 190 1926 374 1961; x_wconf 86' lang='lat' dir='ltr'>tenemus;</span> <span class='ocrx_word' id='word_1_201' title='bbox 415 1919 470 1953; x_wconf 85' lang='lat' dir='ltr'>ita</span> <span class='ocrx_word' id='word_1_202' title='bbox 507 1919 605 1963; x_wconf 83' lang='lat' dir='ltr'>quod</span> <span class='ocrx_word' id='word_1_203' title='bbox 643 1921 779 1954; x_wconf 81' lang='lat' dir='ltr'>extunc</span> <span class='ocrx_word' id='word_1_204' title='bbox 816 1930 884 1954; x_wconf 88' lang='lat' dir='ltr'>nec</span> <span class='ocrx_word' id='word_1_205' title='bbox 920 1918 1139 1954; x_wconf 81' lang='lat' dir='ltr'>habebimus</span> <span class='ocrx_word' id='word_1_206' title='bbox 1182 1929 1249 1953; x_wconf 89' lang='lat' dir='ltr'>nec</span> <span class='ocrx_word' id='word_1_207' title='bbox 1286 1917 1561 1953; x_wconf 86' lang='lat' dir='ltr'>nominabimus</span> <span class='ocrx_word' id='word_1_208' title='bbox 1599 1928 1666 1951; x_wconf 87' lang='lat' dir='ltr'>nos</span> <span class='ocrx_word' id='word_1_209' title='bbox 1705 1928 1830 1961; x_wconf 84' lang='lat' dir='ltr'>regem</span> <span class='ocrx_word' id='word_1_210' title='bbox 1862 1915 1997 1958; x_wconf 86' lang='lat' dir='ltr'>Sicilie,</span> <span class='ocrx_word' id='word_1_211' title='bbox 2040 1916 2103 1951; x_wconf 88' lang='lat' dir='ltr'>sed</span> <span class='ocrx_word' id='word_1_212' title='bbox 2133 1916 2239 1951; x_wconf 85' lang='lat' dir='ltr'>iuxta</span> <span class='ocrx_word' id='word_1_213' title='bbox 2268 1917 2377 1953; x_wconf 87' lang='lat' dir='ltr'>bene-</span> 
     </span>
     <span class='ocr_line' id='line_1_21' title="bbox 190 1979 2379 2035; baseline -0.002 -10"><span class='ocrx_word' id='word_1_214' title='bbox 190 1989 369 2035; x_wconf 81' lang='lat' dir='ltr'>placitum</span> <span class='ocrx_word' id='word_1_215' title='bbox 403 1991 565 2024; x_wconf 79' lang='lat' dir='ltr'>vestrum</span> <span class='ocrx_word' id='word_1_216' title='bbox 603 1988 882 2033; x_wconf 88' lang='lat' dir='ltr'>procurabimus</span> <span class='ocrx_word' id='word_1_217' title='bbox 921 1988 1011 2022; x_wconf 86' lang='lat' dir='ltr'>illud</span> <span class='ocrx_word' id='word_1_218' title='bbox 1049 1986 1197 2022; x_wconf 89' lang='lat' dir='ltr'>nomine</span> <span class='ocrx_word' id='word_1_219' title='bbox 1234 1985 1351 2030; x_wconf 88' lang='lat' dir='ltr'>ipsius</span> <span class='ocrx_word' id='word_1_220' title='bbox 1391 1985 1456 2020; x_wconf 83' lang='lat' dir='ltr'>filii</span> <span class='ocrx_word' id='word_1_221' title='bbox 1487 1985 1605 2020; x_wconf 85' lang='lat' dir='ltr'>nostri</span> <span class='ocrx_word' id='word_1_222' title='bbox 1644 1984 1740 2030; x_wconf 85' lang='lat' dir='ltr'>regis</span> <span class='ocrx_word' id='word_1_223' title='bbox 1780 1997 1895 2029; x_wconf 84' lang='lat' dir='ltr'>usque</span> <span class='ocrx_word' id='word_1_224' title='bbox 1928 1985 1974 2019; x_wconf 88' lang='lat' dir='ltr'>ad</span> <span class='ocrx_word' id='word_1_225' title='bbox 2005 1984 2213 2030; x_wconf 86' lang='lat' dir='ltr'>legitimam</span> <span class='ocrx_word' id='word_1_226' title='bbox 2245 1979 2379 2034; x_wconf 80' lang='lat' dir='ltr'>ipsius</span> 
     </span>
     <span class='ocr_line' id='line_1_22' title="bbox 191 2053 2382 2103; baseline -0.002 -9"><span class='ocrx_word' id='word_1_227' title='bbox 191 2062 331 2094; x_wconf 86' lang='lat' dir='ltr'>etatem</span> <span class='ocrx_word' id='word_1_228' title='bbox 378 2069 443 2103; x_wconf 87' lang='lat' dir='ltr'>per</span> <span class='ocrx_word' id='word_1_229' title='bbox 488 2068 685 2102; x_wconf 82' lang='lat' dir='ltr'>personam</span> <span class='ocrx_word' id='word_1_230' title='bbox 728 2057 900 2092; x_wconf 89' lang='lat' dir='ltr'>idoneam</span> <span class='ocrx_word' id='word_1_231' title='bbox 946 2056 1157 2101; x_wconf 81' lang='lat' dir='ltr'>gubernari,</span> <span class='ocrx_word' id='word_1_232' title='bbox 1205 2067 1276 2099; x_wconf 90' lang='lat' dir='ltr'>que</span> <span class='ocrx_word' id='word_1_233' title='bbox 1316 2055 1361 2090; x_wconf 88' lang='lat' dir='ltr'>de</span> <span class='ocrx_word' id='word_1_234' title='bbox 1403 2054 1503 2089; x_wconf 90' lang='lat' dir='ltr'>omni</span> <span class='ocrx_word' id='word_1_235' title='bbox 1544 2054 1622 2088; x_wconf 86' lang='lat' dir='ltr'>iure</span> <span class='ocrx_word' id='word_1_236' title='bbox 1669 2055 1782 2098; x_wconf 87' lang='lat' dir='ltr'>atque</span> <span class='ocrx_word' id='word_1_237' title='bbox 1828 2053 1980 2089; x_wconf 85' lang='lat' dir='ltr'>servitio</span> <span class='ocrx_word' id='word_1_238' title='bbox 2024 2053 2177 2089; x_wconf 89' lang='lat' dir='ltr'>ecclesie</span> <span class='ocrx_word' id='word_1_239' title='bbox 2217 2054 2382 2090; x_wconf 88' lang='lat' dir='ltr'>Romane</span> 
     </span>
     <span class='ocr_line' id='line_1_23' title="bbox 191 2122 2384 2173; baseline -0.002 -11"><span class='ocrx_word' id='word_1_240' title='bbox 191 2128 426 2173; x_wconf 80' lang='lat' dir='ltr'>respondeat,</span> <span class='ocrx_word' id='word_1_241' title='bbox 460 2127 505 2161; x_wconf 87' lang='lat' dir='ltr'>ad</span> <span class='ocrx_word' id='word_1_242' title='bbox 537 2138 648 2171; x_wconf 87' lang='lat' dir='ltr'>quam</span> <span class='ocrx_word' id='word_1_243' title='bbox 680 2126 910 2161; x_wconf 86' lang='lat' dir='ltr'>solummodo</span> <span class='ocrx_word' id='word_1_244' title='bbox 944 2125 1060 2170; x_wconf 88' lang='lat' dir='ltr'>ipsius</span> <span class='ocrx_word' id='word_1_245' title='bbox 1092 2124 1198 2170; x_wconf 86' lang='lat' dir='ltr'>regni</span> <span class='ocrx_word' id='word_1_246' title='bbox 1229 2123 1435 2159; x_wconf 90' lang='lat' dir='ltr'>dominium</span> <span class='ocrx_word' id='word_1_247' title='bbox 1466 2123 1634 2158; x_wconf 86' lang='lat' dir='ltr'>noscitur</span> <span class='ocrx_word' id='word_1_248' title='bbox 1664 2122 1870 2167; x_wconf 87' lang='lat' dir='ltr'>pertinere;</span> <span class='ocrx_word' id='word_1_249' title='bbox 1903 2134 1949 2158; x_wconf 88' lang='lat' dir='ltr'>ne</span> <span class='ocrx_word' id='word_1_250' title='bbox 1981 2123 2078 2158; x_wconf 86' lang='lat' dir='ltr'>forte</span> <span class='ocrx_word' id='word_1_251' title='bbox 2109 2134 2176 2168; x_wconf 89' lang='lat' dir='ltr'>pro</span> <span class='ocrx_word' id='word_1_252' title='bbox 2197 2134 2251 2166; x_wconf 87' lang='lat' dir='ltr'>eo,</span> <span class='ocrx_word' id='word_1_253' title='bbox 2284 2123 2384 2167; x_wconf 88' lang='lat' dir='ltr'>quod</span> 
     </span>
     <span class='ocr_line' id='line_1_24' title="bbox 193 2191 2382 2241; baseline -0.002 -10"><span class='ocrx_word' id='word_1_254' title='bbox 193 2208 259 2232; x_wconf 88' lang='lat' dir='ltr'>nos</span> <span class='ocrx_word' id='word_1_255' title='bbox 292 2195 510 2241; x_wconf 85' lang='lat' dir='ltr'>dignatione</span> <span class='ocrx_word' id='word_1_256' title='bbox 541 2195 667 2230; x_wconf 81' lang='lat' dir='ltr'>divina</span> <span class='ocrx_word' id='word_1_257' title='bbox 706 2206 830 2229; x_wconf 87' lang='lat' dir='ltr'>sumus</span> <span class='ocrx_word' id='word_1_258' title='bbox 877 2194 923 2229; x_wconf 89' lang='lat' dir='ltr'>ad</span> <span class='ocrx_word' id='word_1_259' title='bbox 961 2193 1108 2239; x_wconf 88' lang='lat' dir='ltr'>imperii</span> <span class='ocrx_word' id='word_1_260' title='bbox 1140 2192 1333 2238; x_wconf 85' lang='lat' dir='ltr'>fastigium</span> <span class='ocrx_word' id='word_1_261' title='bbox 1365 2191 1522 2234; x_wconf 88' lang='lat' dir='ltr'>evocati,</span> <span class='ocrx_word' id='word_1_262' title='bbox 1562 2191 1704 2236; x_wconf 87' lang='lat' dir='ltr'>aliquid</span> <span class='ocrx_word' id='word_1_263' title='bbox 1741 2191 1889 2226; x_wconf 87' lang='lat' dir='ltr'>unionis</span> <span class='ocrx_word' id='word_1_264' title='bbox 1921 2202 2076 2237; x_wconf 84' lang='lat' dir='ltr'>regnum</span> <span class='ocrx_word' id='word_1_265' title='bbox 2109 2192 2156 2226; x_wconf 89' lang='lat' dir='ltr'>ad</span> <span class='ocrx_word' id='word_1_266' title='bbox 2185 2191 2382 2237; x_wconf 90' lang='lat' dir='ltr'>imperium</span> 
     </span>
     <span class='ocr_line' id='line_1_25' title="bbox 193 2260 2382 2310; baseline -0.002 -11"><span class='ocrx_word' id='word_1_267' title='bbox 193 2265 323 2310; x_wconf 84' lang='lat' dir='ltr'>quovis</span> <span class='ocrx_word' id='word_1_268' title='bbox 355 2265 545 2309; x_wconf 74' lang='lat' dir='ltr'>temporea</span> <span class='ocrx_word' id='word_1_269' title='bbox 580 2266 776 2309; x_wconf 88' lang='lat' dir='ltr'>putaretur</span> <span class='ocrx_word' id='word_1_270' title='bbox 806 2263 954 2305; x_wconf 85' lang='lat' dir='ltr'>habere,</span> <span class='ocrx_word' id='word_1_271' title='bbox 995 2263 1026 2297; x_wconf 87' lang='lat' dir='ltr'>si</span> <span class='ocrx_word' id='word_1_272' title='bbox 1065 2274 1133 2298; x_wconf 89' lang='lat' dir='ltr'>nos</span> <span class='ocrx_word' id='word_1_273' title='bbox 1175 2262 1284 2296; x_wconf 89' lang='lat' dir='ltr'>simul</span> <span class='ocrx_word' id='word_1_274' title='bbox 1324 2260 1522 2306; x_wconf 89' lang='lat' dir='ltr'>imperium</span> <span class='ocrx_word' id='word_1_275' title='bbox 1562 2263 1772 2295; x_wconf 90' lang='lat' dir='ltr'>teneremus</span> <span class='ocrx_word' id='word_1_276' title='bbox 1805 2262 1843 2295; x_wconf 81' lang='lat' dir='ltr'>et</span> <span class='ocrx_word' id='word_1_277' title='bbox 1873 2272 2038 2306; x_wconf 86' lang='lat' dir='ltr'>regnum,</span> <span class='ocrx_word' id='word_1_278' title='bbox 2078 2272 2145 2305; x_wconf 88' lang='lat' dir='ltr'>per</span> <span class='ocrx_word' id='word_1_279' title='bbox 2175 2260 2275 2305; x_wconf 87' lang='lat' dir='ltr'>quod</span> <span class='ocrx_word' id='word_1_280' title='bbox 2304 2261 2382 2295; x_wconf 84' lang='lat' dir='ltr'>tam</span> 
     </span>
     <span class='ocr_line' id='line_1_26' title="bbox 194 2322 2390 2379; baseline -0.002 -11"><span class='ocrx_word' id='word_1_281' title='bbox 194 2334 398 2379; x_wconf 84' lang='lat' dir='ltr'>apostolice</span> <span class='ocrx_word' id='word_1_282' title='bbox 437 2334 514 2369; x_wconf 86' lang='lat' dir='ltr'>sedi</span> <span class='ocrx_word' id='word_1_283' title='bbox 553 2344 663 2378; x_wconf 82' lang='lat' dir='ltr'>quam</span> <span class='ocrx_word' id='word_1_284' title='bbox 697 2331 739 2367; x_wconf 79' lang='lat' dir='ltr'>et</span> <span class='ocrx_word' id='word_1_285' title='bbox 776 2331 973 2367; x_wconf 86' lang='lat' dir='ltr'>heredibus</span> <span class='ocrx_word' id='word_1_286' title='bbox 1017 2331 1154 2366; x_wconf 90' lang='lat' dir='ltr'>nostris</span> <span class='ocrx_word' id='word_1_287' title='bbox 1186 2331 1339 2375; x_wconf 85' lang='lat' dir='ltr'>aliquod</span> <span class='ocrx_word' id='word_1_288' title='bbox 1380 2332 1507 2375; x_wconf 88' lang='lat' dir='ltr'>posset</span> <span class='ocrx_word' id='word_1_289' title='bbox 1540 2329 1774 2374; x_wconf 87' lang='lat' dir='ltr'>dispendium</span> <span class='ocrx_word' id='word_1_290' title='bbox 1805 2329 1987 2374; x_wconf 84' lang='lat' dir='ltr'>generari.</span> <span class='ocrx_word' id='word_1_291' title='bbox 2049 2322 2250 2364; x_wconf 79' lang='lat' dir='ltr'>Ceterum</span> <span class='ocrx_word' id='word_1_292' title='bbox 2283 2322 2390 2378; x_wconf 67' lang='lat' dir='ltr'>quia*</span> 
     </span>
     <span class='ocr_line' id='line_1_27' title="bbox 194 2391 2383 2451; baseline -0.003 -14"><span class='ocrx_word' id='word_1_293' title='bbox 194 2398 305 2437; x_wconf 86' lang='lat' dir='ltr'>forte</span> <span class='ocrx_word' id='word_1_294' title='bbox 339 2395 450 2451; x_wconf 87' lang='lat' dir='ltr'>quod</span> <span class='ocrx_word' id='word_1_295' title='bbox 483 2396 591 2437; x_wconf 82' lang='lat' dir='ltr'>absit</span> <span class='ocrx_word' id='word_1_296' title='bbox 624 2400 772 2450; x_wconf 81' lang='lat' dir='ltr'>posset</span> <span class='ocrx_word' id='word_1_297' title='bbox 807 2396 1072 2449; x_wconf 79' lang='lat' dir='ltr'>contingere,</span> <span class='ocrx_word' id='word_1_298' title='bbox 1106 2398 1388 2435; x_wconf 85' lang='lat' dir='ltr'>memoratum</span> <span class='ocrx_word' id='word_1_299' title='bbox 1420 2393 1553 2433; x_wconf 89' lang='lat' dir='ltr'>filium</span> <span class='ocrx_word' id='word_1_300' title='bbox 1587 2397 1781 2432; x_wconf 85' lang='lat' dir='ltr'>nostrum</span> <span class='ocrx_word' id='word_1_301' title='bbox 1814 2391 2026 2433; x_wconf 87' lang='lat' dir='ltr'>decedere</span> <span class='ocrx_word' id='word_1_302' title='bbox 2062 2392 2180 2432; x_wconf 91' lang='lat' dir='ltr'>nullo</span> <span class='ocrx_word' id='word_1_303' title='bbox 2203 2391 2291 2432; x_wconf 88' lang='lat' dir='ltr'>filio</span> <span class='ocrx_word' id='word_1_304' title='bbox 2313 2391 2383 2432; x_wconf 88' lang='lat' dir='ltr'>vel</span> 
     </span>
     <span class='ocr_line' id='line_1_28' title="bbox 196 2460 2382 2519; baseline -0.002 -14"><span class='ocrx_word' id='word_1_305' title='bbox 196 2479 400 2519; x_wconf 73' lang='lat' dir='ltr'>germano</span> <span class='ocrx_word' id='word_1_306' title='bbox 434 2465 599 2514; x_wconf 77' lang='lat' dir='ltr'>relicto,</span> <span class='ocrx_word' id='word_1_307' title='bbox 639 2477 910 2504; x_wconf 81' lang='lat' dir='ltr'>reservamus</span> <span class='ocrx_word' id='word_1_308' title='bbox 942 2463 1079 2514; x_wconf 81' lang='lat' dir='ltr'>nobis,</span> <span class='ocrx_word' id='word_1_309' title='bbox 1122 2466 1168 2502; x_wconf 87' lang='lat' dir='ltr'>ut</span> <span class='ocrx_word' id='word_1_310' title='bbox 1208 2463 1250 2503; x_wconf 92' lang='lat' dir='ltr'>in</span> <span class='ocrx_word' id='word_1_311' title='bbox 1282 2462 1363 2502; x_wconf 88' lang='lat' dir='ltr'>hoc</span> <span class='ocrx_word' id='word_1_312' title='bbox 1397 2476 1499 2502; x_wconf 86' lang='lat' dir='ltr'>casu</span> <span class='ocrx_word' id='word_1_313' title='bbox 1533 2475 1615 2501; x_wconf 88' lang='lat' dir='ltr'>non</span> <span class='ocrx_word' id='word_1_314' title='bbox 1655 2461 1746 2501; x_wconf 87' lang='lat' dir='ltr'>iure</span> <span class='ocrx_word' id='word_1_315' title='bbox 1780 2461 1951 2516; x_wconf 87' lang='lat' dir='ltr'>imperii</span> <span class='ocrx_word' id='word_1_316' title='bbox 1984 2460 2057 2501; x_wconf 86' lang='lat' dir='ltr'>sed</span> <span class='ocrx_word' id='word_1_317' title='bbox 2090 2461 2253 2502; x_wconf 84' lang='lat' dir='ltr'>ratione</span> <span class='ocrx_word' id='word_1_318' title='bbox 2286 2474 2382 2501; x_wconf 90' lang='lat' dir='ltr'>suc-</span> 
     </span>
     <span class='ocr_line' id='line_1_29' title="bbox 196 2528 2384 2586; baseline -0.003 -12"><span class='ocrx_word' id='word_1_319' title='bbox 196 2534 403 2575; x_wconf 83' lang='lat' dir='ltr'>cessionis</span> <span class='ocrx_word' id='word_1_320' title='bbox 438 2533 644 2586; x_wconf 72' lang='lat' dir='ltr'>legitime,</span> <span class='ocrx_word' id='word_1_321' title='bbox 677 2536 895 2586; x_wconf 81' lang='lat' dir='ltr'>tamquam</span> <span class='ocrx_word' id='word_1_322' title='bbox 929 2532 1065 2586; x_wconf 80' lang='lat' dir='ltr'>quivis</span> <span class='ocrx_word' id='word_1_323' title='bbox 1098 2535 1222 2586; x_wconf 84' lang='lat' dir='ltr'>pater</span> <span class='ocrx_word' id='word_1_324' title='bbox 1253 2531 1380 2579; x_wconf 61' lang='lat' dir='ltr'>filioss,</span> <span class='ocrx_word' id='word_1_325' title='bbox 1413 2531 1452 2571; x_wconf 82' lang='lat' dir='ltr'>oi</span> <span class='ocrx_word' id='word_1_326' title='bbox 1487 2528 1992 2584; x_wconf 81' lang='lat' dir='ltr'>succederepossimusf</span> <span class='ocrx_word' id='word_1_327' title='bbox 2022 2529 2064 2569; x_wconf 87' lang='lat' dir='ltr'>in</span> <span class='ocrx_word' id='word_1_328' title='bbox 2097 2542 2289 2584; x_wconf 87' lang='lat' dir='ltr'>regnum,</span> <span class='ocrx_word' id='word_1_329' title='bbox 2324 2528 2384 2569; x_wconf 87' lang='lat' dir='ltr'>ita</span> 
     </span>
     <span class='ocr_line' id='line_1_30' title="bbox 197 2598 2382 2657; baseline -0.002 -15"><span class='ocrx_word' id='word_1_330' title='bbox 197 2601 307 2657; x_wconf 85' lang='lat' dir='ltr'>quod</span> <span class='ocrx_word' id='word_1_331' title='bbox 340 2601 443 2642; x_wconf 89' lang='lat' dir='ltr'>illud</span> <span class='ocrx_word' id='word_1_332' title='bbox 476 2616 497 2641; x_wconf 87' lang='lat' dir='ltr'>a</span> <span class='ocrx_word' id='word_1_333' title='bbox 522 2600 716 2641; x_wconf 79' lang='lat' dir='ltr'>Romana</span> <span class='ocrx_word' id='word_1_334' title='bbox 748 2601 1021 2655; x_wconf 75' lang='lat' dir='ltr'>recipiemus,</span> <span class='ocrx_word' id='word_1_335' title='bbox 1055 2600 1298 2640; x_wconf 88' lang='lat' dir='ltr'>tenebimus</span> <span class='ocrx_word' id='word_1_336' title='bbox 1332 2603 1374 2640; x_wconf 85' lang='lat' dir='ltr'>et</span> <span class='ocrx_word' id='word_1_337' title='bbox 1406 2611 1768 2653; x_wconf 85' lang='lat' dir='ltr'>recognoscemus</span> <span class='ocrx_word' id='word_1_338' title='bbox 1801 2598 1988 2639; x_wconf 88' lang='lat' dir='ltr'>ecclesia</span> <span class='ocrx_word' id='word_1_339' title='bbox 2022 2602 2064 2639; x_wconf 84' lang='lat' dir='ltr'>et</span> <span class='ocrx_word' id='word_1_340' title='bbox 2095 2598 2382 2639; x_wconf 81' lang='lat' dir='ltr'>iuramentum</span> 
     </span>
     <span class='ocr_line' id='line_1_31' title="bbox 197 2668 2381 2726; baseline -0.002 -15"><span class='ocrx_word' id='word_1_341' title='bbox 197 2671 515 2726; x_wconf 57' lang='lat' dir='ltr'>prestabimus&amp;</span> <span class='ocrx_word' id='word_1_342' title='bbox 555 2684 631 2724; x_wconf 88' lang='lat' dir='ltr'>pro</span> <span class='ocrx_word' id='word_1_343' title='bbox 671 2668 833 2710; x_wconf 87' lang='lat' dir='ltr'>eodem.</span> <span class='ocrx_word' id='word_1_344' title='bbox 894 2674 946 2709; x_wconf 85' lang='lat' dir='ltr'>Ut</span> <span class='ocrx_word' id='word_1_345' title='bbox 986 2676 1110 2710; x_wconf 89' lang='lat' dir='ltr'>autem</span> <span class='ocrx_word' id='word_1_346' title='bbox 1150 2675 1219 2710; x_wconf 91' lang='lat' dir='ltr'>hec</span> <span class='ocrx_word' id='word_1_347' title='bbox 1255 2676 1385 2709; x_wconf 86' lang='lat' dir='ltr'>nostra</span> <span class='ocrx_word' id='word_1_348' title='bbox 1420 2673 1628 2718; x_wconf 87' lang='lat' dir='ltr'>promissio,</span> <span class='ocrx_word' id='word_1_349' title='bbox 1672 2672 1860 2708; x_wconf 86' lang='lat' dir='ltr'>concessio</span> <span class='ocrx_word' id='word_1_350' title='bbox 1893 2675 1932 2708; x_wconf 87' lang='lat' dir='ltr'>et</span> <span class='ocrx_word' id='word_1_351' title='bbox 1963 2671 2184 2708; x_wconf 85' lang='lat' dir='ltr'>constitutio</span> <span class='ocrx_word' id='word_1_352' title='bbox 2216 2671 2381 2707; x_wconf 87' lang='lat' dir='ltr'>debitum</span> 
     </span>
     <span class='ocr_line' id='line_1_32' title="bbox 198 2741 1920 2789; baseline -0.003 -8"><span class='ocrx_word' id='word_1_353' title='bbox 198 2746 376 2781; x_wconf 88' lang='lat' dir='ltr'>sortiatur</span> <span class='ocrx_word' id='word_1_354' title='bbox 407 2746 588 2787; x_wconf 85' lang='lat' dir='ltr'>effectum,</span> <span class='ocrx_word' id='word_1_355' title='bbox 621 2747 833 2789; x_wconf 87' lang='lat' dir='ltr'>presentem</span> <span class='ocrx_word' id='word_1_356' title='bbox 864 2744 1040 2789; x_wconf 85' lang='lat' dir='ltr'>paginam</span> <span class='ocrx_word' id='word_1_357' title='bbox 1071 2755 1183 2778; x_wconf 89' lang='lat' dir='ltr'>aurea</span> <span class='ocrx_word' id='word_1_358' title='bbox 1213 2743 1316 2778; x_wconf 88' lang='lat' dir='ltr'>bulla</span> <span class='ocrx_word' id='word_1_359' title='bbox 1347 2745 1476 2778; x_wconf 87' lang='lat' dir='ltr'>nostra</span> <span class='ocrx_word' id='word_1_360' title='bbox 1506 2742 1660 2777; x_wconf 80' lang='lat' dir='ltr'>fecimus</span> <span class='ocrx_word' id='word_1_361' title='bbox 1691 2741 1920 2777; x_wconf 87' lang='lat' dir='ltr'>communiri.</span> 
     </span>
    </p>
   </div>
   <div class='ocr_carea' id='block_1_6' title="bbox 200 2802 2385 2918">
    <p class='ocr_par' dir='ltr' id='par_1_7' title="bbox 200 2802 2385 2918">
     <span class='ocr_line' id='line_1_33' title="bbox 342 2802 2385 2862; baseline -0.003 -13"><span class='ocrx_word' id='word_1_362' title='bbox 342 2808 461 2849; x_wconf 77' lang='lat' dir='ltr'>Dat.¹¹</span> <span class='ocrx_word' id='word_1_363' title='bbox 495 2807 608 2862; x_wconf 84' lang='lat' dir='ltr'>apud</span> <span class='ocrx_word' id='word_1_364' title='bbox 641 2807 866 2860; x_wconf 80' lang='lat' dir='ltr'>Hagnowe</span> <span class='ocrx_word' id='word_1_365' title='bbox 899 2820 1010 2846; x_wconf 88' lang='lat' dir='ltr'>anno</span> <span class='ocrx_word' id='word_1_366' title='bbox 1044 2805 1215 2846; x_wconf 90' lang='lat' dir='ltr'>Domini</span> <span class='ocrx_word' id='word_1_367' title='bbox 1250 2805 1476 2846; x_wconf 84' lang='lat' dir='ltr'>millesimo</span> <span class='ocrx_word' id='word_1_368' title='bbox 1510 2805 1805 2845; x_wconf 88' lang='lat' dir='ltr'>ducentesimo</span> <span class='ocrx_word' id='word_1_369' title='bbox 1839 2803 2057 2855; x_wconf 80' lang='lat' dir='ltr'>vicesimo,</span> <span class='ocrx_word' id='word_1_370' title='bbox 2101 2806 2251 2857; x_wconf 83' lang='lat' dir='ltr'>quarto</span> <span class='ocrx_word' id='word_1_371' title='bbox 2283 2802 2385 2844; x_wconf 89' lang='lat' dir='ltr'>Idus</span> 
     </span>
     <span class='ocr_line' id='line_1_34' title="bbox 200 2875 838 2918; baseline -0.003 -1"><span class='ocrx_word' id='word_1_372' title='bbox 200 2877 337 2918; x_wconf 59' lang='lat' dir='ltr'>Febra&#39;</span> <span class='ocrx_word' id='word_1_373' title='bbox 371 2876 612 2916; x_wconf 87' lang='lat' dir='ltr'>indictionis</span> <span class='ocrx_word' id='word_1_374' title='bbox 646 2875 838 2916; x_wconf 75' lang='lat' dir='ltr'>octavek.</span> 
     </span>
    </p>
   </div>
   <div class='ocr_carea' id='block_1_7' title="bbox 339 3006 2384 3051">
    <p class='ocr_par' dir='ltr' id='par_1_8' title="bbox 339 3006 2384 3051">
     <span class='ocr_line' id='line_1_35' title="bbox 339 3006 2384 3051; baseline -0.003 -6"><span class='ocrx_word' id='word_1_375' title='bbox 339 3013 396 3046; x_wconf 75' lang='lat'>70.</span> <span class='ocrx_word' id='word_1_376' title='bbox 430 3019 460 3045; x_wconf 75' lang='lat'>³)</span> <span class='ocrx_word' id='word_1_377' title='bbox 488 3014 522 3044; x_wconf 82' lang='lat' dir='ltr'>in</span> <span class='ocrx_word' id='word_1_378' title='bbox 547 3024 674 3045; x_wconf 71' lang='grc' dir='ltr'>ναειινα</span> <span class='ocrx_word' id='word_1_379' title='bbox 704 3013 729 3044; x_wconf 88' lang='lat'>1.</span> <span class='ocrx_word' id='word_1_380' title='bbox 827 3011 857 3051; x_wconf 83' lang='lat' dir='ltr'>b)</span> <span class='ocrx_word' id='word_1_381' title='bbox 885 3024 972 3044; x_wconf 81' lang='lat' dir='ltr'>corr.</span> <span class='ocrx_word' id='word_1_382' title='bbox 999 3023 1038 3043; x_wconf 77' lang='lat' dir='ltr'>cx</span> <span class='ocrx_word' id='word_1_383' title='bbox 1064 3013 1169 3044; x_wconf 79' lang='lat' dir='ltr'>nostri</span> <span class='ocrx_word' id='word_1_384' title='bbox 1199 3010 1234 3044; x_wconf 88' lang='lat' dir='ltr'>l:</span> <span class='ocrx_word' id='word_1_385' title='bbox 1261 3012 1367 3043; x_wconf 83' lang='lat' dir='ltr'>nostri</span> <span class='ocrx_word' id='word_1_386' title='bbox 1392 3010 1422 3041; x_wconf 81' lang='lat'>3.</span> <span class='ocrx_word' id='word_1_387' title='bbox 1517 3014 1546 3045; x_wconf 76' lang='lat'>0)</span> <span class='ocrx_word' id='word_1_388' title='bbox 1573 3009 1835 3051; x_wconf 78' lang='lat' dir='ltr'>emancipiemus</span> <span class='ocrx_word' id='word_1_389' title='bbox 1859 3008 1890 3042; x_wconf 78' lang='lat'>2.</span> <span class='ocrx_word' id='word_1_390' title='bbox 1991 3006 2024 3051; x_wconf 87' lang='lat' dir='ltr'>d)</span> <span class='ocrx_word' id='word_1_391' title='bbox 2049 3018 2260 3050; x_wconf 86' lang='lat' dir='ltr'>regnumque</span> <span class='ocrx_word' id='word_1_392' title='bbox 2287 3006 2384 3040; x_wconf 79' lang='lat'><strong>1-3.</strong></span> 
     </span>
    </p>
   </div>
   <div class='ocr_carea' id='block_1_8' title="bbox 200 3061 2384 3167">
    <p class='ocr_par' dir='ltr' id='par_1_9' title="bbox 200 3061 2384 3167">
     <span class='ocr_line' id='line_1_36' title="bbox 201 3061 2384 3112; baseline -0.003 -10"><span class='ocrx_word' id='word_1_393' title='bbox 201 3072 230 3111; x_wconf 64' lang='grc' dir='ltr'>Θ)</span> <span class='ocrx_word' id='word_1_394' title='bbox 258 3082 342 3102; x_wconf 88' lang='lat' dir='ltr'>corr.</span> <span class='ocrx_word' id='word_1_395' title='bbox 370 3082 408 3103; x_wconf 73' lang='lat' dir='ltr'>ecc</span> <span class='ocrx_word' id='word_1_396' title='bbox 434 3071 502 3102; x_wconf 89' lang='lat' dir='ltr'>filio</span> <span class='ocrx_word' id='word_1_397' title='bbox 528 3076 622 3112; x_wconf 85' lang='lat' dir='ltr'>pater</span> <span class='ocrx_word' id='word_1_398' title='bbox 649 3070 678 3102; x_wconf 91' lang='lat'>1.</span> <span class='ocrx_word' id='word_1_399' title='bbox 816 3068 844 3108; x_wconf 74' lang='lat' dir='ltr'>s)</span> <span class='ocrx_word' id='word_1_400' title='bbox 872 3080 1050 3112; x_wconf 84' lang='lat' dir='ltr'>possumus</span> <span class='ocrx_word' id='word_1_401' title='bbox 1074 3068 1104 3101; x_wconf 88' lang='lat'>3.</span> <span class='ocrx_word' id='word_1_402' title='bbox 1246 3070 1278 3108; x_wconf 65' lang='grc' dir='ltr'>εἰ)</span> <span class='ocrx_word' id='word_1_403' title='bbox 1303 3068 1477 3110; x_wconf 86' lang='lat' dir='ltr'>prabimus</span> <span class='ocrx_word' id='word_1_404' title='bbox 1506 3066 1533 3097; x_wconf 94' lang='lat' dir='ltr'>l.</span> <span class='ocrx_word' id='word_1_405' title='bbox 1675 3064 1707 3107; x_wconf 84' lang='lat' dir='ltr'>h)</span> <span class='ocrx_word' id='word_1_406' title='bbox 1732 3066 1860 3098; x_wconf 86' lang='lat' dir='ltr'>Datum</span> <span class='ocrx_word' id='word_1_407' title='bbox 1884 3064 1916 3097; x_wconf 88' lang='lat'>3.</span> <span class='ocrx_word' id='word_1_408' title='bbox 2044 3063 2069 3106; x_wconf 80' lang='lat' dir='ltr'>i)</span> <span class='ocrx_word' id='word_1_409' title='bbox 2094 3064 2271 3097; x_wconf 84' lang='lat' dir='ltr'>Februarii</span> <span class='ocrx_word' id='word_1_410' title='bbox 2295 3062 2328 3096; x_wconf 79' lang='lat'>2.</span> <span class='ocrx_word' id='word_1_411' title='bbox 2352 3061 2384 3096; x_wconf 87' lang='lat'>3.</span> 
     </span>
     <span class='ocr_line' id='line_1_37' title="bbox 200 3125 643 3167; baseline 0 -9"><span class='ocrx_word' id='word_1_412' title='bbox 200 3125 231 3167; x_wconf 59' lang='lat'>¹¹)</span> <span class='ocrx_word' id='word_1_413' title='bbox 261 3128 441 3160; x_wconf 79' lang='lat' dir='ltr'>indictione</span> <span class='ocrx_word' id='word_1_414' title='bbox 467 3134 587 3160; x_wconf 84' lang='lat' dir='ltr'>octava</span> <span class='ocrx_word' id='word_1_415' title='bbox 612 3127 643 3159; x_wconf 76' lang='lat'>2.</span> 
     </span>
    </p>
   </div>
   <div class='ocr_carea' id='block_1_9' title="bbox 344 3237 1299 3281">
    <p class='ocr_par' dir='ltr' id='par_1_10' title="bbox 344 3237 1299 3281">
     <span class='ocr_line' id='line_1_38' title="bbox 344 3237 1299 3281; baseline -0.002 -9"><span class='ocrx_word' id='word_1_416' title='bbox 344 3242 373 3281; x_wconf 83' lang='lat' dir='ltr'>l)</span> <span class='ocrx_word' id='word_1_417' title='bbox 404 3238 456 3279; x_wconf 82' lang='lat' dir='ltr'>Cf.</span> <span class='ocrx_word' id='word_1_418' title='bbox 484 3239 639 3273; x_wconf 71' lang='lat' dir='ltr'>‘Notices</span> <span class='ocrx_word' id='word_1_419' title='bbox 665 3243 695 3272; x_wconf 68' lang='lat' dir='ltr'>ct</span> <span class='ocrx_word' id='word_1_420' title='bbox 722 3239 878 3272; x_wconf 47' lang='lat' dir='ltr'>exto-aits</span> <span class='ocrx_word' id='word_1_421' title='bbox 908 3237 1019 3280; x_wconf 89' lang='lat' dir='ltr'>XXI,</span> <span class='ocrx_word' id='word_1_422' title='bbox 1041 3241 1072 3279; x_wconf 84' lang='lat'>2,</span> <span class='ocrx_word' id='word_1_423' title='bbox 1089 3241 1154 3271; x_wconf 87' lang='grc'>296</span> <span class='ocrx_word' id='word_1_424' title='bbox 1177 3247 1231 3269; x_wconf 76' lang='lat' dir='ltr'>nr.</span> <span class='ocrx_word' id='word_1_425' title='bbox 1250 3241 1299 3270; x_wconf 79' lang='lat'>63.</span> 
     </span>
    </p>
   </div>
   <div class='ocr_carea' id='block_1_10' title="bbox 1053 3463 1557 3471">
    <p class='ocr_par' dir='ltr' id='par_1_11' title="bbox 1053 3463 1557 3471">
     <span class='ocr_line' id='line_1_39' title="bbox 1053 3463 1557 3471; baseline 0 0"><span class='ocrx_word' id='word_1_426' title='bbox 1053 3463 1557 3471; x_wconf 95' lang='lat' dir='ltr'> </span> 
     </span>
    </p>
   </div>
   <div class='ocr_carea' id='block_1_11' title="bbox 2421 893 2436 918">
    <p class='ocr_par' dir='ltr' id='par_1_12' title="bbox 2421 893 2436 918">
     <span class='ocr_line' id='line_1_40' title="bbox 2421 893 2436 918; baseline 0 0"><span class='ocrx_word' id='word_1_427' title='bbox 2421 893 2436 918; x_wconf 84' lang='lat'><strong>5</strong></span> 
     </span>
    </p>
   </div>
   <div class='ocr_carea' id='block_1_12' title="bbox 2409 1235 2442 1259">
    <p class='ocr_par' dir='ltr' id='par_1_13' title="bbox 2409 1235 2442 1259">
     <span class='ocr_line' id='line_1_41' title="bbox 2409 1235 2442 1259; baseline 0 0"><span class='ocrx_word' id='word_1_428' title='bbox 2409 1235 2442 1259; x_wconf 89' lang='lat'>10</span> 
     </span>
    </p>
   </div>
   <div class='ocr_carea' id='block_1_13' title="bbox 2414 1650 2445 1675">
    <p class='ocr_par' dir='ltr' id='par_1_14' title="bbox 2414 1650 2445 1675">
     <span class='ocr_line' id='line_1_42' title="bbox 2414 1650 2445 1675; baseline 0 0"><span class='ocrx_word' id='word_1_429' title='bbox 2414 1650 2445 1675; x_wconf 89' lang='lat'>15</span> 
     </span>
    </p>
   </div>
   <div class='ocr_carea' id='block_1_14' title="bbox 2416 1991 2449 2017">
    <p class='ocr_par' dir='ltr' id='par_1_15' title="bbox 2416 1991 2449 2017">
     <span class='ocr_line' id='line_1_43' title="bbox 2416 1991 2449 2017; baseline -0.03 0"><span class='ocrx_word' id='word_1_430' title='bbox 2416 1991 2449 2017; x_wconf 83' lang='lat'>20</span> 
     </span>
    </p>
   </div>
   <div class='ocr_carea' id='block_1_15' title="bbox 2419 2332 2451 2358">
    <p class='ocr_par' dir='ltr' id='par_1_16' title="bbox 2419 2332 2451 2358">
     <span class='ocr_line' id='line_1_44' title="bbox 2419 2332 2451 2358; baseline 0 0"><span class='ocrx_word' id='word_1_431' title='bbox 2419 2332 2451 2358; x_wconf 79' lang='lat'>25</span> 
     </span>
    </p>
   </div>
   <div class='ocr_carea' id='block_1_16' title="bbox 2420 2679 2452 2705">
    <p class='ocr_par' dir='ltr' id='par_1_17' title="bbox 2420 2679 2452 2705">
     <span class='ocr_line' id='line_1_45' title="bbox 2420 2679 2452 2705; baseline -0.031 0"><span class='ocrx_word' id='word_1_432' title='bbox 2420 2679 2452 2705; x_wconf 85' lang='lat'>30</span> 
     </span>
    </p>
   </div>
   <div class='ocr_carea' id='block_1_17' title="bbox 2420 3065 2452 3090">
    <p class='ocr_par' dir='ltr' id='par_1_18' title="bbox 2420 3065 2452 3090">
     <span class='ocr_line' id='line_1_46' title="bbox 2420 3065 2452 3090; baseline 0 0"><span class='ocrx_word' id='word_1_433' title='bbox 2420 3065 2452 3090; x_wconf 83' lang='lat'>35</span> 
     </span>
    </p>
   </div>
  </div>
 </body>
</html>
