2558 3970
20 189 26 198 ι
0 0 36 172 *ἑκ-*ἱέ-

87 1463 118 1487 10

86 1807 116 1831 15

83 2503 115 2530 25

81 3191 113 3218 35

712 180 950 214 FR11›ER1‹·1
984 181 1485 217 11.‹j⁷·‹·›Ns'l'1'1¹1‘'1‘1‹'NE-s.
1541 185 1635 218 1:²2⁰.
1688 184 1818 218 Nrff‘ss.
2288 189 2361 225 lotz

305 295 464 337 Datum
500 295 647 351 Capue
689 304 784 351 post
830 296 989 336 curiam
1029 297 1328 351 sollempniter
1360 299 1621 340 celebratam
1665 315 1775 340 anno
1810 299 2022 341 dominic-‹-
2057 301 2361 341 incarnationis

161 365 389 406 millesimo
432 365 728 406 ducentesimo
764 365 967 405 vicesimo
1010 366 1156 419 primo.
1200 380 1344 406 mense
1384 366 1584 408 Ianuarii.
1629 383 1736 408 nona
1775 368 2017 409 indictione.
2059 380 2097 409 (¹1
2139 384 2250 409 annno
2286 370 2360 409 iin-

160 434 266 488 pcrii
299 434 431 474 nostri
467 433 625 488 primo:
658 433 843 473 feliciter
875 447 1013 474 anwn.

505 829 2011 902 sss-si.(JOR0)A‘1¹1oROMANA.

921 955 1063 1001 102020.
1099 955 1216 1014 Apr.
1257 954 1378 1000 Nov.
1408 981 1447 985 —
1478 955 1589 1002 Dec.

636 1098 707 1141 82.
750 1098 1073 1141 LITTERAJ'
1105 1098 1518 1140 lwiMNORI'iJ.
1581 1102 1729 1151 (1:220.
1762 1100 1888 1151 llll)

300 1182 496 1231 Litteras,
526 1195 632 1233 quas·
654 1181 709 1221 Ρ
707 1183 779 1221 rte
801 1195 852 1221 ιώ·
876 1180 1097 1233 Iictynaldae
1118 1179 1367 1220 Annalibus·
1387 1181 1673 1222 (eclesiasticis
1694 1182 2148 1232 ιι.1;.)2()ςὸμιτ1ιί·ἱ1,
2181 1182 2363 1233 [nemsi-as

150 1264 432 1304 proponemus,
465 1251 611 1292 collato
642 1250 834 1303 Rmistro
868 1249 1049 1290 Honori&
1071 1249 1166 1291 III.
1200 1249 1269 1290 lib.
1295 1248 1376 1297 IV,
1401 1250 1483 1288 (ι’-(Η
1514 1264 1538 1290 (ι
1576 1250 1662 1290 ν’·ιιο
1694 1250 1731 1290 d.
1757 1250 2037 1300 Kausj'mann.
2108 1250 2174 1303 (γ’.
2203 1249 2362 1290 linden-

153 1320 247 1373 bery
279 1320 506 1372 ‘Epistolae
537 1320 692 1361 saecu-li
713 1318 868 1361 XIII'.
902 1318 937 1367 I,
970 1331 1035 1359 nr.
1063 1320 1154 1359 113.
1192 1343 1242 1347 ——
1279 1317 1738 1360 Hm'llard-Bralaollffi
1767 1319 1803 1368 I,
1830 1322 1920 1360 747.
1998 1319 2069 1362 (1².
2092 1322 2212 1370 2311.)

301 1447 624 1489 Gloriosissimo
673 1446 846 1487 domine
891 1445 1124 1487 Frederico
1172 1445 1252 1486 Dei
1305 1446 1445 1499 gratia
1495 1446 1583 1500 regi
1631 1447 1672 1486 in
1714 1446 2004 1487 Romanorum
2054 1448 2358 1502 imperatorem

153 1517 293 1558 electo
342 1531 513 1572 semper
557 1521 742 1571 augusto
791 1522 833 1556 et
881 1516 969 1570 regi
1017 1515 1160 1556 Sicilie
1203 1514 1434 1555 Parentius
1478 1515 1629 1555 eadem
1676 1516 1814 1569 gratia
1859 1517 1969 1557 alme
2020 1532 2067 1557 ac
2115 1517 2359 1558 venerande

151 1585 282 1627 Urbis
324 1585 500 1627 illustris
539 1590 714 1627 senator
753 1589 795 1626 ct
836 1584 1021 1640 populus
1062 1583 1287 1624 universus
1321 1583 1543 1624 Romanus
1586 1585 1769 1625 salutem
1804 1589 1847 1626 ct
1881 1585 2094 1635 hostium,
2140 1591 2224 1626 tam
2262 1586 2358 1626 visi-

151 1655 300 1697 bilium
342 1669 469 1711 quam
511 1655 808 1702 invisibilium,
848 1654 1001 1695 celitus
1041 1667 1089 1694 ac
1131 1653 1403 1694 inimicorum
1445 1654 1583 1694 crucis
1618 1654 1841 1694 victoriam
1883 1655 2137 1708 gloriosam„
2183 1662 2225 1695 et
2265 1660 2361 1709 post

150 1724 320 1780 imperii
362 1725 520 1766 terreni
564 1728 737 1780 sceptra
786 1724 970 1778 longeva
1018 1736 1066 1763 ac
1108 1723 1365 1764 felicissima
1412 1722 1571 1777 gaudia
1612 1723 1734 1777 regni
1777 1723 1952 1764 celestis
1996 1723 2251 1766 ineffabilia.
2295 1725 2359 1764 vel

155 1794 282 1836 aliter
315 1794 500 1836 salutem
535 1798 577 1835 et
609 1792 795 1834 Romani
828 1792 998 1848 imperii
1030 1792 1325 1833 monarchiam
1358 1791 1546 1833 feliciter
1579 1791 1833 1846 gubernare.

297 1862 362 1918 (1)
395 1862 546 1904 Dulcis
574 1866 616 1904 et
641 1861 874 1903 letabunda
904 1861 1086 1902 materia
1111 1875 1240 1917 super
1264 1861 1510 1917 receptione
1535 1861 1778 1902 litterarum
1806 1867 2060 1903 vestrarum.
2088 1862 2211 1902 nobis
2237 1877 2261 1901 a
2286 1878 2353 1902 se-

153 1933 337 1974 renitate
358 1937 502 1973 vestra
526 1932 780 1973 transmissa
799 1931 1057 1986 publiceque
1078 1931 1120 1971 in
1139 1930 1338 1986 capitolio
1360 1931 1565 1985 perlecta,
1583 1930 1710 1971 corda
1736 1936 1883 1972 nostra
1906 1931 2167 1972 multimodis
2191 1931 2359 1985 gaudiis

152 2001 380 2043 exilaravit
418 2007 461 2043 et
498 2001 676 2056 gaudia,
717 2015 798 2056 que
837 2015 882 2041 se
915 2000 958 2040 in
992 1999 1120 2041 corde
1163 1999 1292 2040 totius
1326 2000 1387 2039 rei
1428 1999 1598 2054 publice
1633 2013 1717 2040 non
1752 2000 1997 2055 capiebant,
2032 2014 2127 2041 cum
2163 2000 2357 2041 iucundi-

150 2075 239 2113 tate
271 2071 388 2113 foras
413 2071 515 2113 fecit
547 2075 750 2126 patenter
774 2070 914 2117 exire;
949 2083 1027 2110 nec
1053 2069 1280 2110 immerito.
1330 2068 1636 2110 Intelleximus
1671 2070 1786 2110 enim
1820 2074 1907 2110 tum
1942 2084 1996 2110 ex
2029 2071 2215 2125 ipsarum
2247 2070 2359 2110 serie

154 2140 407 2192 litterarum,
441 2144 531 2182 tum
563 2154 639 2196 per
671 2139 985 2186 honorabilem,
1018 2138 1246 2194 providum
1271 2141 1314 2179 et
1336 2138 1570 2179 discretum
1595 2139 1730 2179 virum
1769 2172 1775 2178 .
1812 2171 1819 2179 .
1855 2138 2057 2181 abbatem
2083 2138 2358 2181 Fuldcnsein.

151 2209 343 2264 legatum
377 2213 419 2251 et
451 2210 649 2251 nuntium
683 2224 732 2250 ac
765 2209 1004 2265 principem
1038 2213 1179 2249 vestre
1214 2208 1485 2258 serenitatis,
1519 2207 1631 2263 quod
1667 2222 1753 2257 vos,
1789 2209 1859 2263 qui
1893 2208 1947 2249 ad
1976 2208 2159 2249 Romani
2192 2208 2356 2262 imperii

151 2279 296 2334 apices
335 2279 439 2321 estis
481 2279 629 2330 electi,
673 2279 901 2320 almificam
945 2276 1127 2326 Urbem,
1170 2281 1368 2318 senatum
1410 2277 1700 2332 populumque
1741 2276 1983 2318 Romanum
2016 2283 2058 2319 et
2099 2282 2233 2318 totam
2269 2292 2356 2318 rein

150 2348 370 2404 publicam
415 2350 584 2390 sincera
624 2348 804 2403 diligitis
837 2347 1068 2388 affectione
1108 2351 1151 2388 et
1184 2347 1276 2388 eius
1317 2350 1553 2401 augmento
1588 2352 1630 2388 et
1661 2347 1918 2401 promotioni
1952 2347 2185 2388 efficaciter
2217 2346 2353 2387 inten-

150 2416 252 2459 dere
295 2417 589 2474 disposuistis,
635 2421 677 2458 et
714 2421 762 2458 ut
798 2417 985 2468 nomine,
1026 2416 1086 2456 ita
1128 2419 1171 2457 ct
1207 2430 1253 2457 re
1292 2415 1490 2457 Romana
1530 2429 1596 2456 res
1637 2416 1807 2471 publica
1850 2416 2062 2471 imperiali
2102 2415 2356 2457 celsitudine

151 2486 359 2540 decorari,
393 2487 660 2542 magnificari
693 2486 830 2542 possit
863 2486 1014 2526 merito
1049 2489 1092 2526 et
1125 2485 1411 2540 augmentari.
1474 2483 1543 2525 Ad
1571 2484 1683 2540 quod
1719 2484 2082 2539 magnificentiam
2107 2485 2267 2539 regiam
2292 2485 2355 2524 in-

150 2556 287 2598 vitant
327 2562 501 2598 senatus
544 2562 585 2598 ct
624 2557 919 2597 Romanorum
967 2555 1081 2596 circa
1122 2568 1197 2595 vos
1239 2554 1404 2595 stabilis
1447 2559 1490 2595 et
1537 2568 1645 2609 pura
1685 2554 1914 2595 sinceritas
1955 2558 1997 2594 et
2036 2553 2268 2594 indefessa.
2314 2558 2355 2594 et

150 2625 306 2667 merita
344 2626 565 2668 fructuosa
606 2626 649 2667 in
686 2626 839 2666 vestris
883 2623 1064 2679 agendis
1105 2639 1129 2663 a
1163 2628 1317 2664 senatu
1350 2627 1393 2665 et
1434 2624 1593 2678 populo
1636 2623 1911 2664 multifariam
1953 2623 2184 2677 multisque
2219 2621 2354 2662 modis

151 2699 341 2741 ostensa,
375 2699 418 2736 et
445 2696 488 2737 in
520 2694 638 2737 Urbe
678 2694 1002 2735 honorificentia
1041 2693 1391 2748 presentialiter-²²
1422 2693 1540 2747 regie
1575 2693 1788 2733 maiestati
1822 2692 2027 2733 exhibita.
2098 2693 2239 2746 Super
2271 2705 2353 2746 quo

150 2777 291 2805 rerum
325 2765 515 2806 omnium
547 2765 711 2806 auctori
743 2768 926 2819 quantas
959 2776 1188 2818 possumus
1221 2761 1373 2803 laudes
1408 2761 1650 2813 referimus,
1683 2762 1852 2816 quivos
1887 2761 1940 2802 ad
1973 2761 2147 2815 fastigia
2170 2760 2352 2801 Romani

147 2831 317 2887 imperii
354 2834 599 2875 sublimavit
641 2838 683 2874 et
716 2833 1038 2888 magnificentie
1075 2836 1214 2873 vestre
1254 2831 1406 2872 celitus
1445 2830 1691 2885 inspiravit,
1733 2830 1847 2885 quod
1890 2831 2018 2871 talem
2053 2831 2168 2871 eirca
2202 2843 2277 2869 nos
2311 2834 2353 2869 ct

148 2901 391 2944 Romanam
422 2917 513 2945 rem
546 2903 763 2959 publicam
795 2902 946 2957 geritis
976 2901 1260 2950 voluntatem,
1294 2901 1435 2956 ipsum
1459 2899 1730 2940 Altissimum
1763 2899 1899 2940 modis
1933 2899 2087 2953 quibus
2121 2912 2352 2954 possumus

149 2969 454 3026 deprecantes,
493 2976 541 3013 ut
582 2972 892 3013 sublimitatem
934 2975 1122 3012 vestram
1156 2971 1199 3010 in
1232 2970 1307 3011 tali
1339 2970 1452 3010 circa
1485 2983 1564 3009 nos
1598 2973 1828 3010 conservet
1861 2968 2107 3009 sinceritate
2154 2973 2197 3007 et
2230 2967 2350 3007 vobis

148 3039 333 3081 Romani
372 3041 540 3096 imperii
582 3040 879 3096 gubernacula
911 3038 1118 3081 concedat
1161 3052 1237 3094 per
1274 3039 1403 3093 longa
1435 3042 1677 3093 temporum
1712 3037 1851 3092 spatia
1883 3037 2066 3078 feliciter
2096 3036 2350 3091 gubernare.

148 3109 238 3151 Nos
271 3123 374 3165 ergo
407 3110 460 3151 de
494 3113 613 3151 tanta
647 3110 967 3165 magnificentia
998 3109 1241 3150 indubitata
1274 3107 1432 3149 fiducia
1465 3107 1743 3157 confidentes,
1778 3107 2008 3147 adventum
2042 3111 2226 3147 vestrum
2263 3110 2352 3146 tota

147 3183 289 3220 mente
328 3180 524 3235 cupimus
567 3182 609 3220 et
648 3179 868 3230 obtamus,
905 3178 1043 3233 parati
1077 3183 1120 3219 et
1164 3177 1352 3233 expositi
1385 3177 1427 3217 in
1460 3177 1656 3217 omnibus
1691 3180 1733 3217 et
1764 3175 1817 3216 ad
1851 3176 1994 3216 omnia
2027 3189 2121 3215 cum
2157 3175 2350 3215 Romane

148 3247 333 3289 ecclesie
373 3253 416 3289 et
457 3249 570 3289 alme
601 3248 733 3290 Urbis
775 3247 956 3298 honore,
1000 3261 1083 3302 que
1126 3247 1340 3302 imperiali
1373 3245 1563 3287 debeant
1603 3249 1645 3285 et
1683 3245 1849 3300 possint
1882 3244 2127 3285 celsitudini
2161 3244 2349 3298 compla-

150 3329 259 3357 cere.
313 3316 370 3358 Et
401 3317 472 3357 ille
507 3316 596 3358 dies
629 3317 754 3358 nobis
786 3316 997 3357 iucundus
1031 3319 1074 3357 et
1094 3316 1275 3356 festivus
1300 3319 1508 3361 occurret,
1534 3328 1617 3369 quo
1642 3313 1919 3354 serenitatem
1945 3318 2133 3353 vestram
2156 3316 2349 3367 tempore

148 3385 437 3426 coronationis
486 3385 809 3440 presentialiter
855 3385 1092 3440 poterimus
1146 3384 1303 3425 intueri
1351 3388 1393 3424 et
1436 3382 1589 3424 laudes
1644 3387 1763 3422 tante
1816 3382 2135 3435 magnificentie
2181 3381 2349 3422 debitas

148 3453 374 3502 exhibere:
413 3459 456 3495 et
494 3453 695 3509 quicquid
734 3454 953 3509 profectus
989 3453 1223 3509 poterimus
1257 3457 1300 3494 et
1335 3452 1529 3502 honoris,
1570 3450 1844 3506 imperatorie
1884 3449 2099 3491 maiestati
2130 3454 2350 3504 gratanter

81 3534 115 3560 ιο
150 3522 395 3575 curabimus
429 3523 649 3564 exhibere.

292 3590 356 3645 (2)
391 3591 532 3646 Super
571 3606 622 3632 ee
656 3596 821 3642 autem3
856 3591 968 3646 quod
1012 3606 1088 3646 per
1120 3591 1296 3632 easdem
1329 3590 1496 3631 litteras
1530 3593 1573 3630 et
1607 3589 1802 3629 nuntium
1835 3588 2020 3642 rogastis
2062 3591 2103 3626 ct
2137 3587 2346 3626 monendo

285 3703 346 3738 82.
386 3705 416 3746 θ’)
442 3706 675 3749 presentaliter
700 3718 727 3739 c.
