2558 3970
649 145 864 181 CONRADI
891 148 951 182 IV.
979 148 1414 184 CONST1T1,'T10NES.
1466 151 1563 185 1241.
1615 151 1771 185 N1·.335.
1799 152 1875 186 336.
2284 159 2364 195 445

164 273 242 301 rex
276 274 354 315 per
385 264 515 302 totam
551 261 861 312 wentoniam,
906 278 991 320 pax
1025 265 1145 306 firma
1179 272 1221 306 ct
1255 267 1420 308 sincera
1464 281 1599 322 usquc
1635 268 1686 308 ad
1722 268 1878 308 festum
1914 268 2025 309 beati
2062 269 2232 311 Martini
2266 285 2363 326 prc-

166 330 298 370 sentis
331 330 431 370 anni
465 330 519 371 ab
544 331 743 372 omnibus
777 333 1083 375 inviolabiliter
1107 335 1375 378 observetur.
1424 336 1546 384 Quod
1570 337 1602 377 si
1627 337 1781 391 aliquis
1807 338 1990 392 aliquem
2016 339 2362 392 crucesignatum

165 398 206 438 in
238 411 422 453 persona
456 399 522 439 vel
557 400 596 440 in
632 400 762 441 rebus
795 403 970 456 propria
1002 404 1258 444 auctoritato
1292 405 1452 446 leserit.
1487 405 1677 445 ‹lccrcvit
1711 405 1910 446 domiuus
1946 421 2034 450 rex.
2069 407 2179 462 quod
2207 408 2241 448 si
2266 408 2363 449 talis

165 481 242 522 per
272 467 361 508 VII
393 468 587 523 ydoneos
630 473 765 511 testes
799 472 992 512 convinci
1036 476 1179 527 potest
1217 472 1270 513 de
1305 474 1486 514 obiectis
1526 474 1797 516 criminibus.
1842 477 1925 516 vita
1970 478 2127 531 pariter
2161 482 2202 517 et
2235 477 2362 518 rebus

108 550 122 573 ⁵
160 541 363 592 tanquam
407 537 678 579 scismaticus
717 544 759 579 et
801 538 1046 581 destructor
1087 541 1270 582 ecclesie
1311 543 1527 597 Punietur.
1590 544 1712 589 Quod
1757 545 1790 584 si
1836 545 1945 585 forte
1979 545 2243 601 deprehendi
2280 561 2360 587 uon

161 610 319 661 potest,
354 607 557 648 infamem
592 613 736 649 tamen
770 614 812 649 et
845 609 1117 664 illegitimum
1152 610 1203 651 ad
1238 624 1386 652 omnes
1423 613 1637 666 legitimas
1671 614 1889 662 actiones,
1925 620 1965 654 ct
1999 621 2043 654 ut
2076 616 2218 656 omnia
2251 614 2360 656 bona

162 689 241 716 sua
272 676 544 731 applicentur
575 676 679 717 fisco
714 678 856 732 regio,
898 683 1058 720 statuto
1093 694 1169 720 suo
1206 694 1344 735 nuper
1377 681 1567 721 ‹lccrevit
1601 682 1639 722 in
1676 681 1913 736 Ezeliugcu
1948 683 1999 723 ‹lc
2036 685 2210 724 consilio
2246 686 2358 740 prin-

162 745 302 800 cipum
343 746 632 801 promulgato.
700 746 772 786 Er
809 747 1103 800 epiyranznmtu
1131 750 1217 789 :2:22
1250 748 1474 790 Rcinmari
1504 750 1551 790 dv
1583 751 1746 791 chlcr
1770 754 1988 804 praeterea
2022 752 2222 794 doeemur.
2256 753 2362 793 laam·

152 827 296 865 pacem
327 827 412 856 esse
443 815 625 856 iuratam
642 815 665 855 ¹.

90 928 123 952 lo
837 916 940 961 335.
979 919 1351 962 PRAECEP'J'A
1391 921 1679 965 BELLICA.

304 997 545 1050 Praecepta,
577 1013 682 1052 qnae
717 1000 944 1041 Germanis
974 1004 1079 1042 certe
1109 1001 1209 1042 (lala
1241 1005 1339 1043 sunt
1374 1003 1416 1043 ιῖη
1439 1004 1558 1044 (tm-ia
1581 1003 1859 1057 Es.slz'›zslmz.si.
1891 1005 2111 1046 secet-edem!
2134 1007 2359 1058 omiss-(iem

156 1067 370 1108 Fridcrim·
391 1068 454 1109 II.
487 1071 631 1109 contra
668 1068 868 1111 Tartaros
899 1071 1049 1123 (supra
1074 1083 1139 1112 nr.
1160 1073 1267 1121 235)
1303 1072 1346 1111 in
1368 1072 1500 1112 codiee
1526 1074 1847 1124 (mnopmztsmms
1870 1075 2158 1115 uma-ursitum
2180 1075 2258 1118 Ni:
2285 1079 2354 1115 7⁸5

155 1149 259 1179 saec.
283 1136 422 1180 XIII.
449 1137 526 1191 sol.
551 1133 613 1188 :3',
645 1151 763 1189 (suem
794 1138 928 1181 demto
959 1140 1132 1180 contuli!
1165 1140 1352 1184 Recllieh..
1386 1166 1439 1171 -—
1473 1142 1934 1185 umam-‹l-Brfilmlles
1966 1143 2009 1193 V,
2038 1147 2158 1185 1215.

2006 1213 2074 1265 (1¹.
2098 1216 2216 1263 339.)

86 1327 117 1351 ιε,
304 1314 338 1354 1.
372 1311 599 1367 Principes
633 1326 717 1353 non
750 1312 898 1354 ineant
931 1318 1174 1369 campestre
1206 1313 1370 1355 bellum
1395 1329 1489 1356 cum
1514 1314 1720 1363 Tartaris,
1755 1316 1830 1357 sed
1855 1318 2061 1358 terminos
2086 1332 2183 1358 suos
2208 1318 2356 1359 defen-

153 1379 268 1433 dant,
302 1395 356 1422 ne
389 1381 424 1422 si
460 1381 730 1436 contingeret
763 1395 837 1423 eos
870 1383 1168 1429 succumbere,
1203 1383 1317 1439 quod
1350 1383 1470 1426 Deus
1503 1390 1685 1427 avertat.
1720 1400 1800 1427 non
1836 1394 2013 1441 possent
2039 1389 2148 1428 vires
2184 1402 2281 1428 suas
2305 1387 2356 1428 ‹lc

153 1454 298 1492 cetero
331 1464 612 1506 congregare,

296 1521 335 1562 2.
366 1519 570 1562 Habeant
600 1520 861 1563 balistarios.

297 1591 334 1631 3.
365 1589 465 1631 Non
497 1589 573 1631 fiat
606 1590 802 1642 cervisia,
837 1590 914 1632 sed
946 1591 1211 1634 frumentum
1248 1597 1460 1635 servetur.

84 1671 117 1697 20
296 1661 335 1699 4.
366 1658 464 1700 Non
498 1658 711 1701 ducantur
742 1660 945 1702 victualia
977 1660 1031 1701 ad
1064 1660 1248 1707 Renum,
1283 1662 1358 1703 sed
1392 1667 1559 1704 tantum
1593 1663 1646 1704 ad
1681 1664 1775 1705 loca
1808 1663 2087 1706 defensionis.

299 1731 337 1769 5.
370 1728 481 1771 Item
515 1728 681 1771 habens
713 1734 801 1771 tres
834 1744 1004 1772 marcas
1037 1732 1079 1772 in
1111 1731 1353 1774 redditibus
1387 1733 1547 1775 habeat
1580 1739 1749 1775 scutum
1783 1735 1895 1789 quod
1920 1735 2077 1776 dicitur
2105 1736 2353 1777 setzischilt.

299 1800 336 1839 6.
371 1798 481 1841 Item
515 1799 799 1855 prohibeatur
831 1801 1035 1842 continua
1067 1801 1261 1847 taberna,
1295 1803 1398 1844 item
1434 1808 1577 1844 vestes
1609 1804 1845 1858 preciosae.

873 2005 976 2050 336.
1015 2008 1395 2052 MANDATUM
1425 2008 1630 2052 REGIS.

292 2088 444 2130 Edidit
473 2087 689 2130 Sellanmct
727 2090 772 2130 in
803 2088 1038 2131 Vinclemz'is
1078 2090 1282 2131 litet-ariis
1314 2090 1350 2140 I,
1372 2092 1456 2131 204
1489 2105 1508 2132 c
1540 2091 1672 2132 codice
1703 2104 1776 2132 suo
1807 2092 2058 2145 Illoyzmtz'no
2102 2094 2183 2134 iam
2216 2093 2357 2145 (leper-

79 2177 111 2203 25
148 2157 251 2209 dito,
290 2159 363 2210 qui
402 2161 539 2199 tamen
573 2157 665 2213 fuit
701 2159 914 2213 copiarius
952 2159 1141 2201 ecclcsiae
1172 2158 1557 2202 Hildeslecimcnsis.
1593 2185 1646 2190 —
1680 2160 2134 2204 Helium-d-Bre‘holles
2166 2162 2206 2213 V,
2231 2164 2353 2203 1214.

146 2226 342 2277 Βόἠφηεν,
374 2226 474 2281 Req.
506 2228 605 2280 inzp.
638 2227 683 2279 V,
706 2229 833 2271 4438.
2001 2230 2072 2284 (P.
2096 2232 2214 2285 339.)

291 2353 517 2396 Conradus
561 2355 674 2396 clivia
713 2356 886 2411 augusti
927 2356 1197 2410 imperatoris
1239 2355 1448 2398 Frideriei
1493 2357 1625 2408 filius,
1669 2357 1753 2398 Dei
1797 2358 1937 2412 gratia
1974 2358 2267 2400 Romanorum
2313 2360 2351 2399 in

146 2437 295 2479 regem
335 2424 499 2466 electus
539 2438 713 2480 semper
759 2428 971 2480 augustus
1012 2429 1055 2466 et
1099 2425 1225 2466 heres
1267 2426 1389 2481 regni
1430 2425 1769 2468 Ierosolimitani
1811 2426 1979 2468 dilectis
2020 2428 2101 2468 sibi
2142 2428 2354 2469 universis

147 2492 431 2549 principibus,
471 2494 698 2536 comitibus
732 2498 776 2536 et
807 2494 1023 2536 nobilibus
1057 2495 1298 2550 ceterisque
1330 2496 1500 2551 imperii
1540 2495 1741 2538 fidelibus
1774 2497 1816 2537 in
1851 2497 2046 2552 partibus
2080 2497 2352 2538 inferioribus

79 2581 113 2607 30
149 2563 394 2604 constitutis
427 2563 610 2618 gratiam
643 2577 765 2605 suam
798 2568 842 2605 et
873 2577 998 2605 omne
1031 2564 1208 2606 bonum.

289 2631 375 2674 Pro
408 2632 570 2674 honore
601 2632 702 2674 Iesu
734 2632 898 2675 Christi
932 2637 975 2675 et
1006 2633 1258 2675 defensione
1291 2633 1389 2675 fidei
1425 2633 1657 2675 christiane
1682 2635 1998 2677 communicato
2021 2636 2199 2677 consilio
2233 2636 2348 2691 prin-

149 2701 291 2758 cipum
322 2703 557 2744 multorum
589 2706 893 2758 magnatorum
926 2707 969 2744 et
1001 2703 1180 2744 aliorum
1212 2703 1381 2759 imperii
1413 2703 1624 2754 fidelium,
1658 2703 1727 2759 qui
1761 2703 1942 2746 aderant
1975 2705 2015 2745 in
2049 2705 2161 2746 festo
2194 2709 2345 2760 pente·
2388 2718 2510 2746 Maris.

149 2774 294 2813 costes
327 2771 412 2813 iam
444 2772 668 2827 preterito,
703 2776 852 2814 contra
884 2776 1038 2828 gentes
1070 2771 1294 2824 barbaras,
1329 2786 1411 2828 que
1445 2772 1613 2814 Tartari
1648 2773 1921 2815 nominantur
1954 2779 1997 2815 et
2019 2773 2122 2815 deos
2146 2775 2348 2815 invocant

149 2840 336 2894 alienos,
378 2841 492 2898 apud
523 2841 789 2897 Ezzelingen
823 2841 1222 2883 victoriosissimum
1266 2842 1436 2897 signum
1481 2843 1619 2884 crucis
1660 2842 1861 2884 duximus
1904 2843 2233 2895 assumendum,
2276 2843 2350 2884 tali

80 2927 111 2953 35
149 2909 394 2952 conditione
437 2911 669 2966 premissa,
711 2916 757 2952 ut
797 2925 852 2952 ex
885 2925 936 2953 eo
970 2925 1136 2953 summo
1178 2912 1371 2967 pontifici
1400 2926 1483 2953 non
1518 2912 1651 2954 simus
1685 2916 1827 2953 tamen
1862 2912 2124 2967 aliquatinus
2158 2912 2349 2967 obligati,

149 2979 225 3021 sed
265 2979 379 3036 quod
419 2984 586 3022 tantum
625 2981 855 3037 imperium
899 2981 941 3022 in
984 2981 1069 3023 ista
1108 2985 1231 3036 parte
1264 2981 1440 3037 Alpium
1473 2981 1527 3023 ab
1570 2982 1793 3022 invasione
1826 2981 2034 3022 dictorum
2068 2981 2345 3022 Tartarorum

147 3047 451 3102 defendamus,
496 3050 721 3107 ipsamque
754 3064 926 3092 crucem
965 3064 1168 3106 geremus
1200 3064 1335 3106 usque
1369 3051 1423 3092 ad
1454 3051 1613 3093 festum
1646 3051 1761 3093 beati
1795 3050 1964 3092 Martini
1998 3056 2040 3091 et
2070 3051 2276 3096 ulteriusq
2311 3050 2345 3090 si
2385 3057 2517 3084 N0v·¹¹·

148 3122 298 3161 contra
339 3120 475 3175 ipsam
519 3124 695 3176 gentem
733 3120 984 3162 Tartaream
1032 3120 1086 3162 ad
1133 3120 1340 3163 honorem
1383 3120 1554 3162 Domini
1601 3127 1668 3162 est
1710 3119 1920 3176 gerenda:
1970 3124 2261 3174 proponentes
2306 3119 2346 3160 in

149 3191 302 3229 octava
339 3189 543 3231 instantis
584 3190 683 3232 festi
716 3189 924 3232 Iohannis
967 3189 1156 3245 baptiste
1200 3194 1397 3231 nostrum
1439 3190 1626 3232 feliciter
1666 3190 1903 3231 exercitum
1946 3187 2057 3243 apud
2090 3187 2343 3229 Nurenberc
2382 3199 2434 3227 1111.
2457 3204 2480 3226 ι.

79 3274 113 3300 40
149 3269 434 3313 congregare,
474 3273 530 3301 ex
562 3264 665 3301 tunc
697 3273 782 3301 una
814 3259 1037 3300 vobiscum
1072 3264 1115 3301 et
1148 3259 1308 3301 Christi
1339 3259 1539 3301 fidelibus
1573 3260 1664 3300 sine
1697 3272 1815 3299 mora
1849 3261 1997 3298 contra
2029 3270 2158 3298 canes
2191 3256 2343 3298 Tarta-

147 3339 244 3367 reos
276 3327 503 3382 magnifice
536 3329 801 3384 processuri:
845 3332 1048 3383 rogantes
1082 3332 1124 3369 et
1163 3332 1390 3370 monentes
1423 3333 1587 3369 attente
1621 3327 1947 3368 universitatem
1982 3330 2189 3374 vestram,
2232 3325 2344 3380 quod

149 3393 201 3435 ad
233 3395 441 3438 honorem
474 3401 518 3439 et
548 3398 731 3453 gloriam
763 3397 1068 3453 Redemptoris
1103 3397 1237 3438 nostri
1270 3397 1407 3438 crucis
1442 3396 1609 3437 faciatis
1642 3396 1800 3451 ubique
1833 3395 2009 3450 gloriam
2043 3394 2254 3450 predicari
2290 3394 2344 3435 ad

284 3509 372 3545 336.
407 3511 438 3556 ³)
465 3513 592 3546 domini
617 3514 669 3547 ed.

284 3614 318 3657 1)
346 3613 383 3648 V.
409 3613 593 3649 editionem
620 3615 687 3650 riri
710 3616 750 3651 cl.
770 3615 903 3650 Raethe
928 3615 1012 3649 ‘Die
1032 3613 1194 3649 Gellicme
1212 3613 1404 3648 Reinmmze
1431 3624 1494 3647 ron
1513 3613 1656 3647 Zweter’
1677 3623 1715 3655 11·
1734 3616 1817 3646 520:
1844 3612 1907 3646 der
1934 3612 2195 3646 niuwesworen
2225 3612 2342 3651 vride3

79 3675 112 3700 45
147 3668 192 3712 cf.
216 3669 341 3704 ibidem
359 3681 397 3714 p.
418 3676 469 3708 70,
