2558 3970
208 178 287 217 375
739 174 978 209 FRIDERICI
1006 175 1048 208 II.
1076 174 1503 210 CONSTITUTIONES.
1555 177 1651 212 1248.
1700 177 1856 212 Nr.270.

208 302 331 328 mame
373 289 539 329 cumulem
576 289 759 342 s'ormam
800 288 1027 328 adhibitam
1068 302 1170 338 esse,
1209 303 1312 341 quac
1352 291 1448 331 «usui
1486 294 1575 331 crat
1617 292 1911 333 constituendis
1947 291 2195 344 officialibus
2225 292 2389 343 imperii

207 357 367 397 Italicis
398 356 575 397 durante
606 357 798 397 decennio
829 369 1035 397 annorum
1061 359 1357 398 1240—1250
1397 358 1471 412 (cf.
1504 359 1621 410 infm
1651 372 1715 399 mn
1737 361 1823 400 272
1852 362 1889 400 et
1917 361 2002 400 273
2026 393 2035 409 ,
2076 359 2221 400 addita
2252 362 2389 401 tamen

208 424 410 464 sententia
443 423 647 465 Preterea
674 449 722 454 —
748 426 1010 467 facultatem.
1070 426 1186 467 Haec
1211 425 1355 480 forma
1386 427 1674 479 antiquiorem,
1705 441 1788 480 qua
1820 428 2016 468 nituntur
2037 427 2238 469 mandata
2257 439 2389 480 supra

207 504 269 533 nr.
293 493 388 531 216.
411 494 508 533 217.
529 494 614 532 :20‘0'
647 492 767 541 edila,
799 494 1064 545 aliquantum
1095 495 1283 536 variavit.
1338 496 1510 536 Litteris
1540 495 1770 536 oninoribus
1791 510 1838 536 ca
1865 495 2132 548 insiynienda
2154 495 2389 537 curavimus

204 573 307 611 qaae
338 559 585 600 coni-enimi?
615 573 705 600 cum
737 560 932 601 mcmdaz‘o
963 574 1028 603 ην.
1050 564 1147 603 266.
1182 587 1233 592 -
1267 563 1460 613 Bo'limcr,
1495 563 1593 616 Rey.
1626 564 1721 615 inm.
1752 563 1797 614 V,
1817 565 1942 606 3707.
2010 563 2081 616 (P.
2104 563 2246 613 deest.)

346 672 415 714 Fr.
460 678 537 713 etc.
586 674 830 715 comitibus.
880 675 1131 717 baronibus.
1173 677 1524 718 ministerialibus
1565 681 1607 718 et
1648 677 1861 718 universis
1902 691 1978 732 per
2019 676 2219 718 ducatum
2260 676 2389 718 Stirie

209 742 451 782 constitutis
485 747 565 784 etc.

345 816 401 850 Ad
442 817 655 851 extollenda
695 818 876 853 iustorum
917 819 1092 864 preconia
1131 823 1167 854 ct
1206 821 1459 866 reprimendas
1497 821 1721 856 insolencias
1760 823 2075 866 transgressorum
2106 820 2336 866 prospiciens
2369 828 2391 856 e

204 885 281 919 celo
320 885 463 919 iustitia
506 886 622 920 erexit
667 886 703 920 in
745 887 892 931 populis
932 889 1172 933 regnandum
1216 890 1309 924 solia
1341 892 1378 924 et
1409 889 1639 924 diversorum
1677 889 1886 935 principum
1924 891 2144 935 potestates
2204 888 2393 924 Caruisset

208 964 366 997 namque
406 953 564 989 libenter
604 955 766 989 humana
806 957 973 991 condicio
1006 957 1092 1002 iugo
1125 958 1281 992 dominii
1313 970 1380 993 nec
1411 958 1626 994 libertatem
1658 970 1679 993 a
1711 970 1759 1001 se,
1793 970 1903 1002 quam
1936 952 2039 1006 ipsis
2071 960 2207 992 natura
2239 957 2388 992 contu-

207 1016 335 1056 lerat.
369 1022 535 1056 homines
568 1022 820 1062 abdicassent,
855 1024 925 1058 nisi
958 1025 1056 1069 quod
1089 1026 1262 1070 inpunita
1293 1026 1449 1061 licencia
1482 1027 1661 1061 scelerum
1692 1027 1730 1061 in
1763 1027 1974 1062 evidentem
2006 1026 2209 1071 perniciem
2239 1025 2394 1061 humani

202 1090 348 1133 generis
391 1090 636 1131 redundabat,
679 1094 713 1125 ct
760 1086 818 1125 sic
860 1105 903 1127 ex
942 1094 1165 1128 necessitate
1205 1095 1365 1138 quadam
1405 1095 1572 1140 oportuit
1609 1097 1782 1130 naturam
1822 1095 1971 1130 subesse
2002 1094 2150 1130 iusticie
2188 1096 2226 1130 et
2256 1093 2393 1130 servire

206 1158 341 1193 iudicio
374 1158 597 1193 libertatem.
660 1160 729 1194 Sed
762 1172 828 1194 nec
861 1161 1005 1205 exquiri
1038 1163 1162 1197 decuit
1194 1163 1424 1198 extrinsecus
1456 1163 1568 1198 aliam
1591 1163 1752 1208 speciem
1775 1165 1954 1206 creature,
1987 1163 2044 1198 cui
2077 1175 2115 1198 se
2137 1164 2395 1208 representata

204 1238 268 1270 per
300 1227 487 1261 hominem
519 1227 666 1262 celestis
697 1240 831 1273 ymago
865 1229 1068 1273 subiceret,
1103 1224 1221 1265 *dum
1252 1231 1290 1266 in
1322 1232 1558 1267 reddicione²²
1592 1244 1721 1267 census
1761 1232 2035 1267 nummismatis
2073 1225 2299 1281 imperium
2330 1243 2395 1277 pre

206 1295 337 1329 ceteris
361 1289 495 1343 figure
519 1291 737 1341 fastigiumb
761 1292 1019 1343 presignivit.*
1071 1299 1134 1334 Set
1156 1301 1266 1335 homo
1288 1301 1454 1345 prelatus
1478 1303 1534 1335 est
1556 1301 1709 1343 homini,
1740 1303 1781 1335 ut
1803 1295 2103 1349 preciosiorem
2128 1300 2291 1336 efficeret
2311 1311 2390 1345 pre-

203 1363 361 1397 laturam
394 1364 635 1409 idemptitas⁰
668 1360 839 1410 speciei*
900 1362 1217 1403 Attendentes‘l
1256 1363 1397 1417 igitur,
1433 1363 1545 1418 quod
1578 1378 1633 1404 ex
1664 1364 1898 1418 imperialis
1921 1363 2049 1404 officii
2078 1363 2212 1404 nostri
2234 1362 2393 1414 debito,

203 1424 313 1479 quod
347 1439 399 1465 ex
433 1426 579 1467 celesti
612 1426 940 1482 dispensacione
975 1432 1254 1486 suscepimus
1289 1437 1533 1472 villicacionis
1564 1440 1691 1473 nostre
1722 1438 1906 1473 rationem
1935 1450 2059 1473 sumus
2086 1437 2125 1472 in
2147 1437 2206 1472 die
2229 1430 2394 1472 districti

204 1500 329 1534 iudicii
351 1501 542 1543 reddituri,
567 1510 675 1547 cum,
700 1497 904 1551 qualitate
929 1498 1193 1539 diversorum
1216 1500 1493 1555 negociorum
1518 1498 1794 1555 [nostrorum]
1818 1505 1860 1541 et
1882 1501 2048 1555 imperii
2071 1514 2148 1555 per
2166 1501 2391 1542 nonnullas

207 1567 249 1603 et
281 1562 473 1604 diversas
507 1570 650 1619 partes
685 1566 921 1607 maiestatis
956 1572 1101 1608 nostre
1136 1569 1407 1623 presenciam
1440 1569 1688 1610 necessario
1724 1569 1983 1624 requirente,
2016 1570 2058 1609 in
2081 1568 2241 1610 ducatu
2264 1568 2391 1611 Stirie

207 1632 362 1671 morari
396 1633 594 1673 continue
629 1635 958 1688 presencialiter
990 1650 1270 1691 nequeamus,
1304 1651 1357 1678 ne
1391 1637 1717 1691 magnificencie
1750 1642 1896 1678 nostre
1928 1637 2116 1692 presidio
2148 1651 2197 1679 ac
2219 1637 2388 1679 iusticia

205 1704 350 1740 careat
393 1701 511 1755 regio
563 1707 814 1744 memorata:
868 1718 968 1745 ecce
1021 1705 1132 1759 quod
1176 1720 1250 1760 pro
1291 1706 1624 1761 recuperacione
1674 1720 1723 1747 ac
1772 1706 2021 1747 defensione
2065 1709 2305 1747 nostrorum
2348 1710 2390 1747 et

204 1768 371 1822 imperii
402 1769 556 1809 iurium
590 1775 632 1811 et
665 1770 893 1823 honorum,
938 1775 1270 1815 conservacione
1302 1774 1402 1815 boni
1434 1788 1482 1815 ac
1515 1774 1683 1829 pacifici
1717 1779 1854 1815 status
1887 1775 2020 1829 ipsius
2052 1775 2292 1830 provincie,
2324 1775 2388 1816 in-

206 1837 335 1877 stanti
367 1841 408 1877 et
440 1838 536 1878 viva
567 1853 721 1893 guerra
754 1842 911 1881 nostris
944 1841 1179 1883 rebellibus
1213 1842 1451 1893 inferenda,
1484 1842 1536 1883 de
1570 1842 1778 1884 industria
1810 1847 1852 1884 et
1884 1843 2106 1898 legalitate
2137 1843 2389 1898 Meynardi0

206 1905 368 1945 comitis
404 1904 606 1955 Goricief.¹
641 1907 784 1950 dilecti
816 1909 951 1950 fidelis
985 1911 1131 1961 nostri,
1164 1911 1217 1951 ab
1251 1915 1432 1967 experto
1466 1912 1628 1963 confisi,
1661 1913 1800 1967 ipsum
1832 1913 2082 1967 generalem
2117 1912 2389 1967 capitaneum

205 1973 246 2013 in
280 1973 471 2027 predicto
506 1975 663 2017 ducatu
698 1976 824 2018 Stirie
858 1985 1029 2019 duximus
1062 1986 1311 2028 statuendum,
1345 1980 1620 2022 *concedentes
1653 1981 1692 2022 ei
1724 1998 1866 2021 merum
1897 1989 1935 2021 et
1962 1986 2113 2021 mistum
2135 1987 2332 2032 imperium
2354 1989 2392 2023 et

205 2047 321 2091 gladii
344 2052 582 2092 potestatem.
633 2051 680 2086 Et
703 2055 743 2087 ut
764 2053 802 2087 in
824 2054 1053 2089 facinorosos
1075 2055 1372 2090 animadvertere
1395 2056 1529 2098 valeat,
1560 2049 1783 2101 *purgando
1804 2056 2036 2101 provinciam
2058 2049 2138 2090 Sibi
2161 2049 2390 2101 decretam,

207 2109 273 2150 *in
306 2128 367 2151 eos
400 2119 621 2162 specialiter,
655 2122 719 2165 qui
749 2124 886 2156 stratas
910 2125 947 2157 et
969 2123 1106 2158 itinera
1137 2117 1320 2168 publica*
1353 2124 1492 2159 violare
1515 2127 1744 2169 presumunt.
1805 2118 2062 2167 Criminales*,
2095 2124 2222 2159 civiles
2244 2126 2282 2159 et
2302 2124 2392 2159 libe-

209 2184 303 2219 rales
343 2197 490 2230 quoque
531 2189 657 2223 audiat
696 2192 733 2224 et
774 2191 998 2226 determinet
1035 2193 1267 2236 questiones,
1309 2205 1466 2237 quarum
1507 2193 1694 2238 cognicio,
1738 2194 1768 2228 si
1806 2205 1872 2228 nos
1912 2196 2104 2239 presentes
2137 2205 2315 2236 essemus,
2347 2194 2395 2228 ad

208 2256 375 2287 nostrum
408 2254 585 2290 iudicium
624 2259 840 2302 pertineret.
903 2260 1075 2302 [Decreta
1107 2262 1235 2306 utique
1268 2262 1536 2307 interponam,
1577 2274 1648 2307 que
1680 2262 1719 2296 in
1751 2262 1982 2298 alienacione
2020 2274 2142 2298 rerum
2174 2261 2394 2298 ecclesiasti-

210 2332 334 2355 carum
367 2322 429 2365 [etl
462 2324 647 2360 minorum
678 2339 720 2361 ac
752 2329 1007 2364 transactione
1039 2330 1304 2366 alimentorum
1335 2332 1537 2366 secundum
1568 2331 1755 2366 iusticiam
1788 2331 1977 2376 interponi
2008 2333 2198 2376 petuntur.
2249 2324 2328 2366 *Et
2354 2333 2396 2366 ut

211 2389 414 2425 minoribus
448 2396 485 2426 et
516 2395 728 2437 maioribus,
761 2397 894 2440 quibus
927 2398 1153 2433 universalia
1185 2399 1266 2433 iura
1298 2402 1526 2442 succurrunt,
1560 2411 1671 2434 causa
1702 2400 1853 2445 cognita
1875 2399 2128 2435 restitucionis
2149 2399 2189 2434 in
2210 2399 2397 2445 integrum

212 2457 431 2494 beneficium
464 2456 686 2510 largiatur.
732 2460 903 2513 plenam
938 2461 1016 2501 sibi
1050 2462 1324 2503 concedimus
1367 2467 1642 2518 potestatem.
1704 2468 1760 2503 Ad
1798 2469 2031 2503 audienciam
2063 2476 2231 2517 quoque
2264 2461 2397 2503 suam*

211 2528 486 2571 appellaciones
526 2531 661 2566 deferri
694 2534 878 2576 volumus,
922 2547 1013 2579 quas
1045 2548 1067 2570 a
1098 2530 1328 2572 sentenciis*
1361 2537 1632 2572 ordinariorum
1674 2537 1837 2571 iudicum
1876 2536 1918 2572 et
1957 2548 2083 2571 eorum
2114 2536 2295 2579 omnium,
2335 2536 2398 2581 qui

212 2594 505 2633 iurisdictionem
544 2600 590 2633 ab
629 2601 784 2646 imperio
826 2604 927 2638 nacti
966 2607 1069 2647 sunt,
1109 2599 1218 2640 infra
1257 2601 1477 2654 regionem
1518 2601 1655 2654 ipsam
1695 2605 1737 2640 et
1779 2600 1871 2640 eius
1909 2600 2115 2640 terminos
2155 2605 2400 2651 contigerit

215 2664 468 2710 [interponi]8‚
510 2668 580 2702 nisi
621 2664 728 2704 forte
762 2665 854 2707 *vel
886 2684 994 2708 cause
1036 2674 1199 2717 qualitas
1232 2675 1289 2709 vel
1322 2675 1622 2719 appellacionum
1665 2686 1839 2709 numerus
1871 2668 1948 2708 hoc
1982 2673 2150 2708 adimant
2180 2673 2399 2719 appellanti,

214 2733 258 2766 ut
293 2736 434 2769 tamen
469 2744 491 2769 a
525 2734 757 2773 sentenciis
792 2735 879 2775 suis
914 2736 966 2775 ad
999 2737 1268 2778 audienciam
1301 2743 1492 2778 nostram
1525 2738 1660 2778 libere
1693 2738 1836 2778 valeat
1868 2737 2091 2791 provocari
2106 2736 2132 2776 1.
2193 2736 2401 2778 Preterea

215 2797 447 2846 inponendih
470 2805 593 2840 banna
616 2810 651 2841 et
674 2809 821 2851 multas,
856 2805 1103 2845 instituendi
1137 2811 1179 2845 et
1211 2806 1473 2847 destituendi
1507 2806 1713 2847 officiales
1747 2810 1912 2847 nostros
1936 2819 1985 2846 ac
2016 2804 2185 2845 locandi
2207 2808 2401 2846 monetas

217 2872 258 2904 et
292 2870 430 2907 mutas
465 2876 653 2915 nostras,
697 2872 806 2911 sicut
846 2873 1050 2926 expedire
1084 2874 1257 2924 viderit,
1303 2875 1381 2915 sibi
1422 2874 1600 2915 liberam
1641 2874 1915 2915 concedimus
1953 2873 2218 2914 facultatem.
2278 2873 2400 2914 Man-

217 2931 365 2974 damus
399 2935 528 2988 igitur
561 2942 603 2976 et
635 2939 915 2993 precipimusi
948 2946 1089 2982 vestre
1121 2942 1337 2991 fidelitati,
1379 2947 1587 2997 quatenus
1619 2943 1786 2998 prefato
1821 2942 1966 2983 comiti
1998 2955 2128 2996 super
2160 2941 2402 2982 exercendo

216 3002 307 3055 ipso
358 3002 498 3043 officio
549 3009 764 3060 tamquam
817 3009 1008 3061 generali
1055 3010 1280 3064 capitaneo
1326 3016 1468 3052 vestro
1513 3026 1537 3052 a
1580 3015 1728 3052 nostra
1774 3011 2000 3052 maiestate
2051 3013 2210 3050 statuto
2254 3007 2401 3065 [super

219 3071 415 3111 omnibus
459 3078 500 3112 et
539 3074 781 3128 singulislss.
825 3090 906 3130 que
945 3077 996 3117 ad
1036 3079 1425 3133 reintegracionem
1470 3083 1511 3120 et
1543 3080 1921 3120 conservae-ionem
1965 3078 2140 3119 honoris
2173 3082 2215 3118 et
2247 3077 2402 3118 iurium

219 3143 458 3180 nostrorum
493 3146 536 3181 et
568 3143 757 3196 quietum
791 3158 839 3184 ac
872 3145 1086 3185 salubrem
1120 3150 1276 3187 statum
1301 3147 1472 3188 decrete
1498 3148 1576 3188 sibi
1603 3148 1822 3202 provincie
1844 3147 2017 3195 fuerint,
2050 3146 2204 3187 devote
2228 3144 2401 3187 obedire

220 3215 261 3245 et
300 3207 522 3249 intendere
564 3209 785 3253 debeatis.
830 3218 875 3252 ut
918 3228 991 3253 vos
1037 3213 1273 3255 debeamus
1316 3216 1514 3256 continue
1557 3216 1759 3270 prosequi
1798 3215 1957 3256 favoris
1998 3218 2040 3256 et
2083 3215 2225 3268 gracie
2257 3218 2401 3255 nostre

218 3274 466 3328 multiplicis
500 3277 785 3320 incrementis.

358 3375 441 3409 270.
469 3383 499 3418 ³)
527 3381 751 3415 reddicionem
777 3396 801 3415 e.
913 3384 943 3425 b)
970 3386 1104 3427 fastigio
1130 3397 1155 3417 c.
1263 3391 1292 3427 0)
1319 3386 1540 3428 indempcitas
1565 3397 1591 3418 c.
1701 3384 1734 3426 d)
1761 3386 1987 3418 Actendentes
2013 3396 2039 3417 e.
2140 3384 2170 3427 θ)
2196 3385 2350 3428 Meyardi
2375 3395 2400 3417 c.

220 3431 251 3463 ft
279 3434 405 3465 Guiric·
435 3446 459 3465 c.
578 3442 609 3476 8)
635 3440 799 3480 supplevit
832 3441 875 3472 W.
994 3441 1027 3482 h)
1053 3443 1243 3484 inponendo
1269 3455 1295 3475 c.
1414 3440 1435 3483 i)
1462 3443 1675 3485 precipiendo
1701 3455 1728 3475 c.
1751 3446 1756 3451 “

361 3526 393 3565 l)
421 3524 522 3559 Haec
545 3526 692 3569 sapiunt
718 3528 925 3564 mandatam
951 3542 1006 3565 nr.
1025 3536 1094 3565 217.

2430 972 2461 996 10

2431 1314 2460 1343 15

2426 1653 2459 1679 20

2428 2000 2460 2025 25

2433 2342 2465 2367 30

2435 2682 2466 2707 35

2437 3391 2468 3416 45
