2558 3970
209 168 287 208 330
689 163 932 198 FRIDERICI
959 164 1003 197 ΙΙ.
1029 163 1457 198 CONSTITUTIONES.
1510 164 1609 199 1243.
1659 165 1816 200 N1·.24o.
1843 165 1920 199 241.

356 284 392 320 4.
427 280 535 319 Item
569 279 646 318 hoc
679 284 823 317 autem
859 279 968 318 sciat
1000 278 1214 333 princeps.
1249 278 1360 333 quod
1395 293 1543 319 omnes
1575 279 1730 320 amicos
1754 284 1796 320 et
1819 279 2075 322 adherentes
2098 281 2279 322 ecclesie
2305 282 2394 322 vult

209 349 390 388 ecclesia
432 348 473 387 in
515 360 620 401 pace
663 360 820 400 ponere
853 360 901 387 ac
947 347 1074 401 plena
1116 346 1346 387 securitate
1388 346 1599 401 gaudere,
1643 347 1754 401 quod
1795 362 2012 403 nunquam
2050 348 2131 390 hac
2163 349 2392 390 occasione

207 417 343 471 possit
376 416 518 456 subire
552 414 726 469 aliquod
759 414 1000 456 discrimen.

303 595 403 636 241.
448 596 823 638 INXOGENTH
847 596 926 638 IV.
961 595 1259 638 EPISTULA
1292 596 1378 637 AI)
1409 596 1681 639 NUNTIOS
1711 596 1869 639 SUOS.
1937 600 2060 640 1243.
2094 599 2203 652 Auy.
2227 600 2295 640 26.

349 676 532 728 Rcyislrz'
564 680 666 717 tomo
688 677 800 723 L14
833 677 900 718 lib.
928 677 962 725 Ι,
985 678 1039 717 89
1071 677 1216 718 collato
1246 690 1273 716 (ι
1307 676 1393 716 ciro
1424 677 1470 717 cl.
1493 676 1615 726 Mau,
1642 678 1859 730 proposuit
1889 691 1979 718 cam
2011 678 2251 731 Rodenbery
2282 678 2343 727 II,
2370 679 2395 717 9
2449 694 2464 718 5

216 759 279 786 nr.
303 747 339 787 ἕ),
372 745 488 785 cuius
509 746 630 785 ctiam
654 745 942 786 adnotationes
965 746 1196 797 repeti-mus.
1232 770 1281 774 —-
1314 744 1768 787 Haillard-Brelcolles
1794 745 1865 796 VI,
1890 748 1985 789 113.
2033 745 2222 788 Pottkast
2243 749 2395 787 11117.

206 812 363 865 Bc‘rqcr
384 814 450 853 δέ).
506 813 697 863 ΒϋΙιηιεν,
732 814 832 867 Rey.
866 815 960 866 imp.
991 813 1035 862 V,
1061 814 1181 853 7393.
2043 813 2114 866 (P.
2137 816 2255 867 342.)

386 973 393 980 .
428 939 753 994 archiepiscopo
787 938 1130 993 Rothomagensi
1171 943 1213 979 et
1248 970 1290 980 ..
1323 939 1527 994 episcopo
1572 938 1787 993 quondam
1827 939 2062 981 Mutinensi
2103 942 2146 980 et
2179 970 2218 980 ..
2251 938 2398 980 abbati

210 1006 354 1049 Sancti
389 1007 620 1048 Facundi¹.
656 1008 815 1048 nuntiis
849 1008 1085 1062 apostolice
1120 1007 1246 1048 sedis.

349 1076 413 1131 &ll
458 1076 645 1117 Litteras
678 1081 843 1117 vestras
890 1077 1075 1131 benigne
1122 1077 1362 1131 recepimus
1396 1080 1439 1116 et
1471 1090 1618 1117 earum
1651 1080 1844 1117 tenorem
1887 1078 2013 1132 pleno
2045 1076 2298 1131 collegimus
2330 1076 2394 1117 in-
2433 1091 2466 1116 ιο

206 1145 393 1186 tellectu.
459 1145 571 1186 Sane
617 1146 728 1186 inter
761 1151 924 1195 cetera,
969 1159 1050 1200 que
1094 1145 1185 1200 ipse
1223 1145 1365 1186 littere
1400 1145 1697 1192 continebant,
1743 1146 2008 1200 accepimus,
2051 1145 2164 1200 quod
2195 1146 2395 1200 princeps

207 1226 334 1267 super
366 1213 621 1267 quibusdam
655 1214 705 1254 de
739 1214 861 1253 nobis
896 1214 1172 1268 conqueritur
1196 1218 1238 1254 et
1261 1213 1406 1268 aliqua
1428 1213 1732 1254 nichilominus
1759 1228 1782 1254 a
1805 1214 1926 1255 nobis
1950 1214 2161 1255 instanter
2184 1213 2394 1268 exposcit.

208 1281 338 1321 Porro
372 1282 405 1321 si
441 1283 500 1322 rei
534 1283 693 1323 veritas
727 1290 766 1323 et
800 1283 1005 1337 temporis
1039 1283 1223 1337 qualitas
1258 1283 1509 1336 diligentius
1543 1282 1836 1331 attendantur,
1869 1296 1948 1323 nec
1983 1296 2057 1323 sue
2091 1283 2132 1322 in
2166 1282 2246 1322 hac
2273 1285 2395 1337 parte

207 1350 379 1403 querele
415 1363 491 1390 nec
526 1351 724 1405 petitioni
756 1351 875 1391 locus
909 1350 961 1391 ad
994 1364 1173 1405 presens
1208 1365 1304 1392 esse
1330 1350 1513 1391 videtur.
1575 1351 1686 1392 Nam
1718 1365 1813 1392 cum
1837 1351 2035 1392 Romana
2057 1351 2244 1392 ecclesia
2267 1364 2394 1391 cunc-

207 1429 343 1458 torum
379 1418 567 1459 fidelium
601 1434 757 1474 gerens
791 1433 933 1460 curam
978 1420 1226 1474 frequenter
1263 1419 1316 1460 ad
1349 1419 1542 1460 diversas
1578 1419 1721 1460 mundi
1754 1423 1898 1474 partes
1932 1420 2098 1474 legatos
2131 1419 2308 1474 dirigat,
2341 1433 2393 1460 ne
2434 1435 2464 1460 15

206 1496 434 1542 postponat
473 1488 695 1533 absentes,
741 1502 918 1543 quorum
965 1493 1137 1529 tenetur
1180 1502 1408 1543 procurare
1455 1489 1658 1536 salutern.
1704 1494 1746 1529 et
1777 1489 1819 1529 in
1851 1488 2154 1529 Lombardiam
2188 1488 2287 1529 olim
2320 1502 2396 1543 pro

206 1556 319 1595 illius
353 1562 464 1597 terre
500 1558 681 1598 utilitate
715 1559 929 1598 communi
962 1557 1183 1612 legatum2
1216 1557 1388 1598 duxerit
1421 1557 1744 1606 destinandum,
1789 1557 1988 1612 idemque
2021 1558 2244 1613 princeps,
2278 1561 2396 1612 post-

207 1638 331 1679 quam
369 1626 525 1666 fuimus
572 1625 625 1666 ad
672 1627 838 1680 apicem
884 1627 1037 1667 summi
1080 1627 1346 1681 apostolatus
1390 1627 1619 1681 assumpti.
1668 1627 1874 1681 reliquias
1924 1626 2169 1681 patrimonii
2207 1625 2400 1667 eiusdem

208 1694 409 1736 ecclesie.
455 1694 568 1749 quod
612 1699 802 1749 tempore
845 1695 982 1736 felicis
1025 1695 1334 1736 recordationis
1369 1694 1611 1750 G(regorii)
1652 1709 1762 1750 pape
1795 1694 2112 1749 predecessoris
2144 1695 2275 1735 nostri
2306 1694 2396 1736 fere

207 1764 430 1817 occupavit
463 1764 503 1803 in
537 1770 691 1805 totum.
726 1778 808 1804 non
842 1765 1076 1805 cessaverit
1108 1764 1404 1819 multipliciter
1435 1764 1708 1819 impugnare,
1751 1764 1995 1820 quinpotius
2028 1764 2124 1805 illas
2156 1764 2398 1806 afflictionis
2436 1781 2469 1807 20

206 1845 334 1871 manu
377 1833 587 1873 attriverit
627 1833 856 1887 gravioris:
899 1848 978 1874 nec
1021 1833 1148 1887 digne
1190 1833 1244 1874 ab
1289 1847 1339 1874 eo
1378 1833 1539 1887 petitur
1577 1833 1817 1888 predictum
1850 1833 2041 1874 revocari
2079 1834 2288 1888 legatum,
2321 1846 2400 1874 nec

205 1906 318 1940 esset
361 1902 398 1941 ei
443 1915 570 1956 super
614 1901 693 1942 hoc
727 1916 750 1941 a
784 1901 924 1942 nobis.
972 1903 1101 1943 rebus
1136 1903 1195 1942 sic
1237 1902 1549 1950 existentibus,
1599 1902 1888 1942 exauditionis
1921 1901 2174 1943 tribuendus
2207 1901 2399 1951 auditus3

206 1970 392 2010 maxime
426 1970 526 2024 quia
558 1970 812 2011 Lombardis
845 1970 916 2011 diu
949 1985 1201 2025 guerrarum
1235 1971 1521 2011 commotione
1566 1970 1748 2011 turbatis
1781 1974 1927 2025 optate
1961 1985 2059 2026 spes
2093 1971 2400 2012 consolationis

207 2052 260 2077 ex
294 2038 426 2092 legati
461 2038 651 2079 eiusdem
685 2040 912 2081 tolleretur
945 2040 1143 2081 absentia
1176 2044 1217 2080 et
1250 2039 1390 2080 aditus
1424 2039 1477 2080 ad
1502 2040 1664 2080 maiora
1687 2053 1833 2080 eorum
1857 2039 2102 2081 discrimina
2130 2040 2398 2095 preberetur,

208 2113 249 2147 et
288 2120 370 2147 non
403 2107 564 2162 absque
598 2113 698 2148 nota
737 2109 990 2164 proditionis
1024 2110 1210 2150 ecclesia
1252 2110 1311 2150 sic
1352 2109 1470 2164 ipsos
1509 2109 1754 2161 desereret,
1795 2110 1838 2149 ni
1870 2109 1988 2163 prius
2021 2109 2314 2150 remissionem
2345 2108 2398 2150 ab
2434 2124 2466 2151 25

208 2175 359 2215 eodem
401 2176 594 2231 principe
641 2177 885 2219 obtinerent
918 2179 983 2218 vel
1029 2192 1123 2219 cum
1168 2179 1260 2233 ipso
1293 2183 1467 2232 treugas
1499 2179 1656 2219 inirent
1688 2192 1816 2234 super
1848 2178 2033 2228 iniuriis,
2075 2191 2180 2232 quas
2214 2192 2285 2219 eos
2319 2178 2399 2219 sibi

209 2245 435 2284 occasione
469 2244 573 2285 dicit
606 2246 798 2287 eiusdem
822 2247 1008 2288 ecclesie
1032 2248 1264 2301 irrogasse.
1319 2246 1411 2288 Nec
1435 2247 1488 2288 ab
1512 2247 1644 2302 ipsius
1670 2247 1853 2288 ecclesie
1876 2246 2071 2288 Romane
2095 2246 2398 2299 cardinalibus,

209 2326 258 2352 ea
294 2318 485 2354 vacante.
519 2314 596 2354 fuit
630 2315 668 2355 ei
700 2315 856 2369 prefati
882 2316 1096 2357 revocatio
1121 2316 1332 2370 promissa
1354 2316 1500 2370 legati,
1534 2315 1608 2357 sed
1634 2330 1730 2356 cum
1755 2316 1805 2357 de
1831 2316 2070 2357 venerabili
2093 2315 2225 2357 fratre
2250 2319 2397 2357 nostro

210 2413 250 2420 ..
284 2380 538 2422 Penestrino
580 2384 810 2438 episcopo³
843 2385 1024 2439 aliisque
1064 2384 1298 2425 liberandis
1332 2385 1509 2439 captivis
1551 2384 1785 2425 haberetur
1825 2388 2031 2426 tractatus
2075 2389 2118 2425 et
2150 2384 2203 2425 ab
2236 2384 2400 2425 eisdem

208 2449 518 2501 cardinalibus.
568 2456 614 2490 ut
652 2451 842 2505 legatum
881 2457 1132 2493 revocarent
1170 2452 1377 2502 eundem,
1430 2467 1484 2493 ex
1522 2456 1642 2507 parte
1684 2453 1886 2508 principis
1927 2455 2149 2507 peteretur
2189 2452 2341 2508 ipsius,
2373 2466 2398 2493 a
2435 2468 2468 2493 30

209 2519 462 2573 quibusdam
497 2533 641 2560 eorum
672 2534 925 2575 responsum
961 2521 1123 2572 extitit,
1157 2521 1269 2575 quod
1301 2521 1531 2576 petitiones
1565 2522 1677 2573 eius,
1712 2527 1917 2576 quantum
1952 2535 2048 2562 cum
2080 2521 2174 2562 Deo
2205 2525 2398 2576 possent,

210 2601 304 2627 cum
338 2587 510 2629 adesset
543 2590 811 2644 oportunitas
846 2591 1067 2645 temporis,
1101 2590 1400 2646 adimplerent.

348 2656 413 2711 (22)
448 2656 629 2697 Multum
661 2662 804 2700 autem
838 2658 1111 2712 gaudendum
1146 2663 1213 2700 est
1246 2659 1441 2714 principi,
1476 2659 1587 2714 quod
1610 2658 1770 2700 dictum
1795 2659 2099 2700 Penestrinum
2127 2663 2170 2700 et
2192 2658 2400 2714 quosdam

210 2725 316 2765 alios
349 2726 535 2766 restituit
563 2726 753 2767 libertati
768 2727 797 2777 4,
831 2733 874 2767 et
899 2727 1130 2768 dolendum
1163 2728 1279 2778 satis.
1313 2727 1427 2782 quod
1450 2728 1638 2782 reliquos
1663 2728 1802 2769 adhuc
1827 2728 1992 2769 detinet
2014 2729 2267 2783 captivatOS,
2303 2741 2399 2768 cum

211 2808 265 2833 ex
298 2794 464 2834 illorum
498 2795 765 2836 restitutione
801 2796 915 2836 salus
950 2810 998 2836 ac
1031 2796 1179 2846 honor,
1215 2801 1258 2836 et
1288 2797 1466 2837 istorum
1501 2796 1749 2837 detentione
1783 2797 2043 2837 contrarium
2076 2797 2115 2838 ei
2145 2796 2398 2851 provenisse
2436 2806 2490 2849 35v

212 2868 426 2903 noscatur.
488 2863 672 2904 Provide
706 2878 875 2919 quoque
899 2864 1077 2905 deberet
1109 2864 1350 2915 attendere,
1384 2879 1437 2905 an
1462 2866 1705 2914 ecclesiam,
1739 2880 1866 2920 quam
1890 2866 2034 2920 sepius
2059 2870 2184 2906 vocat
2205 2868 2400 2917 matrem,

214 2941 464 2972 revereatur
497 2941 541 2972 ut
574 2933 774 2973 convenit
807 2938 849 2973 et
882 2933 975 2973 eius
1007 2937 1053 2973 ut
1076 2932 1203 2974 decet
1235 2932 1385 2973 fideles
1419 2933 1611 2974 honoret.
1666 2933 1891 2980 Quomodo
1917 2934 2030 2975 enim
2054 2933 2198 2975 verbis
2221 2938 2400 2974 matrem

212 2999 325 3039 illam
372 3000 545 3041 asserit.
590 3001 624 3040 si
665 3014 709 3041 se
751 3001 885 3055 ipsius
923 3001 1056 3041 filium
1101 3001 1302 3056 operibus
1335 3001 1569 3042 diffitetur?
1631 3002 1721 3043 Aut
1764 3001 1974 3056 quomodo
2008 3016 2110 3056 erga
2142 3016 2238 3043 eam
2270 3001 2399 3043 devo-

211 3069 369 3108 tionem
402 3068 516 3109 dicto
550 3069 779 3123 pretendit,
814 3070 848 3109 si
872 3084 917 3110 se
943 3069 1025 3109 sibi
1047 3070 1161 3110 facto
1186 3069 1366 3110 exhibet
1394 3070 1670 3111 indevotum?
1724 3070 2002 3125 Salinguerre
2021 3072 2035 3095 ⁵
2058 3084 2160 3112 vero
2184 3070 2399 3122 liberatio,

216 3150 344 3190 super
376 3150 456 3191 qua
492 3151 601 3178 nunc
635 3138 770 3192 primo
805 3138 940 3192 ipsius
973 3138 1175 3192 principis
1209 3138 1503 3179 intelleximus
1535 3139 1817 3190 voluntatem,
1851 3139 2088 3193 incongrue
2111 3139 2353 3195 postulatur
2374 3153 2399 3179 a
2434 3153 2467 3179 «ιο

214 3204 354 3244 nobis.
399 3220 492 3245 cum
533 3220 610 3246 nec
648 3205 918 3246 detineamus
960 3206 1078 3246 illum
1122 3220 1199 3247 nee
1239 3205 1420 3247 detineri
1462 3207 1733 3261 aliquatenus
1774 3207 2004 3255 faciamus:
2047 3207 2117 3261 qui
2150 3207 2185 3248 si
2216 3221 2292 3262 per
2323 3221 2398 3248 nos

214 3274 341 3313 etiam
375 3280 607 3315 teneretur.
643 3289 736 3315 cum
771 3275 988 3315 civitatem
1020 3274 1263 3315 Ferrariam
1296 3274 1411 3316 sedis
1444 3275 1680 3330 apostolice
1707 3275 1952 3330 specialem,
1985 3276 2096 3316 sicut
2127 3290 2182 3316 ex
2206 3275 2400 3317 eiusdem

213 3341 415 3395 principis
449 3348 493 3382 et
534 3343 889 3397 predecessorum
933 3357 1105 3383 suorum
1150 3342 1385 3397 privilegiis
1416 3347 1563 3398 potest
1593 3343 1754 3398 liquido
1788 3357 2019 3399 apparere,
2062 3357 2136 3398 pro
2169 3357 2254 3399 qua
2285 3343 2400 3385 idem

216 3408 531 3464 S‹[alinguerra,)
566 3412 752 3451 vasallus
797 3416 889 3452 erat
921 3411 1035 3452 sedis
1078 3411 1231 3466 ipsius,
1273 3415 1420 3452 contra
1459 3411 1698 3452 Romanam
1739 3412 1966 3453 ecclesiam
2009 3412 2233 3453 concitarit
2274 3415 2317 3453 et
2356 3412 2399 3452 in

352 3537 383 3567 l}
419 3534 438 3567 ι’.
458 3546 482 3567 ις’.
510 3536 709 3569 monasterii
734 3535 903 3578 ,S'alcctfflcn
934 3536 1033 3579 ¹requi
1061 3536 1307 3579 Leyionensis;
1349 3546 1473 3570 nomen
1507 3536 1538 3569 ei
1571 3539 1646 3570 erat
1674 3536 1747 3579 W.;
1779 3547 1804 3570 r.
1833 3536 2042 3580 Rodcnbery
2068 3538 2096 3579 J,
2121 3547 2176 3569 nr.
2205 3540 2316 3570 760-
2330 3538 2396 3569 763.
2433 3540 2465 3566 45

214 3594 247 3623 2Ἰ
285 3590 491 3633 Greyorizcm
523 3592 563 3625 dc
593 3592 821 3636 Jlontelonyo.
965 3594 998 3635 3)
1030 3593 1161 3626 Iacobo.
1304 3593 1337 3635 4)
1367 3593 1485 3627 Mense
1511 3593 1613 3626 fllaio
1639 3597 1782 3627 a.1243.
1925 3594 1959 3635 5)
1986 3593 2058 3627 Hic
2081 3596 2163 3638 post
2188 3592 2399 3627 deditionem

215 3647 408 3681 Ferrariae
433 3660 464 3681 (ι.
485 3654 578 3692 1241),
607 3649 687 3682 Iun.
707 3656 726 3682 2
751 3652 871 3692 captus
897 3649 1054 3682 Venetia-s
1079 3649 1207 3683 ductus
1232 3653 1316 3684 erat.
