2558 3970
146 162 196 200 24
665 157 873 191 o'rToNIS
902 157 958 190 lv.
986 156 1414 191 CONSTITUTIONES.
1470 159 1567 191 1198.
1619 158 1680 191 Nr.
1701 158 1751 191 18.
1782 158 1832 191 19.

148 288 195 314 ac
240 275 371 313 laicos
410 273 637 328 principes.
680 273 749 326 qui
794 274 875 311 iam
917 271 1076 310 dietum
1120 272 1363 327 Philippum
1407 273 1559 313 ducem
1603 273 1760 312 Sueuie
1808 272 1847 311 in
1893 272 2340 312 excommunicatione

148 351 291 382 vestra
326 342 542 382 detentum
578 342 617 380 in
650 354 795 394 regem
833 340 1052 380 nominare
1087 345 1129 380 et
1161 340 1414 382 fidelitatem
1449 341 1487 381 ei
1520 341 1661 380 iurare
1695 354 1769 394 pre
1783 343 2072 394 sumpserunt,
2106 340 2158 380 ab
2191 339 2340 380 obser-

148 411 317 450 vatione
357 410 491 450 illiciti
538 409 764 450 iuramenti
811 408 1045 448 absolvatis
1089 413 1131 448 et
1172 409 1386 450 maiestati
1432 412 1577 449 nostre
1619 407 1793 448 obedire
1827 408 2126 449 ecclesiastica
2159 421 2342 448 censura

149 478 418 532 compellatis
458 485 498 517 et
541 477 1028 517 excomnmnieationem
1072 476 1204 531 ipsius
1247 477 1367 517 ducis
1412 477 1572 517 Sueuie
1615 490 1692 530 per
1733 476 1990 516 Teutoniam
2036 479 2079 516 et
2117 477 2343 516 universos

149 548 254 587 fines
298 547 464 601 imperii
506 546 673 600 publice
717 545 959 586 denuntiari
1000 545 1182 586 faciatis.
1245 545 1416 586 Vestris
1451 558 1619 599 quoquc
1655 544 1869 599 precibus,
1902 549 2028 599 pater
2061 544 2344 593 sanctissime,

150 616 416 656 Altissinmm
451 615 650 656 exoretis,
693 619 738 654 ut
771 615 861 653 vias
901 617 942 653 ct
974 618 1095 654 actus
1129 618 1294 654 nostros
1331 614 1371 653 in
1405 627 1510 668 pace
1545 617 1587 654 et
1620 612 1932 667 tranquillitate
1971 612 2129 667 dirigat
2162 616 2204 653 et
2234 611 2346 666 quod

151 685 326 724 iustitia.
370 684 610 724 constantia
646 688 689 723 et
722 683 880 722 veritas
914 682 954 721 in
989 682 1115 723 corde
1151 687 1296 722 nostro
1331 682 1491 736 vigeat,
1531 686 1577 721 ut
1616 695 1692 736 per
1726 681 1862 736 ipsius
1895 681 2106 722 auxilium
2139 680 2191 722 de
2223 681 2346 721 vultu

150 753 318 793 Domini
351 752 552 792 iudicium
577 757 768 792 nostrum
802 750 981 805 prodeat
1004 755 1046 790 et
1076 751 1335 805 promissum
1361 753 1552 790 nostrum
1577 754 1791 804 perpetua
1815 754 1857 790 et
1885 749 2118 790 inviolabili
2143 749 2344 790 firmitate

150 821 201 861 ad
245 821 445 861 honorem
480 820 559 860 Dei
601 826 642 859 et
680 820 860 860 ecclesie
902 819 1034 873 ipsius
1077 819 1198 859 nobis
1238 819 1472 873 adimplere
1507 822 1549 859 et
1587 832 1843 859 conservare
1880 817 2098 859 concedat.
2163 817 2232 857 Ad
2264 817 2344 859 hec

150 890 397 944 paternitati
437 895 580 929 vestre
625 888 935 942 significamus,
980 887 1089 941 quod
1130 887 1310 928 dilectos
1350 892 1391 927 et
1435 887 1584 927 fideles
1625 891 1796 927 nostros
1831 887 2011 940 legatos,
2057 885 2258 927 videlicet
2291 885 2342 927 Gr.

151 959 388 1012 principem
423 965 611 997 nostrum
647 957 850 997 abbatem
882 955 1127 1002 Indensem,
1164 955 1210 995 B.
1244 956 1511 1010 prepositum
1547 955 1843 1007 Bunnensem,
1875 954 1932 997 H.
1965 955 2101 995 sancti
2133 954 2344 995 Gereonis

152 1027 192 1066 in
235 1026 411 1066 Colonia
458 1026 744 1066 scolasticum.
795 1024 849 1064 ΙΙ.
892 1025 1077 1079 priorem
1111 1023 1443 1065 Werdinensem
1487 1028 1529 1064 et
1560 1023 1616 1064 H.
1651 1023 2005 1078 Aquilegensem,
2048 1022 2345 1078 gloriosissimi

153 1096 262 1148 regis
290 1095 443 1148 Anglie
476 1094 673 1134 avunculi
708 1094 840 1133 nostri
875 1093 1159 1147 capellanum,
1193 1096 1235 1133 et
1267 1092 1438 1133 fidelem
1473 1096 1665 1132 nostrum
1699 1091 1755 1132 M.
1781 1092 1833 1132 de
1860 1092 1975 1132 Villa
2009 1092 2147 1132 civem
2176 1090 2345 1132 Medio-

153 1165 386 1204 lanensem.
435 1178 507 1218 pro
550 1163 915 1203 consunnnatione
958 1162 1130 1201 lionoris
1179 1161 1310 1201 nostri
1355 1160 1407 1201 ad
1457 1164 1643 1201 vestram
1687 1161 2016 1201 transmittimus
2058 1160 2346 1201 sanctitatem.

153 1231 363 1285 Quicquid
404 1232 532 1285 igitur
570 1244 664 1271 cum
707 1230 883 1285 prefatis
924 1231 1077 1284 legatis
1118 1230 1273 1270 nostris
1313 1243 1337 1269 a
1377 1233 1521 1269 vestra
1559 1232 1789 1269 tractatum
1823 1229 1892 1270 vel
1933 1229 2173 1270 ordinatum
2216 1228 2347 1269 fuerit

154 1300 433 1355 providentia.
474 1300 514 1340 id
560 1300 832 1340 maiestatem
873 1303 1062 1339 nostram
1102 1299 1144 1338 in
1178 1297 1375 1338 onmibus
1409 1302 1452 1338 et
1491 1312 1568 1353 per
1599 1298 1744 1338 omnia
1775 1302 1913 1338 ratum
1947 1301 1989 1338 et
2019 1297 2188 1338 firmum
2221 1296 2344 1337 habi-

155 1380 290 1409 turam
325 1368 596 1423 presentibus
630 1368 783 1408 litteris
819 1367 1038 1409 sanctitati
1071 1370 1215 1408 vestre
1250 1367 1552 1421 significamus.

428 1551 496 1593 19.
528 1551 830 1594 EPISTOLA
861 1551 1248 1593 ELECTORUM
1277 1549 1535 1593 OTTONIS
1565 1549 1652 1590 AD
1686 1548 2086 1591 PONTIFICEM.

299 1633 488 1674 Indidem
521 1633 592 1683 fol.
616 1637 642 1672 3
678 1648 735 1686 ep.
760 1635 825 1681 10,
863 1633 933 1674 «ubi
964 1633 1110 1673 lentina
1142 1633 1307 1673 Littere
1342 1632 1583 1687 principum
1617 1634 1660 1670 et
1690 1630 1899 1671 baronum
1931 1630 2190 1670 Alamannie
2224 1629 2348 1670 cleri—

156 1717 302 1743 corum
336 1708 378 1742 et
410 1702 635 1743 laicorum:
675 1702 847 1742 contulit
878 1702 941 1742 vir
972 1702 1019 1742 cl.
1044 1701 1192 1743 sict-el.
1254 1700 1584 1752 Subscriptioncs
1615 1699 1748 1739 eodem
1781 1698 1926 1739 ordine
1952 1698 2114 1751 positae
2145 1700 2243 1738 sunt
2271 1710 2352 1750 quo

160 1771 200 1810 in
236 1770 425 1822 Reglistro
458 1770 661 1822 loquutur.
697 1796 748 1800 —
779 1770 973 1820 Βϋῆυισν,
1005 1769 1104 1823 Ray.
1138 1771 1234 1823 imp.
1266 1769 1311 1819 V,
1332 1771 1430 1811 203.
2001 1765 2070 1819 (P.
2089 1767 2208 1817 204.)

302 1896 579 1937 Sanctissimo
614 1897 724 1951 patri
758 1910 806 1937 ac
839 1896 1009 1937 domino
1042 1895 1297 1936 Innocentio
1332 1899 1608 1936 sacrosancte
1632 1894 1826 1935 Romane
1861 1892 1976 1934 sedis
2011 1906 2176 1933 summo
2208 1891 2349 1947 ponti-

2384 895 2416 919 10

2384 1236 2415 1260 15

2388 1715 2421 1741 20

158 1965 224 2006 fici
257 1966 471 2020 principes
505 1970 547 2005 et
578 1966 763 2006 barones
787 1966 1059 2016 Alamannie,
1093 1965 1238 2006 clerici
1271 1969 1314 2005 et
1345 1965 1455 2015 laici,
1489 1963 1679 2005 debitam
1712 1963 1754 2003 in
1788 1962 1958 2003 Christo
1993 1960 2277 2002 reverentiam
2309 1963 2352 2001 et
2381 1953 2385 1956 ¹

161 2035 452 2075 sinceritatem
487 2034 699 2089 obsequii.

303 2102 409 2143 Cum
441 2103 674 2158 placuisset
706 2103 758 2151 ei,
791 2103 862 2157 qui
895 2102 1035 2143 aufert
1059 2102 1254 2156 spiritum
1287 2101 1526 2156 principum
1563 2105 1605 2141 et
1628 2114 1808 2155 magnus
1833 2103 1876 2140 et
1907 2098 2108 2140 terribilis
2133 2100 2200 2138 est
2223 2110 2352 2152 super

161 2185 284 2225 reges
310 2178 439 2212 terre.
467 2171 684 2211 dominum
709 2171 945 2212 Henricum
967 2172 1270 2225 imperatorem
1294 2170 1346 2211 de
1370 2169 1512 2210 medio
1536 2169 1720 2219 auferre,
1754 2168 2045 2210 necessarium
2071 2165 2194 2207 nobis
2216 2165 2352 2206 visum

162 2240 241 2280 fuit
273 2240 324 2280 de
358 2240 658 2281 substituendo
691 2254 793 2295 rege
826 2244 1056 2280 tractatum
1089 2244 1131 2280 et
1161 2239 1422 2294 colloquium
1455 2238 1629 2279 habere.
1683 2237 1973 2278 Convenimus
2005 2249 2106 2290 ergo
2131 2234 2277 2290 sepius
2310 2237 2354 2275 et

162 2309 357 2349 miserias
393 2314 434 2350 et
465 2310 768 2364 oppressiones
801 2323 906 2364 quas
939 2309 1147 2350 hactenus
1181 2309 1518 2348 sustinueramus
1541 2311 1836 2356 recensentes,
1870 2320 1947 2361 per
1977 2305 2204 2346 universos
2234 2304 2352 2359 prin-

164 2378 279 2432 cipes
316 2378 436 2431 regni
477 2379 642 2418 animos
683 2382 854 2418 nostros
893 2378 1124 2426 ereximus,
1167 2382 1210 2418 et
1249 2376 1350 2431 quid
1392 2377 1542 2417 honori
1582 2375 1766 2417 ecclesie
1799 2374 1880 2415 Dei
1921 2378 1963 2415 et
2001 2373 2095 2429 paci
2136 2386 2186 2413 ac
2219 2372 2353 2427 quieti

165 2447 456 2487 subiectorum
488 2447 758 2501 potissimum
792 2446 1018 2501 expediret
1051 2446 1355 2495 deliberanteS,
1396 2459 1507 2486 nunc
1540 2459 1668 2485 unum
1703 2458 1815 2485 nunc
1849 2444 1979 2485 alium
2014 2443 2136 2498 quasi
2168 2441 2355 2483 finaliter

165 2515 324 2569 eligere
365 2516 637 2569 putabamus.
699 2515 862 2556 Verum
901 2516 1000 2570 quia
1039 2529 1120 2555 non
1156 2520 1222 2556 est
1254 2515 1494 2570 prudentia,
1534 2529 1617 2555 non
1650 2518 1716 2555 est
1747 2513 1954 2569 potentia,
1995 2525 2080 2552 non
2114 2515 2179 2552 est
2210 2510 2352 2551 consi-

165 2584 281 2624 lium.
323 2584 402 2624 nisi
440 2598 515 2638 per
549 2583 703 2625 Deum.
747 2585 911 2639 placuit
944 2586 996 2633 ei,
1036 2585 1106 2639 qui
1139 2584 1344 2624 Habrahe
1385 2584 1519 2624 filium
1557 2583 1778 2623 immolare
1813 2582 1973 2622 volenti
2006 2580 2223 2620 victimam
2255 2592 2352 2634 pro-

167 2653 272 2693 vidit
311 2658 353 2692 et
386 2652 552 2693 Dauid³
591 2653 794 2694 fratribus
827 2654 1034 2694 iuniorem
1068 2653 1120 2694 de
1152 2657 1250 2708 post
1285 2652 1499 2693 fetantesb
1532 2651 1702 2706 accepit
1734 2654 1863 2705 atque
1896 2648 2105 2690 Mathiam
2138 2662 2194 2689 ex
2225 2646 2353 2688 disci-

167 2722 358 2777 pulorum
394 2736 569 2762 numero
603 2721 654 2761 ad
679 2727 837 2762 sortem
861 2722 1129 2777 apostolatus
1153 2722 1298 2775 elegit,
1332 2720 1650 2761 serenissimum
1673 2718 1893 2759 dominum
1918 2722 2111 2774 nostrum
2134 2715 2352 2763 Ottonem,

168 2791 379 2846 quondam
421 2790 597 2830 Henriei
638 2790 757 2830 ducis
799 2790 987 2831 Saxonie
1028 2791 1175 2841 filium,
1222 2790 1276 2830 ad
1320 2790 1513 2844 regimen
1552 2788 1734 2829 Romani
1774 2787 1940 2842 imperii
1981 2786 2034 2827 de
2076 2791 2191 2826 terra
2229 2798 2352 2839 pere-

168 2860 419 2914 grinationis
453 2873 528 2899 sue
562 2873 616 2899 ex
646 2859 864 2913 inopinato
898 2859 1020 2899 nobis
1052 2859 1221 2900 offerre.
1282 2858 1490 2898 Invocata
1520 2858 1663 2911 itaque
1688 2857 1823 2897 sancti
1851 2856 2035 2911 Spiritus
2068 2854 2222 2909 gratia,
2254 2866 2354 2907 pre-

169 2929 328 2968 dictum
362 2927 580 2967 dominum
605 2926 821 2970 Ottonem,
856 2928 1088 2968 christiane
1119 2927 1219 2968 fidei
1249 2927 1455 2967 cultorem
1480 2925 1803 2966 devotissimum
1837 2929 1964 2978 atque
1989 2927 2136 2963 sancte
2159 2921 2354 2963 Romane

171 2997 354 3037 ecclesie
395 2996 648 3036 advocatum
691 3000 733 3037 et
771 2995 1040 3036 defensorem
1083 2995 1378 3036 fidelissimum
1419 2999 1461 3034 et
1501 2993 1721 3034 iudiciarie
1763 2992 1990 3047 potestatis
2030 2991 2354 3032 observatorem

173 3065 463 3105 iustissimum.
497 3064 548 3105 de
582 3066 710 3118 longa
743 3070 785 3105 et
815 3065 991 3118 antiqua
1023 3078 1173 3118 regum
1207 3064 1406 3118 prosapia
1438 3077 1493 3103 ex
1515 3067 1697 3116 utraque
1721 3062 1838 3102 linea
1862 3059 2154 3115 spectabiliter
2178 3058 2354 3109 editum,

172 3133 223 3173 ad
266 3132 444 3173 Romani
489 3133 608 3186 regni
650 3134 869 3186 fastigium
908 3133 1019 3173 iuste
1059 3147 1107 3173 ac
1147 3131 1456 3172 rationabiliter
1489 3131 1698 3184 elegimus
1741 3134 1783 3171 et
1814 3129 1926 3169 sicut
1957 3127 2184 3169 debuimus
2224 3127 2356 3182 ipsius

174 3203 372 3243 electioni
421 3202 710 3242 consensimus
759 3203 984 3257 ipsumque
1032 3202 1073 3241 in
1112 3205 1391 3254 augustorum
1434 3199 1535 3240 sede
1578 3214 1602 3239 a
1639 3197 1798 3239 Karolo
1846 3196 2002 3251 Magno
2048 3195 2159 3251 apud
2197 3194 2355 3250 Aquis-

174 3285 350 3325 granum
390 3271 485 3310 huic
524 3271 720 3324 dignitati
759 3271 966 3325 deputata
1004 3270 1237 3310 locavimus
1278 3273 1319 3309 et
1359 3282 1514 3309 corona
1556 3271 1598 3308 et
1642 3266 1762 3320 regni
1801 3265 2043 3306 diademate
2075 3278 2152 3319 per
2183 3276 2355 3304 manum

174 3340 332 3380 domini
366 3339 507 3379 Adolfi
541 3338 806 3379 Coloniensis
847 3338 1162 3392 archiepiscopi
1202 3351 1253 3378 ea
1293 3351 1376 3391 qua
1419 3336 1562 3376 decuit
1602 3334 1921 3388 sollempnitate
1958 3333 2144 3373 feliciter
2180 3331 2357 3373 decora-

175 3410 323 3448 vimus.
385 3406 475 3447 Nos
509 3413 649 3447 autern
684 3407 915 3461 principes,
955 3407 1025 3461 qui
1063 3407 1146 3446 iam
1188 3405 1349 3446 dictum
1383 3404 1598 3444 dominum
1632 3402 1835 3443 Ottonem
1875 3402 1917 3441 in
1949 3414 2095 3455 regem
2133 3400 2357 3454 elegimus,

175 3475 301 3517 feoda
336 3481 479 3515 nostra
513 3489 593 3529 que
629 3475 680 3515 ab
714 3475 891 3529 imperio
924 3480 1120 3515 tenemus
1146 3488 1170 3514 a
1198 3486 1326 3513 manu
1352 3473 1487 3526 ipsius
1515 3471 1787 3525 recipienteS,
1820 3469 2053 3509 hominium
2076 3468 2157 3509 sibi
2179 3467 2359 3508 fecimus

176 3551 218 3583 ot
251 3544 500 3584 fidelitatem
534 3544 778 3584 iuravimus.
841 3543 977 3583 Tanto
1001 3543 1130 3596 igitur
1153 3541 1375 3595 dignitatis
1406 3553 1558 3580 munus
1583 3538 1970 3579 excellentissimus
1994 3537 2194 3591 princeps
2217 3535 2358 3575 divine

314 3659 371 3691 15).
404 3663 433 3696 ²³21
460 3670 547 3689 corr.
573 3670 612 3690 ea:
637 3659 742 3690 Danit
767 3670 792 3689 e.
912 3657 941 3698 b)
968 3660 1189 3701 postfetantes
1215 3668 1260 3695 c.;
1285 3658 1329 3698 cf.
1355 3656 1412 3687 Pe.
1435 3658 1483 3695 77,
1500 3657 1556 3686 70.-
1580 3655 1621 3685 ‹le
1646 3659 1721 3697 post
1745 3655 1910 3685 foetantes
1936 3652 2065 3695 aceepit
2090 3661 2175 3683 eum.

2388 2107 2420 2134 25

2390 2453 2423 2478 30

2391 2797 2423 2822 35

2391 3139 2425 3164 40

2395 3486 2427 3510 45
