2558 3970
172 195 252 235 558
634 188 1039 225 coxFoEDERA'rIo
1066 186 1200 222 PACIS
1228 187 1476 222 R-HENANA.
1527 188 1625 222 1256.
1674 188 1736 223 Nr.
1754 189 1821 223 428
1847 201 1890 223 xi.

288 305 600 346 intenilainusx.
635 304 807 358 aliquod
843 303 980 358 capud
1014 307 1099 343 tam
1132 301 1332 356 ydonium
1367 302 1419 342 ad
1453 306 1539 342 tam
1564 306 1757 343 sanctum
1790 304 2054 359 propositum
2089 319 2353 360 prosequen-

288 374 385 413 ‹lnm
419 372 655 427 poterimus
689 372 900 413 invenire.
933 375 980 411 ut
1011 372 1186 412 fratrem
1219 375 1411 412 nostrum
1436 371 1652 420 Ottonem,
1685 386 1812 426 quem
1844 373 1887 412 in
1910 387 2056 428 regem
2088 375 2356 430 postpositoy

288 442 399 481 omni
434 440 562 481 dubio
597 441 824 494 eligemus:
859 445 901 481 et
933 441 1024 495 ipse
1056 439 1109 480 ad
1143 439 1369 479 consilium
1402 443 1593 480 nostrum
1624 443 1667 480 et
1688 440 1866 481 aliorum
1900 441 2138 497 principum
2162 447 2205 483 et
2231 443 2355 483 nobi-

288 511 388 550 lium
423 515 552 563 atque
577 513 767 549 vestrum
801 522 848 549 ac
882 508 1063 549 aliorum
1087 508 1323 548 amicorum
1349 522 1538 557 suorum,
1571 508 1767 549 omninos
1798 508 1880 550 hoc
1912 524 2114 551 recusare
2137 509 2189 551 de
2213 515 2356 553 cetero

286 592 367 617 non
402 576 589 618 audebit.
2411 592 2426 615 5

430 645 588 686 Datum
621 645 956 691 Wolmerstede,
990 645 1099 687 Non.
1132 645 1333 700 Augusti.

427 749 496 789 Af
530 749 611 789 Dei
653 750 790 801 gratia
828 748 915 789 dux
953 748 1005 790 de
1038 749 1262 789 Brunswic
1302 748 1469 790 dilectis
1512 749 1598 789 suis
1638 748 2082 803 Moguntinensibusst,
2125 749 2359 792 Colonien-

285 818 424 861 sibus.
458 817 875 869 Worumtiensibus,
923 822 967 858 et
1011 818 1167 859 ceteris
1212 818 1458 858 civitatibus
1496 822 1544 858 ut
1582 832 1732 874 supra,
1776 822 1970 873 paratam
2003 818 2057 859 ad
2089 819 2362 875 beneplacita

287 886 565 927 voluntatem.
629 885 792 927 Studiis
825 886 979 927 vestris
1018 886 1142 927 bonis
1176 890 1219 927 et
1258 887 1418 927 sanctis
1451 887 1492 927 in
1526 886 1712 928 Domino
1746 887 2090 942 congaudemus,
2131 888 2171 929 in
2206 889 2359 943 quibus

286 969 359 995 vos
388 970 539 1010 pacem
570 961 611 996 et
635 969 859 996 commune
889 955 1047 995 bonum
1071 955 1301 997 ecclesiess*
1332 955 1583 996 ostendistis
1607 961 1650 996 et
1672 955 1900 997 ostenditis
1923 955 2102 1010 diligere
2126 970 2175 997 ac
2199 956 2359 1009 fovere,
2398 973 2430 997 ιο

285 1025 556 1065 universitati
589 1029 729 1065 vestre
762 1028 853 1065 toto
888 1024 1016 1065 corde
1049 1025 1209 1078 gratias
1243 1025 1497 1066 refferentes
1531 1028 1574 1065 et
1605 1024 1684 1065 hoc
1717 1025 1806 1066 vita
1838 1038 2011 1080 semper
2039 1029 2082 1065 et
2103 1025 2232 1066 rebus
2255 1029 2361 1082 aput

285 1098 469 1133 vestram
503 1092 780 1133 dilectionem
813 1091 1048 1147 promereri
1072 1092 1307 1147 cupientes,
1342 1092 1455 1147 quod
1484 1093 1562 1133 sub
1587 1106 1662 1147 spe
1694 1093 1812 1147 pacis
1845 1092 2095 1134 habendev*
2125 1097 2167 1134 et
2190 1108 2363 1135 conser-

286 1161 422 1202 vande
456 1176 530 1201 nos
563 1166 605 1202 et
637 1162 743 1202 alios
777 1162 995 1216 principes
1029 1160 1083 1201 ad
1115 1161 1369 1202 concordem
1402 1161 1586 1202 Romani
1619 1161 1734 1216 regis
1769 1161 2025 1202 electionem
2058 1165 2146 1203 tam
2179 1163 2362 1205 sollicite

285 1245 557 1271 commonere
592 1231 788 1272 curastis.
822 1235 1013 1271 vestrum
1045 1230 1252 1271 auxilium
1280 1234 1323 1272 et
1344 1230 1566 1271 favoremb
1600 1230 1861 1272 unanimiter
1883 1230 2144 1273 adhibendo.
2196 1231 2360 1273 Verum

284 1300 383 1353 quia
416 1314 491 1341 nos
525 1304 567 1340 et
599 1300 672 1340 alii
706 1299 921 1354 principes
955 1299 1174 1340 vobiscum
1208 1300 1250 1339 in
1283 1299 1363 1340 hoc
1396 1299 1723 1351 concordamus,
1755 1303 1802 1340 ut
1833 1299 1972 1341 modis
1996 1300 2191 1341 omnibus
2224 1300 2359 1342 refor-
2399 1321 2430 1345 15

284 1369 460 1408 marioni
494 1369 610 1423 pacis
644 1368 874 1410 ecclesic⁸“
906 1367 1221 1420 intendamusx,
1255 1368 1431 1423 aliquod
1456 1367 1594 1423 capud
1617 1368 1834 1423 ydoneum
1857 1368 1911 1410 ad
1933 1372 2020 1410 tam
2043 1373 2237 1410 sanctum
2258 1383 2359 1425 pro-

285 1438 496 1490 positumc
529 1438 761 1492 poterimus
785 1437 990 1487 invenire,
1024 1438 1132 1478 sicut
1154 1437 1364 1478 illustrem
1388 1438 1526 1478 virum
1549 1437 1751 1479 dilectum
1780 1439 2147 1493 consanguineum
2170 1442 2362 1480 nostrum

283 1508 487 1548 Ottonein
526 1506 817 1548 marchionem
850 1505 1365 1561 B1·andenbu1-gense1nd;
1406 1507 1513 1557 (mie,
1556 1507 1591 1547 si
1637 1507 1679 1547 in
1713 1521 1860 1562 regem
1898 1511 1945 1548 ut
1978 1520 2202 1563 speramus
2233 1507 2364 1548 fuerit

284 1576 553 1617 sublimatus.
588 1576 701 1616 omni
735 1589 817 1630 quo
851 1589 1078 1630 possumus
1112 1575 1290 1616 consilio
1324 1579 1366 1616 et
1398 1575 1542 1616 favore
1566 1576 1764 1616 volumus
1796 1590 1879 1616 non
1903 1575 2082 1624 deesse;
2116 1580 2159 1617 et
2190 1576 2284 1631 ipse
2311 1575 2363 1617 ad

283 1645 505 1685 consilium
547 1650 740 1685 nostrum
785 1650 828 1686 et
869 1645 1046 1685 aliorum
1089 1645 1328 1700 principum
1369 1649 1412 1686 et
1453 1645 1662 1686 nobilium
1705 1648 1834 1700 atque
1866 1649 2057 1686 vestrum
2097 1660 2147 1686 ac
2179 1645 2360 1686 aliorum
2400 1663 2433 1688 20

283 1714 515 1754 amicorum
549 1727 721 1755 suorum
755 1713 950 1755 omninos
978 1714 1057 1755 hoc
1087 1728 1290 1756 recusare
1323 1714 1375 1756 de
1408 1719 1554 1756 cetero
1587 1729 1671 1756 non
1704 1714 1893 1756 audebit.

428 1782 588 1823 Datum
621 1786 703 1824 etc.

429 1885 497 1926 O.²
532 1885 613 1927 Dei
653 1887 789 1940 gratia
827 1885 1292 1939 Brandenburgensisg
1330 1885 1520 1926 marchio
1561 1884 1729 1926 dilectis
1772 1885 1813 1925 in
1848 1884 2022 1926 Christo
2054 1883 2365 1939 Moguntinen-

286 1954 446 2006 sibush,
481 1954 825 2006 Coloniensibus,
849 1954 1256 2005 NVormatiensibus,
1290 1958 1332 1995 et
1364 1954 1520 1995 ceteris
1555 1954 1799 1995 civitatibus
1831 1958 1878 1994 ut
1910 1967 2051 2008 supra,
2083 1958 2277 2008 paratam
2311 1952 2364 1994 ad

285 2024 558 2078 beneplacita
596 2024 874 2064 voluntatem.
938 2021 1046 2063 Cum
1088 2027 1238 2063 auctor
1279 2023 1399 2077 pacis
1436 2021 1649 2063 Dominus
1689 2026 1835 2064 noster
1872 2022 2024 2064 Ihesus
2057 2021 2253 2062 Christus
2285 2035 2362 2076 pro
2401 2035 2434 2061 25

285 2106 392 2147 pace
426 2093 593 2133 venerit
632 2093 674 2132 in
715 2092 827 2133 hunc
859 2091 1064 2132 mundum
1106 2105 1155 2132 ac
1196 2104 1271 2146 per
1304 2092 1601 2146 aspersionem
1634 2091 1852 2146 sanguinis
1886 2091 1949 2131 sui
1983 2089 2084 2146 quei
2116 2091 2160 2131 in
2194 2090 2287 2132 celo
2321 2093 2364 2130 et

286 2175 367 2215 que
401 2163 441 2201 in
474 2166 589 2202 terra
622 2165 720 2202 sunt
753 2160 1066 2216 pacificaverit,
1099 2159 1227 2215 digne
1261 2160 1304 2200 in
1336 2160 1455 2215 pacis
1490 2174 1681 2201 amorem
1717 2160 1853 2201 omnis
1887 2173 1932 2200 se
1963 2159 2210 2214 accingeret
2243 2173 2363 2200 crea-

290 2236 398 2270 tura.
458 2229 571 2270 Hinc
605 2235 670 2270 est
701 2229 932 2279 karissimi,
966 2228 1078 2284 quod
1112 2228 1265 2269 studiis
1288 2229 1441 2269 vestris
1473 2228 1596 2269 bonis
1630 2233 1673 2270 et
1696 2229 1871 2279 sanctis,
1905 2242 1987 2282 que
2012 2227 2066 2269 ad
2088 2226 2364 2268 reformanda

289 2304 330 2339 ct
364 2298 659 2340 conservanda
690 2299 808 2353 pacis
832 2298 1004 2338 vincula
1034 2301 1122 2338 tam
1155 2299 1414 2339 unanimiter
1438 2312 1565 2353 quam
1589 2298 1770 2339 viriliter
1792 2297 2076 2348 convertistis,
2110 2296 2153 2337 in
2176 2295 2361 2336 Domino

289 2367 621 2421 congaudentes,
655 2367 925 2408 universitati
958 2372 1102 2408 vestre
1135 2367 1370 2421 gratiarum
1403 2367 1628 2408 referimus
1662 2367 1876 2419 acciones,
1909 2365 1989 2407 ack
2019 2366 2108 2406 vita
2130 2378 2296 2420 semper
2320 2369 2362 2405 et
2399 2379 2434 2403 30

288 2437 418 2476 rebus
451 2437 564 2492 apud
597 2451 672 2477 vos
706 2436 972 2477 studebimus
1005 2436 1256 2491 promereri,
1291 2436 1405 2491 quod
1437 2451 1528 2487 nos,
1561 2437 1662 2477 licet
1694 2436 1908 2490 indignos,
1942 2438 1985 2476 et
2007 2435 2114 2475 alios
2146 2434 2362 2489 principes

287 2505 338 2545 ad
373 2505 627 2546 concordem
650 2506 835 2547 Romani
867 2505 981 2559 regis
1014 2505 1267 2546 electionem
1300 2510 1388 2546 tam
1420 2505 1600 2546 sollicite
1624 2518 1895 2546 commonere
1924 2503 2119 2555 curastis,
2154 2503 2359 2543 assisten-

288 2575 389 2614 tiam
423 2578 611 2615 vestram
645 2574 787 2615 nobis¹
820 2574 996 2615 consilio
1031 2578 1072 2614 et
1104 2574 1267 2615 auxilio
1306 2578 1547 2629 promptam
1581 2574 1624 2614 in
1655 2573 1853 2614 omnibus
1885 2573 2205 2628 promittentes,
2249 2570 2362 2612 unde

289 2643 470 2683 Domino
510 2644 682 2684 favente
728 2657 813 2698 pax
856 2643 896 2683 in
936 2643 1062 2684 terris
1100 2642 1306 2684 reddatur
1338 2647 1380 2684 et
1412 2643 1556 2684 divina
1588 2642 1819 2684 clementia
1852 2644 2145 2682 conservetur.
2204 2639 2362 2681 Vestre

288 2712 431 2766 itaque
466 2717 609 2752 notum
642 2711 822 2752 facimus
856 2711 1098 2764 dilectioni,
1140 2711 1252 2767 quod
1292 2712 1495 2753 instantie
1530 2716 1572 2752 et
1604 2711 1780 2752 consilio
1813 2710 2051 2765 principum
2085 2713 2128 2750 et
2159 2708 2362 2749 nobilium
2401 2723 2432 2747 35

288 2794 335 2819 ac
369 2780 548 2820 aliorum
581 2781 816 2821 amicorum
850 2784 1092 2822 nostrorum
1124 2786 1211 2822 tam
1245 2781 1535 2836 spiritualium
1568 2795 1694 2836 quam
1728 2779 2010 2829 secularium,
2052 2778 2123 2833 qui
2155 2777 2363 2818 honorem

289 2848 370 2889 Dei
405 2849 446 2888 in
479 2849 601 2890 nobis
635 2854 677 2890 et
710 2849 870 2890 bonum
903 2853 1096 2890 nostrum
1129 2850 1348 2902 affectant,
1383 2855 1427 2891 et
1457 2864 1586 2905 super
1618 2849 1761 2890 omnia
1784 2847 1995 2889 voluntati
2017 2846 2159 2887 divine
2182 2845 2363 2887 ulterius

288 2918 490 2957 resistere
531 2931 615 2957 non
662 2917 888 2969 audemus,
931 2919 1031 2973 quin
1072 2932 1226 2973 corpus
1270 2923 1313 2959 et
1350 2919 1557 2970 animam,
1600 2932 1689 2969 res,
1729 2917 1889 2958 amicos
1931 2920 1972 2957 et
2012 2915 2153 2955 omnia
2191 2928 2273 2970 que
2312 2913 2364 2954 de

291 2986 419 3039 ipsius
453 2987 593 3040 gratia
626 3001 735 3027 nunc
768 2986 976 3027 habemus
1009 2991 1083 3027 aut
1114 2987 1156 3027 in
1189 2991 1410 3042 posterum
1445 3001 1591 3028 sumus
1624 2986 1827 3037 habituri,
1860 2985 1913 3026 ad
1946 2984 2149 3025 honorem
2171 2982 2361 3037 regalem

289 3055 329 3094 in
363 3054 444 3095 Dei
477 3054 656 3095 servicio
688 3056 937 3106 offeramus,
970 3055 1203 3096 anchoram
1235 3056 1327 3110 spei
1359 3059 1504 3097 nostre
1537 3055 1754 3110 figentesm
1784 3055 1826 3095 in
1858 3054 1966 3109 ipso,
1999 3053 2200 3108 quoniam
2236 3051 2360 3092 nobis
2397 3067 2431 3090 40

290 3124 477 3163 iumento
518 3137 594 3165 suo
638 3124 800 3165 nullum
844 3124 982 3165 honus
1028 3138 1251 3179 speramus
1283 3125 1586 3179 inpositurum,
1631 3123 1743 3179 quod
1784 3124 1879 3164 leve
1911 3122 2055 3163 faeere
2087 3121 2212 3162 nobis
2244 3119 2363 3160 nolit.

290 3190 437 3230 Essiam
480 3193 701 3233 caritatem
746 3196 929 3234 vestram
970 3207 1193 3247 rogamus,
1236 3197 1283 3233 ut
1325 3193 1379 3234 ad
1413 3193 1573 3234 curiam
1614 3193 1655 3233 in
1688 3191 1976 3233 Frankenfvrt
2013 3190 2054 3231 in
2093 3189 2205 3230 festo
2237 3188 2365 3230 beate

290 3258 478 3312 Virginis
512 3261 812 3302 celebrandam
846 3262 904 3302 ita
935 3260 1139 3303 decenter
1172 3262 1378 3313 veniatis,
1421 3266 1469 3302 ut
1506 3262 1634 3303 etiam
1669 3261 1703 3301 si
1742 3261 1853 3301 inter
1885 3260 2052 3314 aliquos
2085 3257 2244 3298 ibidem
2277 3255 2362 3297 dis-

290 3327 442 3378 cordia,
478 3329 590 3383 quod
623 3329 749 3381 absit,
782 3330 954 3382 oriatur,
987 3344 1084 3385 pars
1116 3331 1182 3370 cui
1214 3331 1396 3372 infertur
1426 3331 1580 3371 iniuria
1612 3334 1754 3371 vestro
1787 3332 1934 3384 posset
1966 3327 2126 3369 auxilio
2158 3324 2364 3366 roborari.

432 3395 591 3436 Datum
627 3402 706 3439 etc.
2398 3413 2431 3437 45

312 3483 397 3517 42⁸.
431 3488 488 3518 XI.
514 3494 547 3528 Χ)
574 3495 609 3520 ut
636 3490 716 3521 add„
742 3491 771 3523 1.
911 3492 944 3533 y)
970 3502 1058 3523 corr.
1084 3502 1124 3523 em
1147 3490 1305 3534 ppotim?
1334 3489 1360 3522 1.
1501 3490 1531 3530 ²)
1556 3491 1592 3522 in
1617 3490 1733 3523 euclem
1759 3490 1849 3521 linea
1874 3499 1949 3520 cum
1974 3487 2068 3529 siquo
2087 3485 2309 3528 pao-nymphi
2334 3483 2365 3517 1.

176 3548 205 3579 ²⁸)
245 3546 345 3585 Πιεῖρζςιι
377 3545 481 3575 fulan
513 3546 626 3576 Wnrffi
658 3547 684 3579 1.
834 3550 885 3588 ³⁴⁹)
925 3549 1105 3581 delendum
1137 3560 1206 3581 esse
1237 3549 1363 3580 censuit
1388 3548 1501 3581 Weiss.
1643 3547 1674 3590 ¹1)
1713 3549 1829 3580 fovore
1857 3546 1886 3579 1.
2027 3544 2057 3587 c)
2095 3542 2366 3586 prosequendum

175 3600 337 3641 supplerit
367 3601 475 3632 'sest-'0'-
600 3601 632 3643 (¹)
670 3604 799 3645 bragam
826 3616 914 3637 corr.
941 3606 1070 3647 burgen
1100 3605 1128 3637 1.
1259 3606 1289 3647 e)
1321 3617 1387 3648 cun
1416 3606 1444 3639 1.
1570 3605 1600 3648 s)
1632 3609 1675 3638 on
1703 3606 1718 3637 {l
1744 3604 1772 3637 1.
1891 3603 1925 3644 8)
1958 3602 2147 3642 dinbragffii
2172 3612 2260 3632 corr.
2285 3599 2365 3631 (len-

177 3656 307 3697 burgen
336 3657 364 3688 1.
475 3657 505 3690 ¹¹1
541 3664 681 3699 mogunt
712 3661 816 3693 Callon
847 3663 965 3693 worm
991 3662 1020 3693 1.
1129 3661 1151 3703 i)
1178 3650 1198 3705 ιι]
1227 3675 1314 3696 corr,
1341 3650 1362 3705 (ij
1392 3663 1420 3695 1.
1513 3661 1546 3705 k)
1572 3663 1635 3695 hoc
1660 3661 1823 3703 supplevit
1848 3660 1960 3692 lVeiZs.
2048 3657 2073 3700 ¹)
2104 3669 2192 3690 corr.
2217 3668 2257 3689 exc
2282 3653 2362 3698 nob,

177 3719 326 3753 seqiwnlss
354 3726 477 3745 ras-usn
507 3715 533 3746 l.
651 3722 693 3755 ¹⁰)
720 3730 807 3749 σύκϊ.
833 3730 872 3749 ω)
898 3719 1044 3759 fingssntes
1072 3719 1100 3751 l.
2399 3719 2432 3744 ⁵⁰
