2558 3970
243 179 323 217 254
777 171 1015 205 FRIDERICI
1044 171 1085 205 11.
1114 169 1540 205 CONSTITUTloNES.
1591 170 1689 203 1235.
1738 169 1896 203 Nr.197.

244 290 467 330 sublimius
512 287 708 331 exalta-ti,
754 288 864 325 viros
903 285 1055 339 dignos
1094 285 1326 325 honoribus
1368 289 1409 324 et
1441 299 1525 325 non
1568 284 1803 324 immeritos
1837 283 1888 323 ad
1925 283 2225 324 sollicitudinis
2260 287 2424 338 partem

244 358 408 398 admitti
449 356 686 396 liberaliter
725 354 777 394 ad
819 353 948 393 decus
989 357 1031 393 et
1065 352 1261 393 decorem
1302 353 1466 407 imperii
1507 352 1689 393 nominis
1730 356 1773 392 et
1805 351 1974 392 honoris
2005 352 2127 392 titulo
2160 350 2425 392 decoremus.

245 426 353 466 lIine
388 429 450 464 est
484 424 630 477 igitur.
674 422 785 476 quod
819 436 895 476 per
927 435 1106 475 presens
1140 421 1345 476 scriptum
1379 421 1546 461 noverit
1588 434 1766 475 presens
1799 424 1890 461 etas
1925 423 1967 460 et
1998 420 2141 460 futura
2173 419 2424 473 posteritaS,

244 493 374 547 quod.
410 506 503 531 eum
537 491 607 531 diu
639 491 844 545 propositi
876 491 1007 531 nostri
1042 490 1172 534 foret,
1206 494 1251 530 ut
1285 490 1487 530 dilectum
1519 489 1882 543 consanguineum
1916 492 2109 529 nostrum
2143 487 2345 528 Ottonem
2371 486 2424 528 (16

244 560 498 601 Lvneburcli
531 559 582 599 ad
615 559 741 599 fidem
776 559 942 613 imperii
977 563 1019 599 et
1051 558 1324 599 devotionem
1357 562 1544 599 nostram
1578 557 1846 599 efficeremus
1880 557 2019 597 arcius
2053 556 2312 610 obligatum,
2347 569 2427 596 nec

245 629 325 669 loci
361 629 426 669 vel
460 628 664 681 temporis
699 627 966 682 oportunitas
999 627 1212 672 affuisset,
1258 640 1339 680 quo
1373 630 1624 680 conceptam
1659 639 1760 680 erga
1793 625 1888 666 eum
1923 625 2203 666 intentionem
2237 627 2427 664 nostram

246 697 446 751 prosequi
479 710 555 735 nos
588 696 783 738 deceret,
818 695 1095 749 contingente
1129 709 1259 735 causa
1291 694 1425 735 nostri
1458 694 1595 734 felicis
1629 693 1840 734 adventus
1872 694 1912 734 in
1945 693 2246 734 Alamanniam
2279 697 2322 734 et
2354 707 2427 748 pro

246 765 547 805 reformatione
582 764 716 804 tocius
748 768 861 804 terre
896 767 1031 804 status
1064 763 1223 803 indicta
1248 762 1474 816 Maguneie
1499 762 1617 802 curia
1638 763 1847 816 generali,
1880 762 2019 803 dictus
2043 761 2143 803 Otto
2168 761 2220 802 ad
2245 761 2427 803 eandem

246 834 404 873 curiam
440 838 614 874 vocatus
648 833 844 874 accessit.
907 833 956 873 In
1003 846 1086 887 qua
1117 832 1217 872 dum
1250 830 1541 871 assidentibus
1573 831 1697 871 nobis
1739 830 2005 885 principibus
2038 833 2186 870 nostra
2218 830 2428 870 serenitas

249 901 457 942 resideret
500 901 552 942 dc
594 901 861 941 reformando
901 905 1013 941 terre
1055 904 1168 941 statu
1207 899 1455 954 disponens,
1499 899 1738 940 nominatus
1779 899 1881 940 Otto
1927 898 1978 940 de
2011 898 2271 939 Luneburch
2303 898 2426 939 flexis

246 970 426 1024 genibus
475 983 616 1010 coram
665 969 808 1013 nobis,
857 969 969 1009 omni
1017 967 1114 1008 odio
1160 971 1203 1009 et
1244 981 1422 1008 rancore
1463 968 1714 1022 postpositis
1762 981 1843 1022 que
1888 968 1999 1008 inter
2034 981 2216 1022 proavos
2256 971 2427 1008 nostros

247 1038 435 1078 existere
469 1043 712 1092 potuerunt,
747 1052 792 1078 50
826 1041 963 1077 totum
996 1037 1037 1076 in
1070 1035 1269 1076 manibus
1302 1036 1456 1076 nostris
1491 1037 1706 1090 exposuit,
1738 1036 1898 1077 nostris
1932 1040 2046 1077 stare
2078 1035 2362 1091 beneplacitis
2387 1038 2430 1076 et

248 1106 477 1147 mandatis.
521 1115 562 1147 et
602 1108 776 1161 insuper
815 1106 1032 1160 proprium
1067 1109 1254 1145 castrum
1295 1118 1418 1145 suum
1450 1104 1729 1155 Lvneburch,
1773 1105 1884 1159 quod
1923 1104 2128 1146 idiomate
2161 1103 2429 1144 Teuthonico

246 1183 422 1215 vocatur
452 1190 608 1230 orgen.
642 1189 736 1215 cum
768 1175 912 1215 multis
946 1174 1038 1214 aliis
1072 1174 1237 1222 eastris,
1273 1174 1395 1214 terris
1430 1178 1472 1215 et
1505 1174 1748 1214 hominibus
1782 1173 1921 1215 eidem
1947 1178 2089 1214 castro
2112 1172 2428 1228 pertinentibus

245 1245 284 1283 in
328 1251 513 1284 nostram
552 1243 855 1298 proprietatem
890 1247 931 1283 et
963 1242 1197 1283 dominium
1235 1242 1480 1297 specialiter
1519 1242 1778 1296 assignavit,
1819 1246 1864 1282 ut
1896 1242 1948 1283 de
1982 1256 2031 1282 60
2074 1241 2274 1296 quicquid
2305 1241 2429 1282 nobis

246 1312 455 1366 placeret.
503 1317 716 1365 tamquam
764 1311 816 1352 de
862 1315 1006 1352 nostro
1049 1311 1219 1366 proprio
1263 1311 1515 1352 faceremus.
1593 1310 1682 1351 Nos
1729 1314 1894 1362 autem,
1942 1311 2012 1365 qui
2053 1314 2250 1351 tenemur
2291 1309 2428 1350 modis

248 1380 445 1420 omnibus
479 1381 702 1435 imperium
734 1384 1026 1433 augmentare,
1060 1379 1299 1434 predictum
1333 1384 1521 1420 castrum
1554 1379 1606 1419 de
1630 1379 1892 1420 Luneburch
1925 1393 2020 1419 cum
2043 1378 2240 1420 omnibus
2264 1378 2429 1430 castris,

249 1449 526 1503 pertinenciis
560 1453 600 1488 et
633 1448 875 1489 hominibus
910 1448 1012 1500 suis,
1045 1447 1403 1503 quemadmodum
1437 1462 1492 1489 ex
1525 1448 1717 1489 eiusdem
1742 1448 1912 1489 Ottonis
1937 1448 2231 1502 assignatione
2261 1447 2303 1487 in
2327 1461 2427 1502 pro-

247 1518 472 1572 prietatem
505 1518 765 1572 accepimus⁴
799 1518 840 1557 111
871 1518 1089 1572 presentia
1120 1517 1359 1572 principum
1391 1517 1433 1557 in
1464 1517 1691 1572 imperium
1722 1517 2017 1558 transtulimus
2052 1520 2095 1558 et
2118 1516 2427 1568 concessimus,

247 1592 292 1626 ut
325 1600 400 1640 per
432 1587 658 1641 imperium
691 1586 900 1627 infeodari
933 1586 1125 1627 deberet.
1188 1584 1416 1626 Civitatem
1439 1586 1614 1640 insuper
1636 1584 1687 1626 de
1711 1585 1976 1637 Brunswich,
2009 1585 2129 1626 cuius
2153 1584 2428 1626 medietatem

249 1656 521 1710 proprietatis
561 1655 734 1695 dominii
777 1669 801 1695 a
840 1654 1084 1695 marchione
1118 1654 1170 1695 de
1202 1654 1353 1695 Baden
1385 1658 1428 1695 et
1468 1653 1675 1708 reliquam
1714 1653 1991 1695 medietatem
2023 1667 2048 1694 a
2079 1653 2187 1695 duce
2220 1653 2431 1704 Bawarie,

251 1723 416 1764 dilectis
458 1724 719 1778 principibus
760 1723 934 1774 nostris,
975 1724 1156 1764 emimus
1188 1737 1265 1778 pro
1300 1727 1422 1778 parte
1455 1737 1639 1763 uxorum
1671 1737 1862 1774 suarum,
1897 1736 1978 1776 que
2011 1723 2185 1763 fuerunt
2217 1721 2432 1777 quondam

249 1793 331 1833 filie
356 1792 533 1832 Hem-ici
568 1791 620 1833 de
644 1792 899 1832 Brunswich
923 1793 1087 1833 comitis
1116 1792 1295 1846 palatini
1318 1791 1441 1840 Reni,
1475 1792 1616 1846 patrui
1649 1791 1750 1832 dicti
1775 1791 1960 1841 Ottonis,
1995 1791 2189 1832 similiter
2211 1791 2254 1830 in
2279 1789 2432 1831 eadem

249 1862 365 1901 curia
409 1861 586 1916 imperio
632 1861 943 1911 concessimus,
992 1861 1301 1915 proprietatem
1343 1860 1466 1901 nobis
1505 1860 1696 1901 debitam
1738 1860 1779 1900 in
1813 1860 2048 1900 dominium
2089 1859 2259 1914 imperii
2290 1863 2430 1900 trans—

247 1931 449 1970 ferentes.
510 1930 718 1970 Preterea
751 1929 910 1970 Ottone
949 1930 990 1969 in
1029 1930 1125 1984 ipsa
1163 1929 1355 1984 generali
1388 1929 1505 1969 curia
1535 1929 1577 1968 in
1617 1928 1814 1969 manibus
1847 1929 2002 1970 nostris
2037 1928 2244 1969 connexis
2275 1928 2431 1983 palmis

249 2013 377 2053 super
425 2002 571 2039 sancta
617 2012 741 2038 cruce
784 1997 969 2052 imperii,
1015 2012 1096 2052 que
1137 1997 1299 2038 ibidem
1331 1997 1582 2048 tenebatur,
1628 2001 1847 2052 prestante
1879 1997 1978 2038 fidei
2010 1997 2315 2048 iuramentum,
2359 2009 2435 2037 nos

249 2067 539 2117 attendentes,
584 2081 710 2121 quam
742 2081 850 2121 pura
881 2066 983 2117 fide,
1027 2067 1194 2107 sincera
1227 2070 1269 2106 et
1311 2080 1445 2120 prona
1477 2065 1702 2107 devotione
1736 2080 1782 2107 se
1814 2069 1950 2106 totum
1984 2065 2184 2106 mandato
2218 2069 2360 2107 nostro
2393 2069 2436 2106 et

249 2136 457 2176 voluntati
504 2136 712 2175 commisit
758 2140 799 2175 et
842 2136 884 2175 111
931 2135 1237 2189 proprietatem
1285 2140 1474 2186 nostram
1520 2136 1734 2175 concessit
1772 2135 1944 2190 proprie
1988 2135 2204 2190 proprium
2246 2137 2433 2176 castrum

251 2220 395 2246 suum.
429 2206 480 2246 de
515 2219 596 2260 quo
631 2205 787 2245 nemini
819 2205 1064 2255 tenebatur,
1106 2208 1148 2244 et
1181 2204 1471 2245 humiliaverit
1501 2218 1546 2245 se
1579 2204 1715 2245 modis
1749 2204 1945 2245 omnibus
1979 2217 2122 2244 coram
2155 2203 2297 2252 nobis,
2331 2217 2432 2244 con-

251 2273 490 2314 siderantes
530 2275 723 2328 insuper,
766 2273 879 2328 quod
911 2287 1143 2328 numquam
1180 2287 1258 2328 per
1290 2287 1387 2314 eum
1426 2273 1555 2313 fuerit
1587 2272 1797 2313 offensum
1830 2272 2055 2327 imperium
2099 2276 2142 2313 et
2174 2285 2253 2313 nec
2286 2275 2435 2313 contra

250 2342 452 2382 honorem
487 2346 677 2382 nostrum
709 2342 762 2382 ad
796 2343 1117 2396 suggestionem
1162 2342 1341 2383 alicuius
1375 2342 1558 2382 voluerit
1589 2341 1793 2392 inveniri,
1834 2340 2009 2395 dignum
2043 2344 2084 2381 et
2115 2341 2220 2381 utile
2253 2340 2436 2381 vidimus

252 2412 365 2451 circa
399 2416 556 2451 statum
591 2416 632 2451 et
664 2416 943 2465 augmentum
975 2411 1109 2465 ipsius
1150 2411 1364 2466 imperiali
1406 2410 1698 2451 munificentia
1731 2409 1971 2464 providere.
2035 2409 2307 2464 Quapropter
2339 2423 2434 2450 cum

252 2480 450 2521 consilio.
485 2493 665 2519 assensu
699 2484 741 2519 et
773 2480 1032 2519 assistencia
1063 2479 1306 2534 principum
1339 2479 1557 2520 civitatem
1590 2478 1844 2519 Brunsvvich
1878 2482 1920 2518 et
1953 2483 2136 2519 castrum
2172 2477 2436 2518 Luneburch

251 2561 345 2586 cum
377 2547 572 2587 omnibus
606 2548 778 2599 castris,
809 2547 1049 2588 hominibus
1075 2552 1116 2588 et
1138 2548 1415 2602 pertinenciis
1438 2547 1525 2587 suis
1550 2547 1763 2587 univimus
1787 2552 1830 2587 et
1852 2547 2090 2587 creavimus
2112 2546 2210 2588 inde
2230 2546 2432 2587 ducatum

253 2622 294 2657 ct
332 2617 541 2670 imperiali
580 2617 835 2657 auctoritate
878 2616 1036 2657 dictum
1071 2617 1438 2670 consanguineum
1471 2620 1664 2656 nostrum
1698 2615 1900 2656 Ottonem
1934 2615 2087 2656 ducem
2120 2619 2163 2656 et
2194 2615 2434 2670 principem

253 2685 460 2725 facientes
495 2684 696 2724 ducatum
735 2685 871 2739 ipsum
904 2685 946 2724 in
978 2684 1151 2725 feodum
1184 2684 1422 2738 i111perii,ei
1456 2684 1770 2734 concessimus,
1813 2684 1866 2724 ad
1900 2683 2082 2725 heredes
2117 2698 2217 2724 suos
2249 2683 2358 2724 filios
2395 2687 2436 2723 et

255 2754 361 2793 filias
397 2753 656 2793 hereditarie
691 2752 1025 2803 devolvendum,
1059 2757 1100 2793 et
1133 2767 1230 2794 eum
1264 2753 1562 2807 sollempniter
1592 2753 1715 2793 iuxta
1748 2752 2104 2793 consuetudinem
2138 2752 2435 2794 investivimus

254 2836 328 2876 per
364 2822 540 2861 vexilla:
582 2821 633 2862 de
677 2822 948 2862 affluentiore
987 2821 1126 2875 gratia
1165 2821 1455 2864 concedentes
1489 2821 1628 2861 eidem
1670 2820 1857 2862 decimas
1890 2820 2085 2862 Goslarie
2127 2821 2305 2875 imperio
2337 2834 2434 2875 per-

254 2891 453 2932 tinentes,
516 2889 718 2930 Ceterum
761 2891 1064 2931 ministeriales
1107 2904 1207 2930 suos
1240 2890 1283 2930 in
1320 2890 1623 2930 ministeriales
1656 2890 1822 2944 imperii
1855 2893 2124 2931 assumentes
2157 2889 2297 2930 eidem
2331 2902 2432 2929 con-

255 2959 484 3002 cessimus,
531 2957 703 2998 cosdem
747 2959 1049 2999 ministeriales
1094 2959 1257 2998 iuribus
1291 2958 1373 2998 illis
1407 2958 1488 3008 uti,
1522 2958 1676 3012 quibus
1709 2957 1879 3013 imperii
1913 2958 2213 2998 ministeriales
2245 2960 2434 2998 utuntur.

256 3026 322 3065 Ad
361 3026 484 3066 huius
525 3027 669 3080 itaque
704 3027 996 3068 concessionis
1037 3026 1287 3068 memoriam
1330 3031 1371 3066 et
1411 3027 1538 3067 robur
1580 3030 1787 3081 perpetuo
1826 3027 2052 3067 valiturum
2093 3039 2273 3080 presens
2306 3025 2433 3080 privi-

256 3095 412 3147 legium
456 3095 546 3135 fieri
590 3099 631 3134 01
672 3093 787 3134 bulla
827 3109 957 3135 aurea
998 3095 1166 3149 typario
1217 3099 1361 3139 nostre
1403 3095 1639 3136 maiestatis
1677 3096 1885 3149 impressa
1922 3095 2122 3135 iussimus
2167 3094 2433 3135 communiri.

392 3162 532 3202 Huius
572 3167 714 3203 autem
751 3164 809 3203 rei
843 3168 979 3204 testes
1013 3168 1130 3204 sunt:
1176 3163 1216 3204 S.
1250 3163 1542 3217 Maguntinus,
1585 3163 1640 3204 Π.
1677 3163 1966 3213 Coloniensis,
2008 3162 2058 3204 Ε.
2092 3162 2434 3217 Salzpurgensis,

257 3231 302 3270 T.
337 3231 614 3270 'l'reuercnsis
649 3237 690 3271 et
730 3264 736 3271 .
778 3232 1026 3272 Bisuntinus
1059 3232 1394 3286 archiepiscopi,
1436 3231 1506 3271 W.
1540 3231 1897 3285 Madeburgensis
1941 3231 2125 3278 electus;
2168 3230 2217 3272 E.
2249 3229 2434 3285 Papem-

257 3299 492 3352 bergensis,
526 3299 568 3339 S.
593 3299 919 3353 Ratisponensis
943 3301 1176 3355 imperialis
1209 3301 1306 3341 aule
1332 3300 1624 3349 cancellarius,
1658 3300 1713 3341 H.
1739 3299 2094 3349 Oonstantiensis,
2121 3300 2163 3340 S.
2186 3299 2436 3354 Augusteu-

258 3367 324 3405 515.
360 3365 409 3407 Β.
434 3367 707 3420 Argentinus,
742 3368 796 3408 H.
827 3368 1093 3417 Basiliensis,
1127 3367 1174 3407 O.
1210 3367 1611 3421 Hyldensemensis,
1644 3367 1676 3408 I.
1710 3367 1979 3418 Leodiensis,
2014 3367 2063 3408 G.
2098 3366 2437 3418 Cameracensis,

258 3434 290 3473 I.
326 3434 546 3474 Metensis.
582 3468 588 3474 .
624 3435 860 3485 Tullensis,
898 3468 905 3476 .
939 3436 1308 3485 Monasteriensis,
1341 3435 1391 3477 Ε.
1414 3435 1800 3490 Nuemburgensis,
1833 3468 1841 3476 .
1875 3435 2178 3486 Traiectensis,
2212 3434 2257 3476 O.
2283 3435 2436 3476 056111-

259 3502 498 3555 burgensis.
532 3502 580 3541 R.
604 3502 912 3552 I'actauiensis,
948 3503 1003 3545 H.
1027 3503 1324 3557 Eystedensis,
1359 3503 1406 3543 C.
1431 3502 1663 3557 Spirensis,
1697 3503 1746 3543 E.
1772 3503 2158 3557 Merseburgensis,
2193 3502 2243 3544 G.
2267 3502 2436 3543 Verdu-

260 3569 402 3609 nensis
437 3575 477 3610 ct
510 3570 556 3609 C.
590 3570 880 3623 Frisingensis
915 3572 1125 3625 episcopi;
1159 3571 1292 3611 frater
1325 3570 1378 3610 H.
1413 3570 1564 3611 domus
1597 3570 1836 3625 Hospitalis
1869 3574 2015 3611 sancte
2044 3570 2179 3612 Marie
2201 3570 2436 3612 Teuthoni-

261 3651 406 3678 corum
453 3638 494 3677 in
534 3637 803 3679 Iherusalem
852 3639 1077 3693 magister-3
1118 3672 1126 3680 .
1160 3638 1470 3690 Morbacensis,
1509 3671 1516 3679 .
1551 3638 1769 3693 Augensis
1808 3643 1850 3680 et
1893 3671 1901 3679 .
1935 3638 2199 3680 Elwacensis
2240 3639 2436 3687 abbates;

2466 906 2498 931 10

2468 1254 2498 1278 15

2468 1595 2502 1620 20

2470 1943 2515 1968 25-

2471 2287 2504 2312 30

2472 2631 2503 2656 35

2471 2972 2505 2997 40

2474 3315 2505 3340 45

2473 3655 2506 3680 50
