2558 3970
238 141 318 181 298
767 136 1006 170 FRIDERJCI
1031 135 1074 169 II.
1101 134 1527 170 CONSTITUTIONES.
1577 135 1676 169 1239.
1723 135 1882 171 N1·.215.

241 253 399 293 iuribus
441 266 521 291 non
556 251 708 292 deesse
742 251 863 291 nobis
896 254 961 291 set
992 249 1146 290 adesse
1179 251 1374 304 promisit
1407 250 1599 297 consilio,
1633 250 1824 290 auxilio¹¹
1857 254 1900 291 et
1932 251 2094 303 favore,
2126 251 2289 306 preteri
2322 265 2417 306 pcr-

239 335 342 361 sone
393 319 563 360 nostrek
612 319 881 360 blasfemiam
934 319 999 358 ius
1041 318 1211 373 imperii
1254 319 1403 359 nititur
1448 317 1741 361 conculcare¹:
1789 319 2014 373 presertim
2059 333 2154 360 cum
2193 323 2418 374 quantum-

238 404 403 443 cunque
436 389 698 429 conscientie
732 391 874 428 nostre
887 394 913 410 ¹¹¹
946 386 1099 427 librum
1131 387 1324 427 solicitell
1358 387 1648 435 revolvamus,
1691 386 1851 427 nullam
1885 387 1928 427 in
1968 387 2092 428 nobis
2124 388 2419 429 occassionem

238 457 478 498 invenimus
511 460 608 497 aut0
642 469 837 498 causam.
879 459 1054 510 propter
1096 469 1221 509 quam
1260 455 1340 495 iste
1382 455 1580 495 inimicus
1623 454 1750 495 homo
1783 458 1930 496 contra
1971 469 2049 496 nos
2081 455 2302 497 debuisset
2333 460 2419 497 tam

238 526 395 565 acriter
428 524 661 567 eomoveri.
703 525 783 564 nisi
816 523 928 578 quod
962 537 1056 564 eum
1089 524 1180 578 ipso
1215 523 1471 564 contrahere
1505 522 1556 563 dc
1589 526 1719 578 nepte
1753 536 1830 563 sua
1862 522 2193 578 desponsandap
2226 523 2416 565 Hem-ico

238 593 418 634 naturali
452 593 537 633 filio
570 597 716 632 nostro
742 606 851 632 nunc
876 592 965 646 regi
991 591 1167 633 Gallure
1193 597 1234 632 et
1257 592 1465 632 Thurris‘l
1498 595 1646 632 nostra
1668 591 1988 645 magnificentia
2011 592 2191 633 credidit
2213 592 2419 634 indecens

236 671 276 702 ct
317 661 529 716 reputavit
568 660 801 714 indignum.
928 660 1020 715 (23)
1053 660 1143 701 Vos
1187 661 1335 714 igitur,
1384 659 1546 700 dillecti
1587 660 1840 714 principesr,
1886 674 1969 701 non
2008 660 2133 702 nobis
2175 661 2313 701 solum
2355 664 2421 702 set

237 731 433 772 ecclesie.
458 743 539 784 que
564 729 841 783 congregatio
865 733 930 769 est
948 729 1135 769 omnium
1157 728 1314 769 Christi
1338 727 1540 779 fidelium,
1565 728 1788 770 condolete
1801 735 1827 778 ⁵,
1851 729 1971 769 cuius
1996 728 2133 784 capud
2157 728 2421 784 languidum,

236 801 431 855 princeps
465 799 555 839 eius
589 798 630 838 111
662 797 801 838 medio
835 798 927 839 eius
957 798 1077 852 quasi
1102 798 1168 838 leo
1194 798 1381 851 rugiens,
1414 796 1603 851 profetat
1635 797 1724 838 eius
1747 810 1947 848 vesanus,
1982 798 2046 837 vir
2069 797 2192 838 eiusu
2223 797 2422 850 infidelis,

237 867 435 909 sacerdos
469 868 559 907 eius
593 867 791 921 polluens
826 871 1035 917 sanctum,
1070 867 1224 907 iniuste
1256 866 1418 906 faciens
1451 869 1602 906 contra
1633 866 1789 920 legem.
1841 865 1974 906 Nobis
1997 870 2141 907 tamen
2163 880 2239 921 pre
2263 867 2418 908 ceteris

236 937 380 977 mundi
412 935 673 990 principibus
706 935 915 976 deffectus
946 940 1010 976 est
1051 935 1148 975 talis
1182 934 1367 975 summiV
1398 934 1613 989 pontificis
1646 934 1799 975 merito
1833 934 2140 989 deplorandus,
2185 935 2257 989 qui
2289 935 2423 976 veluti

236 1006 314 1046 sibi
350 1005 577 1045 viciniores
611 1005 706 1044 loco
739 1008 781 1044 et
812 1005 1135 1060 propinquiores
1168 1004 1309 1045 officio
1342 1004 1527 1045 honores
1561 1005 1832 1059 congerimus
1865 1009 1908 1046 et
1930 1019 2059 1047 onera
2082 1006 2421 1060 persentimusw.

238 1077 311 1115 Set
347 1088 423 1113 nee
458 1072 560 1112 illud
594 1073 821 1120 omitimus,
856 1073 982 1127 quinx
1014 1073 1329 1114 dillectionemy
1352 1077 1541 1114 vestram
1565 1087 1816 1115 moneamus
1840 1077 2019 1126 attente,
2052 1077 2099 1114 ut
2121 1075 2420 1115 contumeliam

236 1152 423 1183 nostram
457 1141 510 1181 ad
544 1146 729 1182 vestram
764 1142 961 1182 iniuriam
995 1143 1243 1184 revocetisz.
1305 1141 1374 1183 Ad
1406 1142 1553 1183 domos
1577 1146 1747 1183 vestras
1781 1157 1877 1183 cum
1900 1157 2012 1197 aqua
2033 1143 2288 1194 concurrite,
2321 1143 2421 1185 dum

235 1212 345 1266 ignis
379 1210 627 1251 accenditur
657 1211 700 1250 in
734 1211 896 1252 vicinis,
1018 1211 1110 1265 (24)
1144 1210 1331 1252 Causam
1364 1214 1503 1252 motus
1535 1211 1794 1266 pontificalis
1827 1211 2056 1252 attendite:
2097 1211 2210 1266 quod
2242 1211 2347 1253 heca
2377 1213 2421 1253 in

235 1281 426 1320 favorem
459 1283 701 1319 nostrorum
734 1278 956 1320 rebellium
989 1280 1315 1334 procuranturb.
1379 1279 1472 1327 Que
1507 1294 1638 1321 causa
1670 1280 1773 1321 licet
1804 1280 1857 1321 ad
1890 1294 2070 1335 presens
2094 1294 2303 1335 expressa
2335 1295 2421 1322 non

235 1349 372 1388 fuerit.
409 1348 552 1402 procul
586 1347 713 1387 dubio
746 1351 889 1388 tamen
923 1348 1084 1389 subest.
1149 1348 1313 1389 Similia
1337 1349 1457 1390 vobis
1492 1349 1533 1388 in
1558 1349 1709 1389 vestris
1734 1349 1959 1390 imminere
1981 1349 2196 1403 pericula⁰
2219 1349 2421 1391 timeatis.

234 1417 390 1457 Facilis
425 1415 610 1457 etenimd
644 1416 825 1456 aliorum
869 1417 1056 1457 omnium
1098 1431 1247 1471 regum
1291 1421 1333 1457 et
1374 1417 1613 1472 principum
1657 1417 1896 1458 humiliatio
1939 1417 2149 1469 creditur,
2194 1418 2228 1458 si
2260 1419 2422 1460 cesaris

234 1485 444 1525 Romanie
477 1484 706 1539 potenciaf.
739 1485 860 1525 cuius
894 1486 1057 1540 clipeus
1089 1486 1226 1540 prima
1261 1486 1402 1526 iacula
1435 1486 1631 1537 sustinet,
1667 1489 1952 1528 conteraturg.
2014 1486 2107 1527 Hec
2141 1489 2205 1527 est
2235 1501 2421 1542 namque

234 1568 362 1595 eausa
395 1568 469 1608 pro
502 1567 619 1594 vero.
652 1552 853 1594 videlicet
886 1553 937 1595 de
970 1553 1240 1605 Lombardis,
1274 1569 1355 1609 que
1390 1569 1463 1595 cor
1493 1568 1602 1609 pape
1634 1554 1855 1609 pungebat
1887 1558 1928 1596 et
1960 1555 2112 1596 urebat
2142 1555 2416 1608 intrinsecus,

233 1624 333 1663 licet
376 1624 512 1677 ipsam
556 1622 657 1662 foris
703 1621 886 1663 educere
928 1627 1103 1677 propter
1143 1623 1364 1664 vestrumh
1407 1627 1450 1664 et
1495 1623 1761 1664 audientium
1802 1623 2010 1664 omniumi
2050 1623 2298 1665 scandalum
2336 1639 2421 1666 non

233 1691 423 1732 auderet.
476 1690 558 1731 Pro
592 1704 675 1745 qua
696 1690 819 1731 nobis
843 1705 919 1746 per
941 1691 1176 1745 specialem
1200 1693 1403 1733 nuncium
1427 1691 1582 1733 suurnk
1613 1692 1697 1734 fide
1722 1692 2049 1747 dignissimum¹,
2084 1693 2202 1733 cuius
2225 1693 2280 1734 ad
2302 1693 2423 1735 heom

233 1760 526 1801 testimonium
558 1760 820 1811 invocamus,
854 1765 1056 1801 oretenus
1089 1775 1274 1815 exprese
1308 1761 1514 1816 promisit,
1549 1761 1658 1815 quod
1694 1762 1730 1801 si
1760 1762 1988 1815 negocium
2012 1760 2356 1802 Lombardorum
2378 1762 2422 1803 in

235 1830 323 1870 eius
365 1828 539 1869 arbitrio
578 1842 856 1883 poneremus,
897 1828 1055 1869 nedum
1093 1829 1206 1883 quod
1246 1829 1289 1870 in
1328 1830 1469 1884 aliquo
1512 1830 1905 1884 magnificentiamn
1937 1833 2128 1870 nostram
2165 1830 2421 1883 offenderet,

235 1912 379 1939 verum
421 1898 550 1938 etiam
597 1897 731 1937 tocius
770 1897 883 1938 orbis
931 1897 1120 1938 decimas
1161 1897 1292 1939 Terre
1335 1897 1491 1939 Sancte
1536 1898 1872 1939 necessitatibus
1915 1902 2218 1940 consecratas⁰
2261 1900 2421 1941 nostris

232 1965 488 2007 utilitatibus
523 1965 781 2020 applicabat.
902 1965 997 2021 (25)
1030 1966 1122 2008 Nec
1156 1970 1220 2007 est
1250 1967 1424 2008 mirum:
1458 1967 1716 2008 instantibus
1751 1967 1909 2008 etenim
1943 1971 1986 2008 et
2017 1968 2178 2009 accutis
2211 1967 2420 2010 Lombar-

233 2036 378 2075 (10111111
412 2035 573 2075 aculeis
605 2034 891 2089 pungebatur,
926 2035 1092 2089 quibus,
1125 2039 1250 2090 prout
1281 2050 1359 2091 per
1391 2036 1628 2090 aliquorum
1660 2036 1924 2090 prelatorum
1959 2037 2272 2078 confessionem
2296 2051 2421 2078 acce-

233 2105 389 2158 pimus.
433 2109 579 2143 contra
620 2117 696 2143 nos
738 2107 779 2143 ct
822 2104 1047 2158 imperium
1087 2105 1308 2159 corporale
1358 2105 1547 2159 prestitit
1579 2109 1916 2157 sacramentum,
1959 2113 2084 2146 cump
2115 2107 2253 2161 ipSOS,
2295 2120 2421 2161 pere-

232 2172 502 2226 grinantibus
536 2171 687 2212 nobis‘1
721 2172 763 2212 in
796 2172 988 2226 partibus
1023 2172 1146 2227 Syrie
1178 2187 1254 2227 pro
1289 2173 1470 2214 servicio
1503 2172 1604 2214 Iesu
1638 2172 1823 2225 Christi,
1865 2174 2099 2215 transmisit
2130 2175 2173 2215 in
2205 2174 2420 2229 Regnum.

234 2243 309 2281 Set
341 2254 437 2281 cum
469 2240 603 2294 turpis
645 2240 777 2280 fuerit
808 2240 890 2280 ista
920 2241 1168 2294 promissio,
1208 2240 1335 2282 fidem
1368 2242 1484 2282 licite
1516 2242 1717 2296 frangere
1750 2242 1949 2296 poteratl
1984 2246 2026 2283 et
2058 2242 2221 2284 editum
2253 2244 2421 2285 variare

231 2310 466 2350 decretum.
585 2308 677 2361 (⁸26)
712 2308 762 2348 In
795 2322 976 2362 quorum
1008 2309 1201 2351 favorem
1235 2324 1323 2351 rem
1357 2310 1504 2351 auditu
1526 2310 1759 2351 orribillcm
1783 2314 1825 2351 et
1851 2311 2107 2352 discretione
2131 2311 2323 2366 qualibet
2345 2326 2423 2353 seu

232 2379 393 2419 ratione
428 2383 641 2418 carentem
674 2378 818 2418 facere
852 2378 1026 2419 minime
1059 2379 1316 2420 formidavit.
1380 2378 1486 2420 Cum
1522 2380 1632 2420 enim
1667 2394 1743 2434 per
1768 2378 1991 2420 Guallamr
2022 2380 2348 2422 Brixinensem⁸
2381 2385 2424 2422 et

231 2447 320 2489 ..ἴ-’Ζ
354 2446 620 2486 Cumanu1n¹¹
661 2451 703 2487 et
741 2446 878 2486 aliosV
918 2447 1142 2502 episcopos
1194 2462 1268 2488 nos
1309 2448 1470 2489 faceret
1515 2448 1768 2500 ammoneri,
1818 2447 1931 2503 quod
1970 2449 2039 2489 vel
2082 2449 2422 2490 satisfactionem

233 2515 570 2555 Lombardorum
613 2528 688 2568 per
732 2515 872 2569 ipsum
905 2515 1163 2556 deberemus
1196 2517 1391 2571 accipere
1425 2517 1493 2558 vel
1527 2520 1732 2571 treuguas
1775 2531 1851 2571 pro
1884 2517 2016 2558 Terre
2051 2517 2208 2559 Sancte
2241 2518 2420 2572 negocio

230 2598 307 2638 per
340 2583 666 2638 quadi-igenium
698 2587 744 2623 ut
784 2598 913 2638 supra
945 2583 1230 2625 dixeramusW
1262 2585 1444 2626 indictas
1486 2586 1747 2626 observarex
1779 2584 2032 2626 Lombardis
2046 2586 2074 2635 ³,
2115 2599 2211 2626 cum
2243 2586 2323 2627 aby
2353 2587 2418 2627 in-

2458 879 2491 904 10

2458 1225 2490 1250 15

2456 1566 2489 1593 20

2460 1909 2492 1934 25

2459 2252 2492 2277 30

2456 2596 2488 2621 35

229 2652 436 2692 dictarum
471 2661 748 2705 treuguarum
784 2657 1003 2706 temporeZ
1039 2653 1123 2693 iam
1157 2654 1501 2708 quinquennium
1524 2654 1798 2705 excessisset,
1830 2668 1993 2709 nosque
2016 2668 2104 2695 rem
2130 2655 2235 2695 tanti
2260 2655 2422 2695 consilii
2479 2689 2483 2693 .

364 2786 450 2821 215.
485 2787 518 2830 1Ι)
544 2800 623 2821 aux.
648 2800 738 2821 cons.
764 2788 794 2821 3.
914 2789 938 2832 i)
966 2791 1095 2823 illatam
1121 2791 1201 2823 add.
1219 2790 1250 2823 4.
1371 2789 1404 2832 k)
1431 2792 1608 2823 infamiam
1636 2793 1759 2825 nedum
1785 2792 1866 2824 add.
1884 2790 1920 2833 33
1946 2792 2074 2824 illatam
2099 2792 2180 2825 add.
2198 2791 2228 2824 5.
2323 2791 2349 2834 ¹)
2375 2794 2424 2826 sic

230 2847 440 2888 persequitur
465 2846 544 2877 add.
566 2846 596 2878 ξ).
707 2852 748 2885 ¹¹³)
775 2847 846 2878 loco
873 2859 982 2880 conse.
1017 2854 1129 2881 nostre
1155 2847 1191 2880 5:
1223 2860 1435 2881 communem
1460 2850 1592 2881 mentis.
1685 2847 1717 2890 Β)
1743 2849 1832 2882 deest
1855 2848 1886 2882 5.
1981 2847 2013 2890 ⁰)
2039 2849 2082 2881 ad
2107 2848 2137 2882 3.
2232 2850 2266 2891 P)
2291 2851 2423 2893 dispon-

228 2904 331 2935 sanda
359 2903 386 2934 1.
504 2910 536 2941 ¹1)
569 2903 678 2935 Galur
708 2908 740 2935 et
765 2903 887 2935 Thur?
910 2904 946 2943 1;
987 2906 1135 2937 Galluris
1168 2912 1201 2937 et
1231 2906 1349 2937 Turris
1376 2905 1413 2945 2;
1454 2906 1562 2937 Tunis
1594 2910 1627 2938 et
1657 2906 1798 2939 Gallure
1823 2905 1853 2938 3.
1971 2904 2000 2948 r)
2034 2907 2138 2939 nostri
2171 2907 2251 2939 add.
2277 2905 2314 2948 23
2349 2907 2420 2940 loco

230 2962 294 2991 Vos
320 2978 359 2981 —-
384 2961 550 3002 principes
575 2960 611 2991 3:
638 2961 696 2991 Tu
729 2961 858 3001 igitur
889 2962 1045 2994 dilecte
1077 2974 1164 2994 eum
1197 2963 1275 2993 tibi
1307 2963 1478 2995 dilectis
1512 2963 1707 3005 princeps
1740 2963 1854 2995 orbis
1884 2967 1995 2995 terre
2026 2965 2260 3005 profuture;
2285 2962 2321 2997 4:
2348 2965 2422 2998 Vos

229 3018 357 3059 igitur
391 3017 544 3049 fideles
578 3023 614 3049 et
646 3018 804 3057 devoti3
839 3018 874 3049 5:
900 3019 1061 3060 'Vosque
1087 3031 1205 3062 reges
1230 3024 1269 3051 ct
1294 3020 1508 3062 principes
1534 3021 1648 3053 orbis
1680 3025 1789 3053 terre
1816 3020 1963 3052 fideles
1988 3025 2026 3052 et
2050 3021 2201 3053 devoti·
2296 3021 2322 3062 Β)
2347 3033 2424 3054 6011-

228 3075 300 3105 «lule
326 3073 356 3104 3.
451 3076 476 3115 t)
504 3077 644 3116 prosena
673 3073 700 3106 1.
795 3080 828 3115 1¹}
854 3076 943 3107 deest
964 3074 990 3107 l.
1016 3076 1045 3108 3.
1142 3080 1173 3117 V)
1200 3078 1287 3108 sumi
1317 3077 1344 3108 l.
1443 3079 1483 3118 w)
1508 3078 1733 3120 presentimus
1750 3077 1781 3110 3.
1800 3075 1831 3109 4.
1926 3076 1960 3117 x)
1987 3078 2058 3109 loco
2083 3079 2165 3120 quin
2182 3095 2226 3100 ψ-
2242 3083 2368 3111 attente
2384 3078 2422 3112 3:

228 3130 259 3160 111
287 3131 482 3162 affinitatem
508 3137 656 3162 nostram
683 3133 864 3164 affectuose
890 3144 1059 3174 rogamus.
1205 3136 1238 3174 y)
1264 3135 1474 3167 devotionem
1500 3134 1532 3166 2.
1649 3134 1677 3176 z)
1702 3136 1744 3167 ad
1771 3135 1828 3167 ini.
1856 3146 1885 3165 v.
1913 3146 2049 3167 revoces
2075 3134 2107 3167 3.
2223 3135 2254 3176 ³)
2278 3135 2367 3168 deest
2390 3135 2422 3168 3.

227 3185 257 3217 ln
285 3188 329 3217 »εἰς
355 3186 503 3220 1.3-.-'›;
534 3189 764 3229 procuraverit
790 3190 819 3220 2.
919 3192 948 3231 υ)
976 3191 1124 3232 periculo
1154 3191 1181 3222 l.
1254 3189 1286 3231 (¹)
1313 3192 1400 3224 6111111
1428 3197 1461 3224 et
1485 3192 1515 3225 3.
1542 3192 1574 3225 5.
1653 3192 1682 3234 e)
1708 3194 1937 3224 Romanorum
1962 3190 1992 3224 3.
2066 3189 2096 3231 f)
2122 3197 2314 3225 conteratur
2339 3193 2420 3226 add.

228 3243 278 3273 hir:
297 3242 326 3275 3.
392 3249 422 3281 Ἀ)
451 3251 669 3277 &invertatur
687 3246 723 3282 23
751 3246 1004 3278 adversantium
1025 3246 1056 3279 3.
1151 3246 1185 3289 ¹¹)
1211 3254 1364 3281 nostrum
1382 3248 1412 3281 3.
1431 3249 1462 3281 5.
1534 3248 1558 3291 i)
1579 3249 1669 3282 deest
1685 3248 1722 3288 33
1748 3261 1812 3282 om.
1832 3249 1907 3281 aud.
1928 3247 1960 3281 2.
2031 3246 2065 3290 k)
2092 3260 2192 3281 suum
2209 3250 2372 3283 nuncium
2388 3250 2419 3284 3.

228 3297 251 3329 lv
278 3300 417 3341 «lignum
443 3300 474 3331 3.
592 3307 633 3337 m,
661 3302 723 3333 line
749 3302 779 3333 2.
807 3301 839 3334 3.
957 3308 990 3343 ¹¹)
1019 3305 1271 3345 magsicentiam
1300 3305 1327 3336 1.
1447 3306 1478 3345 O)
1504 3316 1595 3337 cons.
1622 3317 1692 3338 nec.
1724 3304 1755 3337 2.
1850 3305 1882 3346 P)
1907 3317 1966 3348 per
1992 3306 2071 3338 adel.
2091 3304 2122 3339 2,
2218 3305 2250 3347 q)
2275 3306 2365 3339 deest
2388 3306 2419 3340 3.

228 3361 239 3377 r
282 3357 412 3387 Walam
431 3363 461 3387 ct
487 3355 525 3395 2;
552 3360 591 3389 G.
618 3358 654 3395 -3;
679 3370 790 3399 parva
816 3360 942 3391 lacuna
968 3359 1011 3400 43
1038 3363 1078 3392 G.
1106 3364 1265 3403 pergame
1289 3361 1319 3394 ἵ).
1427 3361 1453 3403 ¹³)
1481 3363 1693 3395 Brixiensem
1710 3361 1739 3394 2.
1760 3361 1796 3403 43
1823 3363 2070 3395 Brixiniensem
2094 3362 2132 3401 33
2158 3364 2362 3396 Briciensem
2388 3364 2420 3397 5.

228 3415 253 3452 ¹)
279 3415 321 3445 Η.
347 3413 383 3445 3:
423 3414 547 3445 lacuna
574 3414 663 3446 deest
687 3414 798 3447 2-5.
939 3416 972 3457 u)
1006 3422 1150 3450 conman
1177 3418 1207 3451 5.
1350 3418 1382 3461 v)
1409 3424 1441 3452 61
1466 3420 1550 3452 alios
1576 3419 1643 3451 des.
1666 3418 1696 3452 2.
1722 3418 1765 3451 4.,
1894 3419 1933 3460 w)
1960 3423 2000 3452 ut
2023 3431 2124 3462 supra
2148 3420 2295 3453 diximus
2320 3419 2357 3460 23
2383 3426 2422 3454 ut

227 3471 373 3501 diximus
399 3470 429 3501 3.
547 3477 578 3510 x)
603 3471 690 3503 dees-t
715 3472 746 3503 3.
862 3473 893 3513 Υ)
919 3474 961 3504 :ul
990 3473 1017 3505 1.
1139 3475 1167 3515 Ζ)
1192 3475 1281 3507 dee-st
1306 3474 1338 3507 3.

368 3572 378 3602 l
396 3587 397 3598 1
423 3570 476 3611 Cf.
495 3571 514 3603 l.
529 3576 578 3613 27,
598 3577 617 3608 ρ’
631 3578 661 3605 4.
682 3571 760 3614 Diss.
784 3573 832 3614 II,
850 3579 906 3606 14:
925 3573 1048 3608 Pacta.
1069 3585 1162 3617 quae
1182 3576 1327 3618 turpem
1345 3586 1490 3609 causam
1511 3576 1713 3616 continent,
1734 3587 1806 3609 non
1825 3578 1910 3610 sunt
1928 3576 2167 3610 observanda.
2195 3576 2416 3614 LIEBER-

226 3626 393 3661 MAXN.
512 3631 546 3670 2)
576 3628 815 3662 Hmnbertum.
932 3633 967 3671 3)
994 3631 1115 3664 „Hense
1141 3632 1232 3665 Iulio
1261 3638 1415 3667 a.1234.

2458 2965 2492 2989 40
2542 2965 2554 2969 “’

2455 3254 2488 3278 45

2453 3582 2487 3608 50
