2558 3970
99 1055 150 1079 lul.

227 180 307 219 208
709 176 947 210 FRIDERICI
975 176 1018 210 ΙΙ,
1045 175 1471 211 CONSTITUTIONES.
1523 177 1620 211 1232.
1668 176 1731 210 Nr.
1749 176 1826 210 168.
1852 177 1927 211 169.

369 294 404 332 9.
440 291 547 332 Item
580 290 868 345 promiserunt
889 294 1069 345 utraque
1092 305 1191 345 pars
1215 291 1406 332 eisdemk
1430 291 1598 345 legatiS,
1630 305 1703 331 suo
1736 292 1905 332 nomine
1932 295 1975 333 et
1997 292 2185 334 nomine¹
2210 292 2403 333 Romane

228 360 408 399 ecclesio
443 359 767 413 recipientibus.
805 363 845 398 ot
886 358 966 398 sibi
1000 358 1185 398 vicissim
1219 372 1295 413 per
1326 359 1668 414 stipulationem,
1709 373 1879 401 servare
1914 360 2057 402 omnia
2090 360 2290 402 mandata
2322 374 2404 414 que

227 427 307 466 illis
340 427 514 467 facient.
549 426 711 466 scilicet
743 426 911 479 utrique
944 426 1052 480 parti
1085 426 1151 467 vel
1184 427 1325 471 alteri,
1368 427 1409 467 in
1441 427 1633 468 articulis
1668 428 1970 482 suprascriptis
2003 432 2046 470 et
2079 441 2226 470 eorum
2258 442 2402 469 acces-

227 495 345 533 soriis
377 494 489 533 circa
521 494 636 548 ipsos
660 494 862 534 articulos
887 493 1109 534 occasione
1143 494 1265 534 istius
1295 495 1411 549 pacis
1433 494 1747 549 prosequende,
1780 495 1986 536 firmande
2010 495 2071 537 eti
2102 496 2405 547 consumande,

228 563 315 602 sive
349 561 614 616 prohibendo
649 576 700 603 110
734 561 894 616 aliquid
926 562 1014 606 fiat,
1048 562 1137 602 sive
1170 562 1446 617 precipiendo
1479 567 1525 603 ut
1556 562 1643 613 fiat,
1676 562 1787 617 quod
1819 563 1871 604 ad
1903 564 2021 618 pacis
2043 564 2264 619 negotium
2287 563 2404 606 vide-

228 630 345 669 11111ιιι
385 630 612 684 pertinere.
675 630 730 670 Et
771 630 848 670 hoc
891 630 1054 685 possint
1094 631 1319 684 precipere
1352 631 1439 672 sive
1483 630 1710 685 prohibere
1743 630 1821 671 sub
1856 644 1938 685 qua
1967 645 2079 686 pena
2110 631 2299 673 viderint
2331 646 2406 673 cx-

227 697 392 751 pcdirc.
439 703 655 739 reservata
705 698 865 739 eisdem
908 698 1061 752 legatis
1101 703 1144 739 ct
1185 698 1354 739 domino
1396 713 1506 753 papo
1540 702 1757 754 potestate
1790 699 2120 754 interpretandi,
2167 700 2202 741 si
2235 699 2408 755 aliquod

227 765 400 805 dubium
433 766 600 809 fuci-itu,
633 766 685 807 ad
718 780 838 807 suam
872 767 1162 808 voluntatem⁰
1196 767 1338 807 omnia
1372 766 1632 821 supradicta.

378 837 436 875 10.
479 834 571 875 Hoc
612 839 707 875 acto
751 835 792 874 in
836 835 926 889 ipso
975 835 1279 889 compromisso
1320 835 1542 876 voluntate
1588 835 1778 889 ipsorum
1817 834 2058 889 legatorum
2104 839 2147 876 et
2187 835 2407 877 voluntate

228 903 446 956 utriusque
480 903 631 957 partis.
672 903 834 944 scilicet
867 902 978 956 quod
1011 902 1082 943 ille
1116 903 1334 953 civitates,
1367 904 1462 944 loca
1494 904 1588 944 velp
1620 907 1761 945 castra
1792 907 1865 944 aut
1896 917 2077 958 persone
2110 917 2192 958 que
2225 908 2324 945 sunt
2353 903 2407 945 de

229 971 466 1012 Societate.
510 972 543 1011 si
577 972 807 1014 voluerint.
848 970 1129 1011 admittantur
1157 975 1199 1011 et
1241 972 1501 1026 recipiantur
1542 971 1594 1012 ad
1635 972 1771 1012 simile
1806 972 2109 1012 commissumq
2141 975 2182 1013 et
2214 986 2408 1027 compro-

192 1074 195 1078 .
227 1039 402 1079 missum
448 1040 488 1079 in
529 1039 725 1079 omnibus
765 1044 807 1080 ct
848 1053 923 1094 per
962 1039 1105 1079 omnia
1143 1039 1240 1080 hinc
1274 1039 1326 1080 ad
1359 1039 1469 1081 VIII
1502 1039 1594 1082 dies
1627 1043 1724 1095 post
1760 1040 1917 1082 festum
1950 1041 2087 1081 sancti
2118 1040 2324 1082 Iohannis
2356 1040 2409 1083 de

229 1120 374 1148 11101150
409 1108 518 1148 1111111
552 1108 747 1162 proximo
782 1112 974 1149 venturo.

379 1180 434 1217 ΙΙ.
471 1177 651 1231 Insuper
684 1176 1005 1230 prenominatus
1039 1175 1245 1229 magister
1277 1175 1554 1217 Hermannus
1587 1177 1900 1232 procuratorio¹'
1934 1177 2105 1217 nomine
2135 1176 2297 1217 domini
2330 1177 2408 1233 im-

228 1245 440 1299 por-aroris
475 1249 515 1286 ct
557 1259 632 1299 pro
665 1245 760 1298 ipso
794 1244 962 1284 domino
997 1244 1253 1298 imperatore
1286 1245 1483 1298 promisit
1515 1245 1816 1299 stipulationes
1849 1246 2076 1300 sollempni
2108 1244 2212 1300 ipsis
2242 1245 2409 1299 legatis,

228 1327 303 1353 suo
339 1313 506 1353 nomine
540 1319 582 1354 et
615 1313 784 1354 nomine
816 1312 1008 1353 Romane
1050 1313 1235 1353 ecclesie
1270 1312 1596 1367 recipientibus,
1641 1318 1683 1354 et
1720 1314 1825 1368 ipsis
1859 1314 2094 1355 rectoribus
2128 1318 2170 1354 et
2204 1314 2410 1355 011111οΧ0-

228 1381 408 1422 toribus.
449 1381 618 1421 nominc
661 1380 868 1421 dictarum
902 1381 1121 1422 civitatum
1155 1385 1197 1421 ct
1233 1381 1405 1422 nomine
1440 1381 1669 1422 Societatis
1701 1383 1868 1437 prefate
1900 1382 2179 1434 Lombardie‚
2219 1382 2411 1423 Marchie

229 1461 270 1490 01
301 1449 528 1491 Romaniot
563 1449 889 1504 recipientibus,
924 1449 1001 1490 sub
1034 1449 1147 1490 dicta
1179 1463 1292 1504 pona
1324 1450 1474 1504 viginti
1506 1451 1669 1491 milium
1701 1464 1939 1492 marcarum
1972 1451 2159 1505 argenti,
2192 1450 2304 1506 quod
2336 1450 2411 1491 do-

229 1519 366 1557 minus
399 1519 629 1572 imperator
671 1518 836 1558 firmum
880 1523 922 1558 ct
963 1522 1101 1558 ratum
1144 1517 1318 1558 habebit
1351 1518 1549 1573 quicquid
1590 1519 1847 1574 promissum
1882 1524 1948 1560 est
1981 1533 2111 1573 supra
2141 1534 2219 1574 per
2251 1519 2411 1560 dictum

229 1586 475 1639 magistrum
510 1587 821 1638 Hermannum,
855 1591 896 1627 01
927 1586 1039 1641 quod
1072 1586 1268 1627 dominus
1299 1587 1534 1642 imperator
1566 1588 1695 1628 faciet
1725 1588 1855 1628 filium
1889 1602 2010 1628 suum
2043 1588 2264 1629 dominum
2287 1588 2406 1629 Hen-

227 1656 358 1696 ricum
390 1655 597 1696 illustrem
630 1655 920 1696 Romanorum
953 1669 1099 1709 regem
1132 1655 1296 1695 firmum
1331 1660 1373 1696 et
1404 1660 1544 1696 ratum
1576 1656 1735 1697 habere
1769 1656 1969 1710 quicquid
2002 1670 2132 1711 supra
2162 1670 2240 1711 per
2271 1657 2409 1712 ipsum

230 1725 476 1778 magistrum
510 1724 805 1764 Hermannum
839 1725 1094 1779 promissum
1127 1728 1192 1765 est
1224 1725 1266 1764 in
1299 1725 1495 1766 omnibus
1530 1729 1572 1766 et
1604 1739 1681 1780 per
1712 1725 1856 1765 omnia
1889 1724 1965 1765 sub
1988 1724 2103 1766 dicta
2134 1739 2259 1779 pena.
2317 1725 2412 1773 Qua

229 1793 366 1833 soluta
400 1793 465 1833 vel
498 1799 621 1844 nonu,
653 1793 948 1846 prenominata
980 1793 1121 1833 omnia
1153 1797 1196 1834 et
1230 1793 1399 1847 singula
1431 1793 1473 1833 in
1506 1807 1583 1834 sua
1615 1807 1784 1848 semper
1818 1797 2019 1834 maneant
2050 1793 2266 1835 firmitate.

374 1861 492 1915 Egov
524 1861 752 1901 Iaeobinus
785 1860 998 1915 quondam
1022 1861 1203 1902 Gratioli
1236 1861 1347 1902 filius
1370 1860 1672 1913 Bononiensis,
1706 1862 1964 1903 auctoritate
1996 1862 2211 1917 imperiali
2233 1866 2276 1903 et
2298 1876 2411 1903 nunc

229 1929 437 1970 dictorum
472 1935 684 1970 rectorum
714 1930 919 1977 notarius,
953 1930 1149 1971 omnibus
1172 1929 1376 1984 predictis
1399 1931 1576 1971 interfui
1608 1930 1897 1985 mandatoque
1920 1930 2107 1985 ipsorum
2131 1930 2411 1972 cardinalium

230 2006 270 2039 et
301 2008 453 2052 rogatu
486 1999 669 2053 partium
703 1998 937 2052 subscripsi
971 2002 1014 2040 et
1045 1998 1272 2053 publicavi,

262 2202 360 2244 169.
397 2203 700 2245 ARTJCUL]
731 2202 1103 2245 ACCESSORH
1129 2202 1395 2244 FORMAE
1427 2202 1856 2246 COMPROMISSI
1882 2203 2121 2246 ADDITI.
2184 2203 2294 2247 Mai.
2318 2206 2382 2244 13.

375 2283 587 2335 Leqemtar
632 2284 674 2323 in
724 2283 760 2337 1)
800 2283 990 2335 Rcyistro
1037 2283 1231 2335 Gregorii
1260 2283 1342 2333 IX,
1389 2284 1550 2325 omissis
1596 2284 1808 2336 aliquibus
1853 2284 2090 2335 sententiis;
2135 2296 2236 2325 usus
2276 2287 2335 2325 est
2372 2297 2416 2325 eo

233 2352 391 2393 Surioli
420 2352 510 2401 III,
533 2357 570 2401 2,
595 2355 676 2392 11&
687 2367 698 2401 ;
741 2352 784 2405 22)
818 2352 944 2392 Libro
967 2351 1129 2392 Poteris
1154 2351 1231 2405 fol.
1255 2354 1351 2401 295,
1383 2366 1402 2392 c
1432 2366 1511 2404 quo
1542 2352 1670 2393 edidit
1705 2352 1919 2394 Valentini
1944 2366 1984 2403 p.
2005 2355 2072 2394 60.
2105 2377 2158 2380 —
2190 2352 2414 2394 Huillard-

232 2419 445 2461 Bre'lmlles
476 2420 556 2469 IV,
579 2423 675 2461 3522.
2061 2420 2132 2474 (P.
2153 2420 2273 2473 297.)

376 2535 423 2574 In
457 2535 626 2575 nomine
660 2534 863 2575 Domini³
894 2549 1030 2576 amen.
1097 2535 1221 2576 Anno
1254 2534 1446 2576 eiusdem
1469 2533 1782 2586 MOOXXXH,
1815 2535 1944 2577 indic.
1968 2535 2018 2586 V,
2053 2535 2120 2576 die
2151 2534 2266 2576 Iovis
2289 2534 2414 2576 XIII.

233 2604 416 2643 intrante
448 2617 596 2643 mense
630 2602 774 2653 Madii,
809 2603 1101 2658 temporibusb
1135 2603 1296 2644 domini
1329 2617 1438 2659 pape
1465 2602 1679 2658 Gregorii,
1712 2604 1755 2644 in
1789 2604 1964 2644 civitate
1995 2603 2144 2644 Padue
2177 2602 2291 2658 apud
2324 2603 2413 2658 epi-

234 2679 468 2725 scopatum,
502 2672 542 2712 in
566 2672 656 2711 sala
679 2671 830 2712 domus
853 2671 1012 2712 domini
1035 2671 1260 2712 1101010111ὓ
1282 2673 1475 2713 00000101
1497 2672 1704 2722 paduani,
1734 2671 2008 2726 presentibus
2032 2671 2216 2712 testibus
2239 2671 2414 2726 rogatis,

234 2741 398 2780 scilicet
431 2740 598 2780 domino
633 2740 790 2780 Iacobo
823 2739 904 2779 Dei
938 2741 1075 2794 gratia
1109 2741 1311 2794 episcopo
1344 2739 1570 2790 Paduano,
1618 2739 1816 2780 domino‘l
1848 2739 2056 2781 Nicholao
2091 2739 2244 2781 eadem
2276 2741 2414 2794 gratia

234 2808 399 2862 Regino
434 2809 656 2863 episcopo.
696 2808 866 2849 domino
901 2808 1084 2849 Iordano
1126 2809 1266 2864 priore
1301 2809 1449 2850 Sancti
1481 2808 1704 2849 Benedicti
1736 2809 1788 2850 de
1820 2808 1987 2859 Padua,
2029 2809 2263 2863 magistroe
2294 2808 2410 2863 Ray-

235 2876 360 2916 naldo
394 2877 616 2930 capellano
647 2877 805 2917 domini
828 2876 973 2918 Iacobi
997 2877 1239 2918 Prenestini
1274 2877 1411 2927 electi,
1443 2877 1649 2931 magistro
1681 2876 1835 2931 Egidio
1868 2876 2072 2931 scriptore
2095 2875 2256 2917 domini
2288 2890 2411 2931 pape,

233 2944 402 2984 domino
442 2944 619 2985 Oddone
653 2944 704 2985 de
736 2944 932 2986 Fontana
975 2946 1067 2986 cive
1099 2945 1369 2996 Placentino,
1414 2946 1616 2999 magistro
1650 2943 1858 2986 Ohazolof
1897 2945 1950 2986 de
1983 2944 2134 2986 Laudo
2167 2949 2209 2985 et
2242 2944 2412 2985 domino

233 3014 505 3053 Alamannoss
537 3013 588 3054 de
623 3013 923 3054 Cresccnzano
968 3013 1204 3054 iudicibush
1246 3014 1474 3068 potestatis
1506 3012 1655 3054 Padue
1698 3013 1757 3054 cti
1787 3013 1995 3067 magistro
2029 3012 2330 3067 Cognoscente
2361 3012 2414 3054 de

234 3081 462 3121 Florentia.

377 3194 458 3227 16³.
494 3194 526 3235 k)
554 3197 634 3238 ipsis
660 3196 691 3229 ’2.
808 3195 830 3235 ¹)
857 3198 989 3229 1101111110
1016 3202 1047 3229 01
1073 3198 1103 3229 2.
1199 3199 1241 3238 ¹¹¹)
1267 3197 1388 3229 viderit
1411 3195 1443 3227 ⁹2.
1551 3199 1583 3236 ¹¹)
1611 3196 1675 3249 suit
1698 3195 1731 3228 2.
1824 3197 1856 3235 0)
1882 3196 1924 3228 ad
1949 3207 1974 3228 s.
2000 3197 2067 3229 vol.
2094 3196 2162 3229 cles.
2181 3195 2210 3228 l.
2304 3195 2337 3237 P)
2362 3196 2416 3228 vel

237 3253 309 3284 loca
337 3254 366 3283 2.
462 3260 492 3282 ’11
520 3254 720 3294 promissum
747 3254 777 3285 2.
831 3255 835 3260 '
874 3260 901 3294 r„
928 3262 1124 3296 procurator
1141 3252 1172 3285 ⁶2.
1267 3255 1295 3294 Β)
1321 3254 1461 3296 stipulat
1482 3253 1515 3291 1;
1541 3253 1671 3295 stipullt
1694 3252 1726 3285 2.
1828 3251 1854 3294 t)
1879 3253 2050 3294 Romagne
2067 3251 2098 3285 2.
2193 3252 2226 3294 ¹¹)
2251 3257 2366 3285 contra
2383 3252 2415 3285 2.

236 3316 252 3331 V
296 3311 365 3351 Eg«,
392 3326 431 3330 —
459 3317 489 3341 01
517 3310 689 3351 publicavi
716 3310 782 3342 des.
802 3309 842 3343 32:
869 3310 888 3341 3
914 3311 975 3342 sic:
1007 3312 1092 3352 Ego
1124 3310 1330 3352 magister
1363 3311 1626 3343 ltolandinus
1659 3310 1707 3342 ‹le
1732 3310 1875 3341 Padua
1905 3310 2145 3351 imperialis
2170 3310 2416 3343 maiestatis

236 3367 436 3398 notarius
479 3367 673 3408 predicto
714 3369 937 3399 commisso
979 3373 1019 3399 ct
1060 3368 1370 3409 compromisso
1409 3368 1598 3408 aliisque
1639 3367 1832 3398 omuibus
1873 3367 2190 3408 suprascriptis
2231 3366 2416 3399 interfui

236 3424 518 3464 mandatoque
545 3424 731 3465 ipsorum
758 3425 1022 3457 dominorum
1049 3425 1340 3456 cardinalium
1366 3429 1406 3456 et
1431 3425 1658 3456 voluntate
1684 3423 1877 3465 magistri
1902 3423 2239 3474 'seut-onicorum
2264 3423 2415 3465 scripsi

236 3487 274 3512 01
300 3481 533 3522 publicavi.

376 3547 459 3580 169.
492 3554 521 3587 ὃ)
549 3550 624 3580 Iesu
650 3550 772 3581 (31111511
799 3550 829 3580 2.
974 3549 1003 3590 b)
1041 3550 1246 3591 temporibus
1272 3567 1314 3571 ’-
1340 3549 1493 3591 Gregorii
1518 3548 1586 3580 cles.
1603 3548 1634 3579 2.
1776 3547 1805 3589 c)
1842 3547 1950 3579 Laudi
1978 3546 2006 3579 1.
2147 3545 2180 3589 d)
2213 3548 2347 3580 domino
2373 3565 2416 3569 —

237 3607 390 3648 episcopo
416 3606 481 3637 des.
505 3605 531 3637 l.
625 3611 652 3646 Θ)
679 3607 837 3647 magistro
857 3624 896 3628 —
916 3607 989 3638 cive
1015 3607 1213 3638 Placentino
1239 3606 1306 3638 des.
1329 3605 1356 3637 1.
1452 3603 1482 3646 f)
1511 3605 1634 3637 Gazolo
1659 3605 1692 3636 2.
1787 3604 1819 3644 8)
1845 3604 2046 3636 Allamanno
2071 3603 2100 3635 2.
2197 3602 2230 3647 h)
2256 3605 2366 3636 iudice
2387 3602 2415 3635 l.

237 3661 261 3702 i)
288 3669 318 3694 et
345 3680 385 3684 —
412 3662 581 3694 Florentia
608 3663 674 3694 cles.
696 3662 724 3694 l.

2446 922 2479 946 lo

2448 1260 2479 1285 15

2447 1604 2481 1632 20

2447 1951 2481 1976 25

2451 2434 2483 2460 ³0

2450 2827 2481 2853 35

2451 3201 2484 3226 40

2451 3483 2482 3509 45
