2558 3970
527 139 739 174 HEINR-ICI
768 139 909 175 REGIS
935 139 1368 175 CONSTITUTIONES.
1421 141 1516 175 1233.
1558 140 1655 175 1234.
1707 141 1766 175 Nr.
1785 142 1863 176 316.
1888 142 1966 176 317.
2259 144 2338 184 427

292 255 453 298 Notum
486 256 539 296 sit
570 256 821 311 paternitati
854 262 1009 301 vestre.
1044 255 1156 311 quod
1190 269 1267 297 nos
1300 256 1549 310 diligentius
1583 257 1858 298 attendentes
1893 262 2114 312 paternam
2138 271 2241 311 erga
2263 271 2340 298 nos

149 324 235 366 divi
275 325 442 380 augusti
483 325 616 380 patris
657 325 792 366 nostri
824 324 1011 366 domini⁸
1043 323 1134 366 FrJ*
1168 324 1461 365 Romanorum
1503 326 1795 381 imperatoris.
1838 325 2077 367 Ierusalem
2110 331 2153 367 et
2187 325 2334 367 Sicilie

149 394 261 448 regis
294 393 473 435 illustris
515 393 850 434 benivolentiam
884 397 927 435 et
966 393 1174 436 favorem.
1218 399 1263 434 ut
1296 394 1336 434 in
1369 393 1494 434 nobis
1528 395 1565 434 ei
1604 393 1713 434 bene
1747 395 2014 450 complaceat
2047 400 2089 436 et
2122 395 2338 450 principes

149 467 192 504 et
221 462 371 504 fideles
394 462 563 518 imperii
586 467 733 503 nostra
755 462 1061 503 unanimitatec
1094 463 1282 503 letentur
1305 468 1347 502 et
1370 462 1507 503 omnis
1531 464 1735 504 materies
1758 463 2114 518 tergiversantisd
2147 464 2337 519 nequitie

98 545 112 569 ε.
148 531 201 572 de
233 530 373 573 medio
405 531 577 587 penitus
610 531 843 583 auferatur,
876 535 993 572 motu
1026 531 1196 586 proprio
1221 536 1263 572 et
1287 535 1527 586 spontanea
1554 532 1774 572 voluntate
1799 533 2047 577 iuravimus.
2081 532 2192 588 quod
2217 533 2337 587 quic-

145 599 244 655 quid
277 604 320 642 et
351 601 550 656 quotiens
592 599 705 641 idem
746 600 851 641 felix
892 605 936 641 et
976 600 1149 641 inclitus
1191 604 1313 654 pater
1351 604 1498 641 noster
1535 600 1783 641 nobiscum⁰
1816 601 2015 656 disponet
2048 607 2120 642 aut
2152 615 2225 642 ore
2260 616 2336 642 suo

146 670 211 710 vel
243 669 401 711 litteris
433 670 522 710 suis
556 668 825 710 mandaverit
858 668 1116 712 faciendum.
1150 669 1392 710 voluntarie
1425 673 1468 709 et
1502 669 1614 710 bona
1638 669 1719 710 fide
1744 670 2054 725 complebimus
2077 684 2154 711 nec
2179 671 2337 711 erimus

146 738 186 779 in
220 737 347 785 dicto,
379 738 507 788 facto,
541 738 720 780 consilio
754 752 829 779 seu
862 752 1089 789 consensu.
1125 738 1191 779 vel
1225 738 1379 778 litteris
1413 737 1595 793 publicis
1629 739 1693 779 vel
1729 739 1907 780 occultis
1940 739 2098 794 aliquid
2133 753 2337 795 procura·

145 807 284 848 bimus
315 812 390 849 aut
422 809 648 863 quicquam
680 807 912 850 faciemus.
955 806 1068 862 quod
1101 806 1153 847 ad
1187 806 1501 848 incommodum
1535 812 1579 848 et
1610 807 1841 863 dampnum
1875 822 2058 863 persone
2093 822 2167 849 seu
2202 814 2330 850 terre.

78 886 110 912 ¹0
146 877 318 919 honoris
351 881 394 918 et
425 876 646 932 dignitatis
679 891 755 918 sue
788 875 1094 918 detrimentum
1132 875 1271 917 eidem
1305 877 1414 932 patri
1448 881 1593 917 nostro
1628 876 1765 918 cedat.
1828 877 1873 918 Si
1907 878 1999 932 quis
2033 883 2175 918 autem
2202 878 2268 918 vel
2304 879 2336 918 si

144 945 238 1002 quir
267 946 409 989 verbis
443 946 511 988 vel
542 946 667 987 factis
709 946 886 1001 privatis
920 946 987 987 vel
1032 945 1273 987 manifestis
1307 945 1467 1001 aliquid
1501 946 1768 1000 suggesserit
1800 947 1869 987 vel
1903 947 2182 1001 persuaserit,
2228 947 2336 1001 quod

143 1017 196 1057 sit
228 1021 376 1058 contra
408 1014 593 1058 eundem
626 1019 795 1070 patrem
826 1019 1031 1066 nostrum,
1066 1015 1213 1056 statim
1245 1029 1323 1070 per
1354 1015 1523 1056 litteras
1556 1015 1624 1056 vel
1658 1029 1735 1070 per
1767 1016 1959 1056 nuntium
1996 1015 2136 1056 eidem
2161 1015 2332 1056 domino

145 1087 252 1143 patri
286 1090 430 1128 nostro
463 1085 734 1127 studebimus
773 1085 1099 1140 suggerentium
1132 1085 1330 1126 intimare
1374 1098 1601 1140 personas,
1646 1089 1688 1125 et
1719 1085 1965 1125 nullatenus
2000 1085 2131 1126 verba
2163 1084 2236 1125 illa
2269 1086 2335 1125 vel

144 1157 257 1196 facta
288 1155 502 1211 patiemur
532 1159 681 1195 contra
713 1168 810 1196 eum
844 1154 1006 1196 habere
1030 1167 1293 1210 processum.
1344 1153 1413 1194 Ad
1435 1154 1642 1195 maiorem
1666 1167 1833 1209 quoque
1859 1154 2087 1201 cautelam,
2121 1159 2167 1194 ut
2189 1159 2336 1209 preter

76 1237 106 1260 ¹⁵
143 1223 417 1266 iurisiurandi
455 1237 632 1280 penam.
673 1237 755 1279 que
792 1223 1098 1279 triumphantis
1133 1222 1516 1265 ecclesie'iudicio
1550 1223 1776 1278 irrogatur,
1821 1224 1854 1263 si
1897 1227 2046 1263 contra
2079 1223 2335 1264 veniremus.

144 1307 324 1335 censure
358 1293 661 1335 subiaceamus
694 1293 879 1335 ecclesie
911 1293 1151 1343 militantis,
1184 1306 1314 1348 super
1346 1292 1425 1334 hoc
1458 1306 1536 1333 nos
1569 1291 1772 1333 mandato
1805 1297 1849 1333 et
1880 1292 2163 1333 iurisdictioni
2189 1297 2336 1333 sancte

142 1363 339 1405 Romane
380 1362 562 1404 ecclesie
602 1361 656 1404 de
696 1375 905 1418 expressa
937 1367 980 1403 et
1010 1362 1200 1417 gratuita
1232 1362 1453 1403 voluntate
1486 1367 1634 1403 nostra
1666 1362 1919 1404 subicimus,
1963 1362 2022 1403 ita
2055 1361 2259 1403 videlicet
2292 1367 2337 1401 ut

142 1431 263 1474 nobis
296 1431 721 1474 contravenientibus
755 1432 796 1472 in
829 1432 973 1486 aliquo
1008 1431 1076 1472 vel
1108 1432 1150 1472 in
1183 1436 1333 1480 totum,
1366 1431 1497 1473 liceat
1521 1431 1642 1472 vobis
1676 1436 1719 1472 et
1752 1430 2074 1472 successoribus
2099 1431 2251 1471 vestris
2284 1430 2334 1472 ad

142 1501 464 1557 requisitionem
497 1501 600 1542 dicti
632 1501 766 1557 patris
799 1501 950 1553 nostri,
982 1501 1101 1542 nulla
1132 1500 1427 1542 admonitione
1460 1499 1673 1556 premissa
1695 1500 1763 1541 vel
1798 1501 1979 1555 strepitu
2012 1499 2155 1541 iudicii
2191 1499 2333 1540 obser-

74 1588 106 1613 20
142 1574 254 1622 vato,
286 1571 453 1612 ratione
485 1570 661 1626 periurii
695 1571 1090 1612 excommunicatos
1123 1584 1201 1612 nos
1225 1569 1478 1611 denuntiare
1503 1575 1546 1611 et
1570 1570 1628 1611 sic
1651 1583 1727 1625 pro
1752 1570 2134 1611 excommunicatis
2160 1569 2335 1616 habere,

141 1653 366 1696 quousque
397 1639 579 1696 proinde
612 1639 691 1681 deo
723 1644 766 1681 et
796 1639 989 1696 predicto
1022 1639 1193 1681 domino
1227 1639 1340 1695 patri
1376 1644 1522 1680 nostro
1549 1639 1869 1680 satisfaciamus
1902 1638 1955 1679 ad
1988 1639 2183 1694 plenum,
2217 1652 2265 1679 ac
2300 1640 2334 1679 si

142 1713 291 1751 contra
321 1723 401 1751 nos
435 1709 687 1766 sollempnis
719 1709 1178 1751 excommunicationis
1212 1709 1429 1750 sententia
1460 1709 1548 1749 lata
1579 1708 1704 1750 foret.
1766 1707 1834 1749 Ad
1857 1709 1977 1749 cuius
2000 1709 2059 1749 rei
2084 1709 2333 1749 memoriam

141 1792 320 1835 presens
366 1779 572 1835 scriptum
620 1779 713 1820 fieri
757 1783 800 1820 et
846 1779 965 1820 bulla
1007 1785 1169 1820 aurea&
1213 1778 1368 1834 tipario
1410 1783 1556 1819 nostre
1598 1778 1835 1819 maiestatis
1885 1778 2094 1832 impressa
2133 1778 2333 1818 iussimus

142 1849 410 1890 communiri.

71 1933 104 1958 2⁵
283 1917 405 1959 Dat.h
427 1917 541 1974 apud
558 1919 812 1973 Augustam.
837 1932 949 1959 anno
974 1917 1188 1959 dominice
1212 1918 1519 1958 incarnationis
1544 1917 1772 1957 millesimo
1792 1916 2091 1957 ducentesimo
2115 1917 2333 1957 tricesimo

140 1988 279 2037 tertio,
313 1992 462 2042 quarto
494 1986 596 2028 Idus
628 1987 835 2043 Aprelisi,
867 1987 1100 2028 indictione
1135 1986 1367 2029 seeundak.

836 2398 963 2468 317.
1016 2396 1634 2469 SENTENTIA

193 2512 336 2584 DE
390 2511 1082 2585 PROSCRIPTIS
1126 2512 1251 2583 ET
1295 2509 2277 2583 EXCOMMUNICATIS

473 2627 743 2700 IURE
787 2627 1257 2699 FEUDALI
1300 2624 2000 2698 CARENTIBUS.

72 2783 105 2808 ω
1027 2754 1169 2801 1234.
1208 2753 1352 2801 Febr.
1390 2754 1464 2800 10.

280 2895 409 2939 Dedit
437 2899 503 2939 vir
532 2898 581 2941 cl.
603 2897 795 2950 Philippi
825 2912 876 2940 ex
895 2900 1152 2953 autographo
1173 2899 1377 2941 tabularii
1407 2898 1581 2951 capituli
1608 2894 1977 2943 Osnabruckensis,
2009 2894 2128 2934 cuius
2148 2893 2332 2946 sigillum

139 2966 322 3019 deperiit.
393 2965 460 3022 CJ‘.
498 2968 674 3010 similem
722 2968 907 3010 Com-adi
939 2968 1018 3013 IV.
1059 2969 1306 3011 sententiam
1344 2981 1383 3011 a.
1408 2968 1528 3008 1237.
1560 2965 1658 3008 Dee.
1705 2965 1843 3006 datam
1889 2962 2006 3014 infra
2043 2975 2109 3002 nr.
2136 2964 2232 3003 330.
2277 2987 2330 2992 ——-

144 3034 210 3090 Cf.
232 3035 685 3079 fflzillard-Brelzolles
716 3037 794 3088 IV,
818 3040 900 3079 634
931 3041 1010 3080 ext.
1071 3037 1265 3087 Bo'lmeer,
1299 3036 1397 3090 Ray.
1432 3037 1526 3089 imp.
1563 3035 1606 3086 V,
1629 3036 1753 3075 4303.
1947 3029 2018 3084 (P.
2042 3030 2184 3084 deest.)

282 3163 338 3204 H.
379 3163 464 3205 Dei
502 3163 640 3219 gratia
677 3163 968 3205 Romanorum
1007 3178 1086 3206 rex
1130 3168 1174 3205 et
1217 3178 1388 3219 semper
1427 3167 1634 3218 augustus
1673 3161 1885 3202 universis
1928 3158 2094 3214 imperii
2128 3157 2327 3199 fidelibus

75 3246 106 3272 ³5
142 3231 295 3286 quibus
326 3245 506 3288 presens
537 3232 682 3273 littera
718 3233 849 3274 fuerit
881 3237 1059 3274 ostensa
1090 3233 1274 3287 gratiam
1308 3245 1428 3273 suam
1461 3236 1504 3272 et
1535 3244 1661 3272 omne
1695 3230 1867 3270 bonum.
1988 3227 2197 3268 Omnibus
2231 3240 2328 3267 esse

141 3302 289 3341 notum
320 3300 532 3352 volumus,
566 3302 680 3356 quod
711 3302 754 3343 in
788 3303 998 3358 solempni
1023 3301 1392 3343 Vrankenevorde
1426 3301 1542 3341 curia
1564 3304 1711 3340 nostra
1733 3298 1949 3353 plerisque
1973 3297 2144 3351 imperii
2169 3297 2327 3351 princi-

141 3368 266 3423 pibus
296 3369 420 3411 nobis
442 3370 771 3423 assidentibus³‚
805 3371 960 3413 abbate
985 3371 1130 3413 Sancti
1154 3370 1269 3412 Galli
1301 3370 1559 3411 sententiam
1583 3368 1785 3409 dictante.
1820 3381 1843 3407 a
1867 3365 1989 3406 nobis
2013 3364 2329 3406 sententialiter

275 3483 361 3519 316.
393 3486 424 3527 ³²)
449 3487 554 3529 patris
579 3487 684 3520 nostri
709 3488 837 3520 domini
863 3488 898 3519 in
924 3499 1061 3529 rasura,
1088 3492 1277 3519 atramento
1299 3485 1489 3528 pallidiore
1507 3484 1662 3526 suppleta
1679 3483 1714 3514 iu
1734 3482 1762 3515 l.
1838 3479 1868 3522 b)
1896 3481 2057 3513 Frideriei
2076 3479 2107 3513 3.
2188 3486 2217 3522 ο)
2244 3492 2326 3512 una-

142 3541 258 3575 mitate
284 3542 313 3576 1.
407 3541 440 3586 d)
464 3544 752 3586 tergiversationis
776 3544 808 3578 3.
926 3546 954 3586 e)
983 3546 1157 3578 vobiscum
1185 3544 1213 3576 1.
1332 3542 1364 3583 f)
1390 3554 1455 3584 que
1479 3540 1511 3574 2.
1536 3542 1567 3574 3.
1687 3539 1718 3575 Β)
1743 3549 1844 3571 aureo
1873 3538 1902 3571 1.
2020 3536 2053 3577 ¹¹)
2080 3538 2207 3569 Datum
2236 3536 2266 3569 2.
2293 3536 2324 3569 3.

77 3607 111 3633 4⁰
143 3595 167 3639 i)
192 3599 317 3641 Aprilis
340 3598 371 3633 2.
398 3599 430 3634 3.
546 3599 581 3644 1ἰ)
607 3602 784 3645 legendum
809 3609 914 3637 sexta.

280 3666 370 3703 317.
401 3670 434 3712 ³)
460 3671 678 3705 affidentibus
704 3684 752 3705 or.

1985 3724 2053 3759 54*
