2558 3970
181 171 259 210 442
599 165 811 200 CONRADI
841 165 897 198 [V.
925 163 1350 198 CONSTITUTIONES.
1403 163 1500 196 1237.
1541 160 1636 194 1239.
1686 159 1747 193 Nr.
1765 159 1841 194 330.
1865 160 1941 193 331.

252 438 388 504 330.
446 430 1063 503 SENTENTIA
1115 431 1256 501 DE
1311 427 2294 501 EXOOMMUNICATIS

498 545 767 616 IURE
822 544 1295 615 FEUDALJI
1348 542 2042 614 CARENTIBUS.

1131 669 1272 716 1e37.
1311 669 1424 716 Dec.

328 815 520 855 &issimus
552 815 696 855 collato
727 811 980 864 ‹cutoyraplco
1012 810 1214 851 tabularii
1237 812 1352 863 requi
1373 811 1602 860 Bawariec',
1634 811 1700 851 cui
1721 811 1812 852 lora
1832 809 2141 850 nzembramwea
2162 804 2365 858 appendet

181 884 311 937 sigaille'
344 883 640 937 flammantum..
702 882 773 923 Eiz·
810 880 942 921 eodem
982 879 1091 920 edita
1129 881 1188 920 est
1226 880 1270 919 iu
1302 879 1588 920 Blonumentis
1625 879 1768 920 Boieis
1804 877 1951 928 XXX,
1982 881 2020 928 1,
2047 879 2132 918 267
2168 888 2236 915 ην.
2266 874 2361 914 758.
2418 887 2431 909 .-‚

188 952 253 1006 Cf.
288 952 459 993 similem
482 951 678 992 Ham-501?
709 950 815 1002 rcyis
836 948 1083 989 sententiam
1103 961 1142 989 a.
1162 950 1285 991 1234.
1308 948 1432 989 Febr.
1454 950 1506 988 10
1527 947 1668 989 datam
1690 960 1820 999 supra
1841 959 1906 988 nr.
1927 948 2022 987 317.
2057 970 2109 975 —
2141 942 2366 986 Huillard-
2400 940 2404 945 ’

183 1021 399 1063 Bre'lzolles
438 1019 482 1069 V,
507 1021 629 1062 1172.
689 1018 881 1067 Beleoner,
915 1017 1015 1070 Ray.
1048 1017 1146 1068 imp.
1179 1016 1224 1066 V,
1246 1018 1371 1058 4388.
2015 1014 2085 1069 (P.
2107 1015 2225 1064 324.)

326 1147 575 1188 Conradusa
618 1146 701 1186 divi
742 1144 915 1199 augusti
955 1142 1225 1197 imperatoris
1268 1141 1475 1184 Eriderici
1514 1142 1646 1194 filius,
1686 1141 1769 1183 Dei
1811 1141 1952 1197 gratia
1990 1140 2282 1181 Romanorum
2324 1139 2368 1179 in

185 1232 329 1272 regem
363 1217 526 1257 electus
565 1228 735 1269 semper
767 1217 975 1267 augustus
1008 1215 1050 1252 et
1082 1211 1207 1252 heres
1249 1211 1368 1266 regni
1401 1210 1779 1252 Ierosolimitanib.
1899 1209 2069 1252 Tenore
2102 1209 2366 1264 presentium

188 1293 334 1327 notum
369 1299 465 1326 esso
500 1285 692 1325 volumus
726 1281 960 1330 universis,
1001 1279 1112 1334 quod
1145 1278 1198 1320 ad
1230 1280 1551 1334 requisitionem
1585 1279 1730 1320 dilecti
1762 1279 1985 1320 familiaris
2018 1278 2151 1319 nostri
2182 1277 2365 1318 honora·
2404 1288 2436 1312 10

186 1356 282 1396 bilis
317 1354 519 1410 principis
552 1351 721 1406 imperii
755 1349 1012 1391 Eistetensis
1047 1347 1251 1403 episcopi,
1286 1349 1567 1389 asistentibus
1599 1348 1724 1390 nobis
1756 1347 2020 1403 principibus
2054 1351 2096 1388 et
2128 1346 2222 1387 aliis
2245 1345 2369 1387 nobi-

186 1423 295 1463 libus
330 1437 456 1477 quam
490 1422 698 1477 plurimis,
733 1420 830 1460 talis
864 1419 905 1459 in
937 1417 1153 1473 presentia
1186 1420 1333 1457 nostra
1364 1417 1450 1457 lata
1481 1417 1562 1458 fuit
1594 1418 1816 1458 sentencia
1848 1422 1891 1458 et
1914 1416 1966 1458 ab
1992 1415 2190 1457 omnibus
2214 1428 2369 1471 appro-

186 1492 303 1533 bata:
349 1490 458 1545 quod
500 1490 640 1531 nullus
688 1487 1080 1530 excommunicatus
1129 1489 1333 1540 tanquam
1376 1486 1628 1527 comunione
1666 1485 1858 1527 fidelium
1900 1485 2093 1540 privatus
2131 1484 2259 1526 feodo
2293 1497 2370 1524 suo

187 1576 207 1602 a
243 1561 413 1601 domino
448 1573 538 1600 suo.
572 1558 624 1599 de
658 1557 776 1598 ouius
808 1569 936 1596 manu
960 1554 1001 1594 id
1024 1554 1219 1608 accipere
1243 1553 1386 1603 debet,
1420 1554 1691 1609 aliquatenus
1715 1554 1873 1596 debeat
1896 1553 2118 1604 infeodari,
2154 1567 2250 1594 cum
2271 1554 2371 1595 talis

187 1630 239 1671 ad
272 1636 391 1671 actus
431 1629 646 1683 legitimos
684 1626 930 1667 nullatenus
963 1624 1017 1664 sit
1049 1622 1353 1664 admittendus.
1415 1622 1541 1664 Unde
1574 1623 1627 1664 ad
1670 1623 2028 1678 supplicationem
2063 1621 2245 1677 predicti
2277 1622 2365 1677 epi·
2408 1635 2438 1660 15

189 1699 304 1753 scopi
339 1697 520 1739 eandem
553 1696 819 1737 sentenciam
853 1692 1063 1735 conscribi
1094 1692 1276 1733 fecimus
1310 1696 1352 1733 et
1385 1692 1525 1747 sigillo
1558 1693 1678 1747 regio
1713 1692 1918 1733 roborari.

337 1769 493 1807 Actum
526 1764 637 1820 apud
669 1764 934 1818 Hagenowe‚
970 1775 1116 1802 mense
1150 1760 1394 1812 Decembr.7
1428 1760 1651 1801 undecimo
1685 1760 1940 1801 indictionis.

885 2182 1012 2249 331.
1069 2178 1686 2250 SENTENTIA

191 2300 332 2371 DE
387 2297 665 2370 LOCO
716 2293 1421 2368 COMPETENTI
1471 2291 2376 2366 MOLENDINORUM.

1140 2419 1282 2467 1239.
1322 2420 1441 2478 Apr.
2413 2439 2447 2465 20

336 2566 463 2608 Dedit
503 2564 672 2607 Ficlcler
711 2564 899 2617 ‘Quellen
936 2563 1025 2604 und
1054 2563 1350 2615 Forsclcwzssen
1386 2577 1461 2605 aar
1495 2564 1730 2607 Gesehichte
1767 2577 1846 2605 von
1885 2563 2123 2606 Schwaben‘
2151 2564 2207 2604 83
2235 2574 2302 2604 nr.
2325 2563 2380 2603 39

194 2652 243 2679 ea:
281 2635 516 2689 allow-apim
555 2647 695 2675 coaevo
742 2633 944 2674 tabularii
988 2632 1235 2684 reipublicae
1275 2631 1613 2683 Schaffhusanae
1659 2639 1731 2687 (=
1774 2631 2106 2675 Urlczmdenbach
2143 2631 2218 2672 der
2261 2630 2381 2672 Stadc

202 2706 295 2749 L'lm
326 2705 361 2755 Ι,
387 2705 471 2753 59).
506 2728 559 2732 ——
591 2703 783 2752 Bolwner,
816 2702 914 2755 Ray.
946 2702 1042 2753 imp.
1075 2700 1120 2751 V,
1141 2702 1267 2743 4399.
2002 2700 2072 2755 (P.
2094 2700 2237 2751 deest.)

339 2830 563 2872 Cunradus
603 2828 688 2870 divi
730 2828 901 2883 augusti
940 2827 1209 2882 imperatoris
1249 2827 1318 2867 Fr.
1361 2827 1492 2879 filius,
1535 2826 1616 2868 Dei
1658 2826 1804 2881 gracia
1834 2827 2127 2869 Romanorum
2158 2827 2202 2868 in
2234 2839 2380 2882 regem

197 2901 361 2941 electus
408 2914 578 2955 semper
619 2902 828 2953 augustus
867 2902 908 2939 et
953 2897 1079 2938 heres
1123 2897 1245 2951 regni
1285 2895 1521 2937 Ierusalem
1560 2895 1773 2937 universis
1812 2900 1898 2937 tam
1936 2896 2210 2952 presentibus
2251 2909 2378 2951 quam
2415 2909 2447 2934 25

198 2969 346 3009 futuris
380 2982 559 3023 presens
583 2967 785 3022 scriptum
809 2966 958 3006 visuris
982 2966 1023 3006 in
1046 2970 1315 3020 perpetuum.
1407 2964 1575 3006 Tenore
1605 2965 1870 3019 presentium
1893 2969 2040 3006 notum
2064 2978 2161 3022 esse
2185 2965 2380 3006 volumus

198 3048 239 3078 et
283 3042 581 3092 protestamur,
625 3035 738 3090 quod
771 3049 866 3076 eum
898 3035 951 3075 ad
992 3034 1242 3075 instantiam
1274 3033 1536 3074 venerabilis
1576 3033 1743 3074 abbatis
1777 3037 1819 3074 et
1851 3037 2084 3075 conventus
2117 3032 2170 3074 de
2203 3032 2382 3075 Seafusa

199 3105 387 3147 fidelium
438 3109 678 3146 nostrorum
726 3103 1002 3145 Eberhardus
1053 3102 1191 3143 dictus
1232 3102 1405 3143 Briimsi
1447 3101 1551 3142 civis
1593 3100 1902 3143 Scafhusensis
1952 3103 1995 3143 in
2037 3106 2185 3143 nostra
2227 3101 2382 3143 fuisset

200 3174 418 3228 presentia
452 3174 721 3218 eonstitutus,
758 3186 884 3227 super
913 3173 1004 3213 loco
1028 3170 1274 3222 molendini,
1307 3170 1420 3225 quod
1452 3169 1564 3211 idem
1587 3169 1866 3211 Eberhardus
1898 3171 1939 3211 in
1969 3170 2249 3226 preiudicium
2277 3169 2379 3211 dicti

200 3243 446 3283 monasterii
471 3247 716 3283 construere
740 3241 1003 3289 intendebat,
1037 3240 1208 3281 tandem
1232 3239 1284 3280 ad
1311 3239 1638 3294 requisicionem
1664 3239 1852 3294 ipsorum
1875 3238 2041 3280 abbatis
2064 3243 2108 3280 et
2131 3243 2377 3290 conventus,
2415 3253 2448 3277 30

201 3311 539 3366 approbantibus
580 3316 723 3352 tamen
768 3315 810 3350 et
857 3310 1116 3351 dictantibus
1162 3309 1376 3350 universis
1424 3308 1494 3363 qui
1536 3307 1735 3356 aderant„
1781 3308 1878 3348 talis
1916 3308 2003 3349 lata
2044 3308 2125 3348 fuit
2165 3307 2380 3349 sententia

202 3394 342 3420 eoram
376 3380 516 3420 nobis:
559 3379 671 3433 quod
711 3379 853 3419 nullus
888 3379 1021 3433 possit
1052 3379 1094 3418 in
1126 3377 1302 3418 alterius
1334 3376 1615 3431 preiudicium
1649 3376 1944 3417 molendinum
1977 3380 2222 3417 construere
2254 3375 2296 3416 in
2329 3389 2380 3416 eo

204 3448 312 3493 loeo,
345 3448 413 3502 qui
447 3448 708 3501 legitimatus
741 3461 825 3488 non
859 3452 923 3488 est
957 3461 1030 3501 pro
1062 3447 1155 3487 loco
1179 3445 1423 3487 molendini.
1478 3444 1603 3484 Unde
1627 3444 1739 3486 idem
1763 3444 2041 3486 Eberhardus
2066 3444 2187 3485 iuxta
2208 3449 2381 3485 senten-

202 3517 305 3557 tiam
351 3516 603 3571 prelibatam
647 3517 775 3557 cessit
822 3517 934 3556 omni
975 3515 1168 3566 actione,
1212 3529 1293 3569 quo
1335 3518 1484 3555 contra
1523 3512 1634 3554 idom
1671 3513 1979 3554 monasterium
2021 3512 2101 3554 sibi
2133 3515 2378 3566 competere

286 3649 292 3656 ·
338 3640 423 3674 330.
457 3647 486 3677 a}
513 3642 635 3684 (3)an
662 3654 709 3673 or.
828 3641 857 3682 Ι»)
888 3641 994 3673 Irlmt.
1021 3654 1069 3673 or.
2417 3637 2446 3663 35
