2558 3970
205 174 284 212 422
668 169 881 203 HEINR-ICI
910 168 1044 203 REGIS
1070 168 1496 203 CONSTITUTIONES.
1546 170 1644 204 1231.
1694 169 1757 203 Nr.
1774 169 1852 204 308.
1877 170 1955 204 309.

207 300 229 325 a
268 290 410 325 nostra
456 284 687 325 serenitate
732 284 1009 324 recommissa
1050 283 1154 323 nulli
1194 282 1452 339 respondeat
1489 283 1555 323 vel
1593 283 1787 324 intendat
1825 284 1906 325 nisi
1944 284 2077 326 nobis.
2148 283 2216 324 Ad
2256 284 2374 325 cuius

205 355 304 394 facti
339 358 454 394 certa
488 353 643 393 indicia
676 357 919 408 presentem
952 352 1139 393 litteram
1173 352 1313 406 sigillo
1347 356 1490 392 nostro
1513 352 1816 392 communitam
1840 352 1920 406 ipsi
1943 352 2125 393 fecimus
2148 353 2373 406 assignari.

346 422 504 462 Datum
537 421 648 475 apud
684 420 987 471 Wmnnaciam,
1021 420 1117 461 Kal.
1152 420 1267 472 Maii,
1300 420 1444 461 indict.
1467 419 1571 461 IIII.

202 829 336 896 308.
383 823 953 895 SENTENTIA
995 823 1129 893 DE
1172 822 1466 894 BONIS
1510 821 2376 893 HAERETICORUM.

1111 948 1471 995 1231.1un.2.

344 1093 412 1133 Er
443 1091 696 1146 antoqrapleo
727 1093 771 1132 in
805 1092 1011 1133 tabulario
1043 1092 1225 1133 civitatis
1258 1092 1574 1134 Wormatiensis
1609 1094 1817 1133 asservato
1859 1092 2106 1143 exemplavit
2136 1092 2233 1133 olim
2270 1091 2304 1134 b.
2327 1105 2380 1132 m.

202 1160 405 1205 Bo'hmer:
437 1163 590 1201 tortum.
622 1161 922 1213 recogynovinms
944 1174 1014 1212 ope
1035 1160 1260 1201 editionum
1281 1161 1601 1201 novissimarum
1623 1174 1727 1213 quae
1748 1162 1867 1200 sunt.-
1899 1160 2105 1202 Bresslau
2127 1159 2382 1212 ‘Diplomata

203 1230 371 1269 centnm·
398 1232 450 1269 77
480 1243 543 1270 nr.
570 1230 621 1269 :35
653 1232 689 1269 ot
720 1229 830 1269 Boos
861 1229 1212 1271 ‘Urkmzdenbuch
1242 1229 1318 1269 der
1345 1228 1465 1271 Stadt
1492 1228 1666 1271 Worms’
1688 1229 1724 1279 I,
1748 1230 1830 1269 112
1859 1241 1923 1269 ην.
1946 1229 2040 1272 152.
2074 1255 2123 1259 -—
2158 1228 2382 1271 Huillard-

204 1297 420 1339 Brdleolles
452 1298 542 1348 HJ,
565 1301 659 1338 4602
722 1298 915 1347 Bo'lemer,
948 1298 1047 1351 Rey.
1081 1299 1175 1350 imp.
1209 1297 1254 1348 V,
1276 1299 1403 1339 4202.
2029 1297 2100 1351 (P.
2121 1299 2240 1352 284.)

345 1436 578 1477 Heinricus
610 1436 693 1478 Dei
725 1437 870 1492 gracia
891 1436 1180 1478 Romanorum
1214 1451 1293 1479 rex
1326 1440 1368 1478 et
1401 1450 1573 1492 semper
1603 1439 1812 1490 augustus
1837 1436 2047 1477 universis
2070 1435 2150 1477 hoc
2173 1436 2379 1491 scriptum

205 1505 479 1546 cernentibus
519 1506 709 1560 graciam
750 1520 869 1547 suam
911 1510 953 1547 et
985 1520 1111 1547 omne
1150 1500 1318 1548 bonum.
1442 1504 1666 1552 Quesitum
1697 1504 1777 1545 fuit
1808 1503 2050 1546 Wormatie
2085 1518 2228 1545 coram
2259 1504 2382 1546 nobis

205 1574 246 1613 in
281 1575 513 1615 sententia:
549 1575 614 1615 cui
647 1575 699 1616 de
732 1575 822 1616 iure
857 1575 1010 1616 cedere
1033 1575 1244 1616 deberent
1267 1574 1496 1616 cuiuslibet
1526 1574 1715 1614 hominis
1738 1574 1864 1625 bona,
1897 1573 1968 1628 qui
1996 1577 2173 1628 propter
2193 1573 2383 1616 heretice

205 1642 426 1696 pravitatis
470 1656 657 1684 errorem
697 1642 1083 1699 condempnaretur
1126 1643 1179 1685 ad
1223 1647 1418 1684 mortem.
1485 1642 1636 1683 Abbas
1668 1656 1770 1683 vero
1813 1641 1960 1683 Sancti
2000 1641 2114 1683 Galli
2152 1643 2383 1698 requisitus

205 1711 331 1751 talem
373 1711 658 1766 promulgavit
704 1713 961 1753 sententiam
1006 1713 1288 1768 approbatam
1337 1712 1389 1753 ab
1436 1711 1651 1753 omnibus:
1697 1710 1810 1766 quod
1850 1711 2033 1752 heredes
2082 1710 2384 1768 condempnati

204 1779 327 1819 bonis
360 1779 452 1819 eius
485 1779 694 1820 deberent
726 1780 996 1822 hereditariis
1028 1795 1077 1822 ac
1110 1781 1366 1837 patrimonio
1399 1780 1605 1835 gaudere,
1638 1779 1860 1821 beneficiis
1893 1780 1984 1821 eius
2019 1780 2216 1821 similiter
2238 1780 2378 1822 adius

207 1852 247 1887 et
278 1851 537 1902 potestatem
569 1849 851 1901 dominorum,
885 1865 910 1891 a
942 1851 1096 1904 quibus
1129 1850 1362 1900 habebant,
1397 1849 1698 1900 redeuntibus,
1732 1849 1902 1890 domino
1936 1862 2057 1900 vero,
2091 1849 2383 1905 cuiuscunque

209 1922 322 1957 esset
353 1916 478 1957 homo
512 1917 871 1973 condempnatus,
912 1918 1035 1960 bonis
1068 1919 1160 1960 eius
1193 1918 1427 1960 mobilibus
1460 1918 1691 1966 innitente3
1733 1917 1814 1958 hoc
1847 1922 1992 1958 tamen
2024 1921 2228 1972 excepto,
2272 1917 2385 1973 quod

208 1990 398 2040 sumptus
432 1986 484 2026 ad
515 1986 759 2028 incendium
791 1987 1080 2029 hereticorum
1115 1988 1301 2030 faciendi
1334 1992 1376 2029 et
1414 2000 1580 2028 merces
1614 1986 1780 2028 comitis
1813 1985 1866 2028 de
1907 1986 2030 2028 bonis
2064 2000 2212 2028 eorum
2243 1986 2384 2029 forent

207 2053 434 2095 mobilibus
466 2055 724 2110 recipienda.
787 2055 925 2111 Super
956 2070 1037 2111 quo
1070 2060 1316 2112 presentem
1350 2056 1550 2111 paginam
1584 2055 1792 2097 conscribi
1824 2055 2003 2096 fecimus
2036 2059 2078 2096 et
2101 2055 2229 2111 sigilli
2251 2055 2385 2096 nostri

208 2124 452 2164 testimonio
485 2124 747 2165 communiri.

349 2192 519 2233 Testes:
555 2192 733 2233 Sifridus
766 2193 1093 2249 Ratisponensis
1127 2193 1355 2250 episcopus
1388 2193 1622 2248 imperialis
1652 2192 1749 2234 aule
1782 2192 2079 2244 cancellarius,
2114 2191 2383 2234 Wernherus

208 2260 260 2301 de
291 2259 545 2302 Bonlanden
577 2261 808 2316 imperialis
842 2263 938 2304 aule
971 2262 1150 2318 dapifer,
1186 2262 1432 2304 Grotefridus
1465 2262 1518 2303 de
1551 2261 1831 2317 Randeggen,
1864 2261 2095 2303 Heinricus
2127 2261 2180 2303 de
2217 2260 2379 2317 Oppiu-

208 2329 321 2370 heim
353 2336 394 2370 et
427 2329 608 2371 Sifridus
642 2329 694 2371 de
727 2330 862 2371 Lutra
895 2331 1079 2384 sculteti,
1111 2330 1382 2372 Rindismula
1415 2335 1457 2372 et
1489 2345 1616 2386 quam
1644 2331 1791 2386 plures
1825 2330 1910 2371 alii.

350 2398 506 2439 Datum
541 2398 800 2451 wormacie,
832 2399 934 2441 IIII.
968 2399 1115 2441 Nonas
1148 2400 1275 2452 Iunii,
1307 2400 1552 2441 indictionis
1584 2399 1688 2440 IIII.

420 2805 554 2872 309.
610 2801 1233 2873 SENTENTIA
1281 2803 1422 2873 DE
1473 2803 2180 2874 HEREDITATE

619 2915 1159 2988 HOMINUM
1210 2917 1981 2990 ECCLESIARUM.

1109 3042 1499 3090 1231.Iun.29.

354 3183 584 3225 Novissime
605 3184 715 3225 edita
736 3186 793 3225 est
814 3198 864 3225 esc
891 3183 1145 3236 autoqrapko
1167 3184 1369 3226 tabularii
1390 3184 1736 3239 Stuttqardiensis
1763 3185 1811 3226 in
1842 3185 1946 3227 libro
1969 3182 2385 3237 ‘Wirtemberyisches

223 3251 563 3293 Urkzmdenbuch’
596 3252 683 3303 III,
706 3254 791 3294 288
826 3266 891 3294 nr.
916 3254 1011 3294 792.
1078 3252 1226 3295 Carme
1268 3254 1471 3306 appendet
1508 3254 1692 3308 siyillum
1727 3255 1883 3307 reyium
1911 3254 1999 3306 filis
2028 3253 2169 3295 sericis
2198 3251 2318 3294 rubri
2348 3254 2385 3293 et

2417 1452 2450 1477 10

2418 1793 2449 1819 15

2421 2135 2454 2160 20

2422 2835 2453 2860 25

214 3319 362 3360 viridis
406 3320 570 3371 coloris,
607 3322 655 3362 in
692 3321 811 3362 dorso
848 3334 976 3362 manu
1007 3320 1100 3376 fere
1131 3335 1276 3364 coaeva
1313 3323 1526 3376 leyzmtur:
1562 3323 1840 3377 Privilegium
1876 3322 1931 3366 H.
1970 3323 2081 3378 regis
2114 3322 2166 3363 de
2203 3321 2382 3377 propriis
2419 3341 2451 3366 30

215 3387 453 3429 hominibus
487 3390 765 3431 ecclesiarum
798 3391 868 3445 qui
893 3390 945 3431 ad
969 3390 1163 3432 civitates
1187 3390 1369 3446 fugiunt.
1393 3416 1446 3420 —-
1467 3390 1913 3449 Huillard-Brdholles
1935 3390 2022 3441 III,
2044 3392 2140 3431 470.
2192 3389 2382 3438 Rimmon

216 3454 312 3507 Paeq.
347 3456 438 3507 imp.
470 3456 515 3505 V,
536 3458 660 3499 4207.
2034 3458 2105 3512 (P.
2126 3460 2243 3511 284.)

357 3570 409 3610 H.
448 3570 529 3610 Dei
568 3573 705 3625 gratia
744 3572 1037 3614 Romanorum
1080 3587 1157 3615 rex
1202 3577 1244 3614 et
1284 3587 1453 3629 semper
1490 3578 1699 3629 augustus
1739 3574 1949 3615 universis
1991 3573 2143 3628 inperii
2185 3572 2384 3614 fidelibus

216 3638 367 3691 quibus
407 3652 585 3691 presens
630 3639 770 3680 littera
809 3641 935 3680 fuerit
975 3641 1167 3682 exhibita
1207 3643 1391 3696 gratiam
1431 3655 1550 3682 suam
1582 3645 1624 3683 et
1656 3656 1779 3683 omne
1813 3642 1983 3683 bonum.
2101 3640 2167 3682 Ad
2203 3641 2381 3696 requisi-
