2558 3970
103 922 136 946 10

101 1722 132 1747 15

102 2095 136 2122 20

103 2440 135 2468 25

106 3173 138 3200 35

660 163 905 199 FRIDERICI
933 164 976 199 ΙΙ.
1003 163 1433 198 cONsTlTL'TloNl-ts.
1487 164 1584 198 1235.
1636 164 1794 198 N1·.·2‹r.2.
1821 166 1899 199 203.
2301 170 2381 208 273

318 281 389 323 Fr.
411 280 495 323 Dei
529 280 670 335 gratia
692 278 989 320 Romanorum
1024 279 1259 334 imperator
1292 293 1465 334 semper
1497 285 1723 334 augustus.
1759 280 1998 322 Ierusalem
2033 287 2075 321 et
2107 280 2255 322 Sicilie
2290 296 2381 325 rex.

171 349 258 392 Per
297 362 480 405 presens
518 348 723 403 scriptum
763 352 913 388 notum
955 347 1136 388 facimus
1179 347 1413 388 universis.
1459 347 1569 402 quod
1605 362 1682 389 nos
1716 348 1886 389 dilectis
1920 350 2188 404 principibus
2221 351 2382 392 nostris

174 417 454 473 subscriptis,
497 416 701 458 videlicet
733 414 804 457 W.
839 415 996 457 illustri
1039 415 1130 469 regi
1163 414 1344 456 Boemie
1378 415 1537 456 dilecto
1571 418 1686 458 affini
1729 423 1898 468 nostro,
1938 417 1988 458 E.
2023 418 2383 473 Babinbergensi,

172 486 223 528 R.
247 485 502 527 Patauiensi
525 485 761 541 episcopis,
796 484 846 526 O.
870 484 970 526 duci
994 482 1193 524 Bawarie
1227 484 1369 524 comiti
1404 484 1593 538 palatino
1618 484 1728 526 Reni
1754 492 1796 526 et
1819 486 1870 528 Ο.
1896 487 2136 528 marliioni·
2157 487 2380 529 Brunden-

172 555 379 610 burgensi
414 554 599 595 firmiter
630 553 922 609 promisimus,
958 550 1073 607 quod
1108 565 1203 592 cum
1238 551 1487 593 Fridericob
1523 552 1631 594 duce
1655 554 1831 595 Austrie
1864 561 1906 595 et
1930 556 2073 609 Styrie
2107 564 2254 598 mmm-a
2289 572 2383 602 nos.

172 624 380 666 honorem
421 627 466 664 et
507 621 764 677 dignitatem
809 624 1004 662 nostram
1046 623 1090 660 et
1130 620 1298 675 imperii
1344 620 1493 673 gravia
1531 621 1658 662 nimis
1698 629 1740 662 et
1779 623 1926 663 illicita
1969 625 2199 665 molientec
2243 627 2382 667 nullas

173 697 378 747 treugas,
420 704 572 746 pacem
605 691 674 732 vel
707 689 981 732 concordiam
1013 690 1224 730 faciemus
1258 695 1407 730 contra
1441 690 1631 744 ipsorum
1666 693 1933 733 voluntateri)
1969 700 2012 734 et
2044 709 2304 736 consensum
2339 703 2381 737 et

175 760 292 816 quod
324 761 386 802 eis
421 764 568 801 contra
600 759 739 814 ipsum
772 763 816 800 et
848 772 999 800 omnes
1034 772 1135 799 suos
1168 758 1362 799 fautores
1397 759 1636 801 efficaciter
1658 761 1931 808 assistemus,
1967 768 2009 802 et
2042 764 2074 803 si
2101 764 2201 818 quid
2225 779 2378 818 grava-

172 828 299 870 minis
336 828 463 870 dictis
504 828 663 869 nostris
702 826 971 882 principibus
1009 841 1034 867 a
1073 840 1345 882 quacumque
1385 840 1574 882 persona
1615 825 1681 870 vel
1723 843 1995 885 quocumque
2035 845 2136 872 casu
2179 834 2383 875 acciderit

171 911 249 954 pro
283 897 363 939 hoc
394 896 530 948 facto,
574 910 653 938 nos
685 909 759 938 eos
793 896 1060 944 iuvabimus,
1094 896 1206 938 sicut
1237 901 1430 937 nostram
1466 896 1677 938 condecet
1709 899 1998 940 maiestatem.
2062 899 2129 940 Ad
2166 903 2286 942 cuius
2322 904 2382 944 rei

173 967 432 1009 memoriam
464 979 648 1022 presens
682 966 889 1021 scriptum
921 964 1016 1006 fieri
1050 969 1094 1007 et
1126 965 1269 1020 sigillo
1302 966 1544 1006 maiestatis
1577 972 1722 1008 nostre
1757 968 1960 1009 iussimus
1994 972 2259 1012 communiri.

315 1033 417 1077 Dat.
451 1033 565 1090 apud
596 1034 857 1090 Augustam,
891 1033 1084 1075 XXVII.
1108 1033 1234 1079 Iunii,
1270 1032 1407 1074 VIIII
1423 1040 1452 1075 θ.
1484 1033 1613 1075 indic.

171 1444 305 1513 203.
349 1440 932 1514 SENTENTIA
964 1439 1386 1512 CONTRA
1418 1441 1873 1515 STRATAS
1905 1443 2383 1519 OOACTAS.

1144 1566 1290 1614 1236.
1328 1566 1418 1614 Iul.

315 1699 445 1742 Dedit
473 1700 746 1743 Waltenbach
783 1714 834 1743 ex
873 1699 1130 1754 autoyrapko
1171 1699 1376 1742 tabularii
1416 1699 1766 1752 Vimlobonensis,
1806 1703 1874 1744 cui
1904 1704 2108 1757 appendet
2141 1705 2231 1746 lora
2262 1719 2384 1747 *menz-

171 1769 379 1812 branacea
410 1769 598 1824 siyc'llum
628 1782 800 1812 cereum.
834 1795 887 1800 —
920 1768 1371 1812 Huillard-Breholles
1403 1769 1484 1820 IV,
1507 1771 1604 1812 888.
1666 1770 1871 1822 Bolmmr,
1913 1771 2014 1826 Rea.
2050 1774 2147 1825 imp.
2190 1774 2234 1823 V,
2256 1776 2384 1818 2180.

2005 1841 2075 1896 (P.
2099 1842 2244 1897 deest.)

315 1943 388 1984 Fr.
419 1942 505 1985 Dei
537 1943 681 1998 gratia
703 1943 1000 1985 Romanorum
1034 1943 1272 1999 imperator
1305 1956 1477 1998 semper
1509 1948 1735 1999 augustus,
1770 1944 2011 1987 Ierusalem
2043 1951 2086 1988 et
2113 1946 2258 1989 Sicilie
2293 1961 2385 1990 rex,

170 2011 258 2055 Per
289 2027 472 2069 presens
506 2013 712 2068 scriptum
744 2017 894 2054 notum
926 2012 1020 2054 fieri
1043 2013 1240 2054 volumus
1274 2012 1490 2054 universis
1514 2018 1745 2068 presentes
1768 2014 1940 2056 litteras
1966 2015 2239 2071 inspecturis,
2274 2015 2386 2071 quod

174 2094 271 2122 cum
309 2095 388 2123 nos
425 2080 720 2124 resideremus
761 2082 805 2123 in
855 2086 998 2124 castro
1041 2086 1191 2122 nostro
1233 2079 1399 2122 Werde
1445 2094 1543 2122 cum
1590 2082 1857 2137 principibus
1907 2088 1949 2124 et
1995 2083 2091 2125 aliis
2136 2085 2386 2139 proceribus

172 2150 353 2203 nostris,
402 2150 586 2207 petitum
629 2156 695 2193 est
733 2166 811 2208 pro
852 2155 978 2206 parte
1018 2149 1165 2192 dilecti
1205 2150 1411 2206 principis
1452 2151 1589 2192 nostri
1629 2151 1680 2192 E.
1721 2152 1984 2194 venerabilis
2025 2153 2386 2209 Salzeburgensis

171 2218 487 2276 archiepiscopi
529 2233 673 2262 coram
716 2221 856 2262 nobis:
908 2220 944 2261 si
987 2220 1256 2276 generaliter
1296 2219 1494 2261 homines
1540 2226 1694 2263 euntes
1736 2236 1814 2277 per
1854 2227 2032 2263 stratam
2076 2223 2296 2279 publicam
2333 2223 2386 2264 ad

171 2287 313 2330 forum
353 2289 542 2332 debeant
574 2291 628 2332 ab
663 2290 817 2333 eadem
850 2294 988 2331 strata
1018 2289 1196 2345 publica
1227 2289 1422 2331 revocari
1456 2293 1500 2331 et
1531 2290 1629 2345 cogi
1659 2304 1738 2346 per
1770 2291 1936 2345 aliquos
1969 2292 2032 2333 ire
2064 2305 2142 2347 per
2173 2291 2266 2332 vias
2299 2292 2384 2347 pri-

171 2361 296 2399 vatas
328 2358 383 2400 ad
415 2358 510 2400 fora
541 2373 632 2401 sua.
687 2359 829 2415 Super
860 2372 945 2414 quo
978 2359 1170 2400 dictante
1204 2359 1424 2400 sententia
1457 2359 1700 2415 principum
1734 2360 1877 2401 extitit
1903 2361 2237 2416 promulgatum:
2274 2361 2385 2416 quod

173 2440 260 2469 non
298 2428 401 2469 licet
439 2429 568 2470 alicui
611 2428 843 2485 prohibere
884 2427 1132 2469 hominibus
1174 2440 1251 2468 nec
1284 2441 1490 2469 revocare
1523 2442 1599 2470 eos
1632 2428 1657 2468 a
1690 2433 1827 2470 strata
1858 2429 2052 2484 publica,
2092 2430 2192 2484 quin
2227 2429 2387 2470 vadant

172 2495 227 2538 ad
257 2496 398 2538 forum
429 2498 504 2540 ubi
535 2499 704 2554 possint
735 2512 815 2540 sua
847 2496 1029 2539 comoda
1052 2510 1276 2539 exercere.
1330 2496 1461 2538 Salvo
1486 2496 1620 2552 siquis
1642 2497 1775 2538 habet
1806 2498 2001 2553 proprios
2034 2498 2243 2547 homines,
2278 2512 2385 2552 quos

170 2570 317 2621 potest
356 2580 563 2609 revocare
607 2572 651 2609 et
690 2566 901 2610 reducere
941 2567 1055 2608 sicut
1085 2566 1191 2607 vult.
1251 2565 1321 2607 Ad
1364 2566 1486 2608 cuius
1519 2566 1581 2608 rei
1612 2567 1863 2608 memoriam
1897 2572 2147 2623 presentem
2181 2568 2383 2622 paginam

171 2634 268 2676 fieri
298 2634 481 2677 fecimus
515 2637 660 2692 sigillo
693 2641 840 2678 nostro
873 2637 1097 2677 munitam.

318 2704 476 2747 Testes
510 2709 656 2748 autem
691 2710 810 2747 sunt:
844 2706 896 2748 T.
925 2705 1191 2748 venerabilis
1225 2704 1509 2747 Treverensis
1542 2705 1913 2761 archiepiscopUS,
1947 2704 1996 2746 Ε.
2031 2705 2382 2761 Papibergensis,

176 2771 220 2815 S.
241 2772 573 2830 Ratisponensis
596 2775 834 2831 imperialis
858 2775 957 2817 aule
981 2774 1285 2825 cancellarius,
1307 2773 1360 2816 R.
1385 2774 1674 2825 Pataviensis,
1700 2773 1746 2816 C.
1771 2773 2063 2830 Frisingensis
2087 2780 2130 2816 et
2152 2774 2208 2816 H.
2229 2773 2382 2815 Secco-

172 2843 334 2885 viensis
367 2843 586 2900 episcopi:
628 2843 688 2885 H.
720 2843 914 2886 marchio
948 2843 1001 2886 de
1032 2843 1206 2895 Baden,
1247 2843 1303 2884 H.
1340 2857 1485 2885 comes
1520 2843 1748 2895 Senensis,
1787 2843 1831 2885 O.
1864 2843 2094 2885 bucravius
2127 2843 2179 2884 de
2211 2838 2383 2884 Ni’irim-

171 2911 289 2964 berc,
322 2911 370 2956 C.
403 2913 612 2968 pincerna
644 2913 698 2955 de
731 2911 1023 2955 Winterstet²
1056 2918 1099 2954 et
1131 2912 1343 2955 Gerlacus
1376 2912 1429 2954 de
1463 2908 1697 2967 Biitingen,
1731 2927 1781 2954 ac
1814 2912 1887 2953 alii
1920 2926 2047 2967 quam
2079 2912 2237 2968 plures.

316 2979 480 3023 Datum
522 2986 627 3037 aput
658 2981 894 3034 Werdam,
929 2996 1041 3023 anno
1074 2981 1289 3024 dominice
1322 2982 1628 3023 incarnationis
1663 2981 1892 3023 millesimo
1926 2980 2222 3022 ducentesimo
2255 2980 2382 3021 trice-

174 3051 283 3092 simo
318 3055 458 3102 sexto,
490 3065 639 3093 mense
671 3050 785 3102 Iulii,
818 3065 929 3093 none
961 3050 1222 3092 indictionis.

314 3164 403 3201 202.
438 3166 469 3208 Β)
493 3167 540 3199 sic
564 3178 614 3200 or.
733 3166 766 3208 b)
793 3167 922 3200 Frider.
950 3178 998 3199 or.
1118 3166 1149 3207 θ)
1175 3178 1264 3199 corr.
1292 3177 1342 3199 ον.

312 3235 402 3271 203.
440 3237 469 3278 ³)
495 3238 600 3270 er‘lt
625 3249 675 3271 or.

312 3756 362 3780 LL.
388 3755 673 3779 CONSTITUTIONES
697 3756 730 3778 11.
2064 3739 2108 3773 35
