2558 3970
210 147 289 186 303
745 142 984 177 FRIDERICI
1013 142 1054 175 11.
1081 141 1508 175 CONSTITUTIONES.
1559 141 1655 175 1210.
1706 142 1864 176 Νι·.224.

901 433 1026 501 224.
1077 430 1709 502 ENCYCLICA

365 546 837 616 BELMCA
893 545 1330 616 CONTRA
1382 543 2059 615 GREGORIUM
2100 545 2232 616 IX.

1101 681 1242 727 1240.
1281 681 1422 728 Mari..
1451 681 1525 727 16.

350 825 629 865 Adhibuimus
666 825 703 878 1)
737 824 909 866 codicem
936 824 1281 876 Confluentinum,
1305 825 1533 866 bullarium
1556 824 1919 877 Remea-selorfenoe
1939 822 2104 874 dietam,
2132 836 2233 866 saec.
2250 824 2387 866 XIII.

201 894 519 945 21057.49—51‚
562 907 680 945 quem
717 894 935 944 causei-ipsit
969 893 1128 946 Beyer;
1173 893 1345 945 epistola
1387 893 1487 934 data
1526 896 1584 935 est
1621 893 1677 933 ad
1712 905 1849 934 oimzes
1883 905 1964 943 per
1998 892 2393 945 archiepiscopatum
2445 912 2460 935 5

207 962 488 1002 Trerircnsem
533 962 791 1011 eonstitnt0s;
833 961 930 1001 haee
961 974 1061 1003 sane
1093 960 1185 1015 fecit
1222 960 1364 1015 forma
1395 974 1499 1013 quae
1530 960 1738 1001 aaziversis
1777 960 1945 1012 imperil
1970 960 2163 1011 fidelibus
2192 961 2240 1001 in
2269 974 2394 1014 reque

209 1029 427 1070 Teutonico
473 1030 598 1070 missa
644 1032 723 1073 est,-
768 1029 811 1083 2)
854 1032 1008 1069 testum
1051 1027 1215 1068 M‘atlzei
1256 1027 1516 1069 Parisiensls
1561 1029 1607 1068 in
1654 1028 1869 1069 Cla-onias
1910 1029 2136 1070 maioribus
2174 1030 2395 1071 seeundum

206 1098 419 1139 editionem
463 1099 541 1138 riri
578 1097 616 1139 d.
640 1097 938 1146 Liebermaim,
979 1096 1053 1139 SS.
1086 1096 1312 1146 XXVIII,
1336 1098 1419 1137 182
1437 1110 1517 1149 sq.,·
1555 1097 1628 1149 qai
1664 1099 1798 1138 textas
1834 1096 2040 1137 multoties
2068 1098 2319 1148 praesertim
2349 1099 2396 1140 in

204 1170 289 1217 sinc
332 1167 535 1220 disci-elad
574 1181 600 1206 a
640 1168 752 1206 {ertu
790 1165 938 1206 codicis
961 1168 1009 1216 1,·
1054 1165 1156 1206 data
1195 1168 1255 1206 est
1298 1165 1470 1217 epistola
1514 1165 1571 1205 ad
1605 1165 1854 1224 Heinrieunl
1884 1165 1972 1205 III.
2020 1179 2152 1217 recem
2190 1166 2397 1221 Anyliae;

205 1236 247 1287 3)
281 1238 433 1275 tertam
464 1235 724 1284 consimilem,
755 1234 828 1285 qm·
857 1236 894 1274 et
921 1234 1008 1285 ‘ipse
1038 1234 1124 1286 regi
1144 1233 1326 1286 Anylw'ae
1356 1233 1582 1284 *inscriptas
1609 1237 1678 1284 est,
1710 1247 1827 1286 quem
1848 1233 2105 1275 Huillardus
2130 1248 2200 1287 ope
2223 1237 2392 1290 potissi·
2431 1257 2465 1282 ιο

205 1318 312 1343 meon
343 1303 522 1344 codic-um
550 1303 720 1344 Musaei
741 1302 986 1344 Britannici
1015 1302 1142 1343 Harl.
1166 1303 1249 1343 325
1275 1301 1353 1356 fol.
1377 1299 1640 1343 321—322'
1671 1304 1709 1343 et
1737 1302 1960 1355 Hargsrave
1980 1304 2065 1343 313
2089 1302 2168 1357 fol.
2193 1305 2276 1344 103
2305 1318 2398 1347 eon-

202 1371 335 1422 s'ecw.
391 1371 564 1412 Tertum
585 1371 770 1412 dedimus
794 1371 942 1413 codicis
964 1374 1000 1421 1,
1031 1372 1192 1413 variam
1223 1371 1430 1411 lectionem
1449 1372 1490 1411 2.
1512 1373 1539 1410 3
1568 1371 1615 1411 in
1636 1371 1826 1412 eolwrma
1847 1371 2160 1413 adnotationum
2181 1376 2395 1424 ponentes

205 1465 254 1469 —
290 1440 748 1482 Huillard-Brelzolles
788 1439 831 1490 V,
853 1442 950 1482 840.
1010 1439 1203 1490 Bo'lmzer,
1236 1438 1334 1492 Rey.
1366 1439 1463 1490 imp.
1496 1439 1539 1490 V,
1560 1440 1685 1482 2911.
1719 1440 1846 1482 2910.
2019 1439 2089 1493 (Ρ.
2111 1440 2254 1492 deest.)

348 1578 617 1619 Fridericus¹²
640 1577 724 1619 Dei
747 1578 886 1633 gratia
908 1577 1197 1618 Romanorum
1222 1578 1456 1632 imperator
1479 1591 1649 1632 semper
1670 1582 1893 1632 augustus,
1916 1578 2155 1620 Ierusalem
2180 1583 2224 1620 et
2247 1579 2390 1622 Sicilie

210 1662 285 1688 rex
318 1647 581 1702 principibus
613 1652 699 1688 tam
734 1648 1041 1688 ecclesiasticis
1075 1661 1202 1702 quam
1236 1646 1461 1687 mundanis
1495 1651 1536 1687 et
1567 1647 1781 1688 universis
1813 1661 1892 1702 per
1913 1647 2227 1689 Treverensem
2251 1649 2391 1690 archi·
2430 1663 2460 1687 15

206 1717 498 1771 episcopatum
540 1716 784 1757 constitutis
825 1720 1050 1771 presentes
1090 1716 1258 1757 litteras
1297 1714 1574 1770 inspecturis,
1617 1714 1786 1756 dilectis
1826 1715 2027 1757 fidelibus
2060 1717 2170 1768 suis,
2207 1717 2393 1772 gratiam

207 1798 326 1825 suam
362 1790 403 1826 et
435 1786 591 1826 bonam
625 1786 905 1826 voluntatem.

351 1854 411 1907 (1)
447 1853 622 1909 Triplex
655 1854 812 1894 doloris
847 1853 1043 1903 aculeus,
1085 1853 1156 1907 qui
1195 1866 1268 1894 cor
1308 1856 1499 1893 nostrum
1542 1852 1770 1893 continueb
1801 1853 1954 1908 pungit
1986 1857 2028 1894 et
2061 1854 2268 1906 stimulat,
2312 1855 2397 1896 iam

206 1937 280 1963 nos
313 1924 425 1964 ultra
458 1924 607 1964 silerec
639 1937 723 1963 non
763 1923 936 1977 patitur,
977 1923 1078 1976 quin
1110 1922 1231 1963 dolor
1262 1922 1522 1963 intrinsecus
1557 1925 1806 1977 prorumpat
1837 1922 1879 1962 in
1910 1922 2096 1976 gemitus
2129 1926 2171 1963 et
2202 1924 2389 1977 gemitus

205 1991 389 2032 exeantd
422 1993 464 2032 in
498 1992 726 2043 clamores,
769 1992 869 2032 dum
907 2006 984 2047 per
1017 1991 1297 2032 dissensionis
1331 2005 1438 2032 nove
1472 1992 1716 2042 materiam,
1757 1990 1809 2032 ad
1841 2005 1967 2046 quam
1999 1997 2104 2032 nose
2136 1992 2392 2034 universalis
2432 2004 2466 2029 2⁰

205 2061 387 2101 ecclesie
421 2066 562 2102 rector
595 2065 637 2102 et
668 2061 866 2115 pontifex
888 2061 1079 2102 violenta
1111 2060 1296 2115 quadam
1322 2061 1563 2115 inpulsione
1587 2060 1744 2115 coegit,
1778 2060 1988 2101 catholice
2017 2060 2116 2101 fidei
2140 2060 2399 2102 detrimenta

205 2130 551 2183 congnoscimus,
591 2129 800 2184 eclypsim
840 2129 1008 2170 iusticie
1054 2129 1282 2170 manifeste
1322 2128 1631 2184 prospicimusf
1667 2132 1711 2169 et
1751 2128 1882 2169 Terre
1925 2127 2084 2169 Sancte
2123 2127 2398 2182 dispendium

206 2198 509 2239 miserabiliter
551 2198 835 2253 deploramus.
906 2197 983 2238 Set
1025 2202 1066 2238 et
1105 2198 1179 2238 illa
1218 2211 1301 2238 non
1343 2197 1484 2238 minus
1524 2198 1724 2251 angustia
1764 2210 2059 2252 perurgemur,
2101 2195 2245 2251 quodg
2282 2196 2399 2252 Hely

210 2267 442 2307 sacerdotis
487 2267 595 2307 oculi
637 2265 902 2320 caligantes¹¹
942 2266 1104 2307 nullum
1148 2265 1392 2307 huiusmodi
1435 2266 1721 2320 periculorum
1762 2265 1994 2320 aspiciunt:
2036 2269 2102 2306 set
2134 2269 2252 2306 tanta
2284 2266 2397 2306 eirca

206 2350 282 2375 nos
327 2335 544 2376 iracundia
584 2339 887 2386 commovetur.
935 2339 1056 2376 tanta
1096 2335 1210 2376 circa
1248 2334 1599 2376 Mediolanenses
1644 2338 1686 2375 et
1729 2334 1919 2375 fautores
1956 2332 2166 2388 ipsorumi
2207 2333 2394 2375 rebelles
2433 2346 2465 2371 25

206 2405 373 2459 imperii
417 2404 649 2445 dilectione
689 2403 1004 2459 perstringitur,
1045 2407 1110 2455 ut,
1153 2403 1255 2444 orbe
1298 2407 1388 2444 toto
1431 2403 1550 2444 dubii
1589 2416 1816 2444 successus
1857 2402 2085 2443 eventibus
2117 2402 2187 2444 vel
2223 2401 2394 2443 fortune

206 2474 406 2528 periculis
439 2474 579 2528 potius
614 2487 786 2528 prorsus
819 2473 1034 2527 exposito,
1075 2472 1127 2512 ad
1161 2471 1494 2513 conculcandam
1526 2472 1695 2527 imperii
1727 2471 1838 2513 sacri
1869 2471 2075 2512 iustitiam
2109 2474 2151 2512 et
2182 2469 2396 2512 Mediola-

207 2541 401 2582 nensium
434 2541 660 2582 rebellium
694 2546 938 2582 nostrorum
971 2541 1175 2581 auxilium
1219 2544 1332 2581 totus
1366 2544 1578 2595 assurgat.
1697 2539 1761 2595 (2)
1798 2539 1891 2581 Nec
1923 2553 2001 2580 nos
2034 2553 2163 2594 super
2194 2539 2272 2580 hoc
2303 2539 2394 2580 lese

208 2610 468 2650 conscientie
503 2610 674 2650 stimulo
706 2610 936 2665 pungimur
966 2623 1045 2650 nec
1084 2608 1268 2650 ledentis
1300 2609 1413 2650 fame
1444 2608 1649 2649 iudicium
1682 2612 1980 2663 expectamus,
2024 2607 2152 2663 quink
2184 2622 2209 2648 a
2240 2607 2388 2648 multis

207 2684 319 2718 retro
367 2678 632 2732 temporibus
679 2678 961 2733 periculorum
1009 2679 1187 2719 istorum
1235 2678 1424 2719 omnium
1471 2677 1615 2718 divina
1654 2677 1836 2732 quadam
1885 2676 2165 2731 inspiratione
2205 2676 2392 2732 presagi,
2433 2693 2465 2718 30

208 2761 385 2801 presens
428 2760 599 2802 semper
640 2747 944 2787 evitaverimus
990 2746 1253 2788 scandalum.
1316 2747 1449 2788 Istius
1487 2746 1638 2787 summi
1679 2745 1890 2800 pontificis
1929 2745 2110 2799 gratiam
2143 2745 2257 2785 omni
2290 2758 2395 2800 quo-

209 2828 374 2869 cunque
408 2816 624 2870 potuimus
657 2815 846 2870 ingenio,
880 2815 983 2856 licet
1015 2815 1186 2867 frustra,
1220 2815 1506 2856 laboravimus
1529 2814 1744 2870 optinere,
1779 2827 1964 2869 persone
1996 2817 2142 2854 nostre
2175 2826 2259 2853 non
2293 2826 2392 2868 par-

209 2884 372 2925 centes¹
413 2884 646 2939 dispendiis
688 2889 730 2925 et
770 2898 954 2939 persepe
998 2884 1186 2925 fidelium
1226 2888 1468 2925 nostrorum
1502 2883 1633 2925 vitam
1668 2896 1745 2937 pro
1784 2882 1872 2923 suis
1906 2886 1948 2923 et
1981 2881 2164 2923 ecclesie
2196 2881 2391 2923 Romane

210 2952 410 2993 subsidiis
453 2953 690 2993 liberaliter
735 2952 1003 3007 exponendo,
1123 2951 1188 3007 (3)
1231 2952 1326 3003 Set,
1370 2951 1481 3006 quod
1519 2951 1714 2992 dolentes
1757 2950 2002 2999 referimus,
2047 2949 2178 2990 nichil
2220 2949 2391 3004 penitus

209 3022 398 3075 cepimus
447 3027 534 3061 toto
582 3026 774 3076 tempore
822 3021 1092 3072 laborantes,
1141 3021 1301 3062 nullam
1343 3021 1396 3062 ab
1433 3021 1524 3075 ipso
1566 3033 1640 3075 pro
1679 3020 1836 3059 nostris
1869 3018 2087 3072 obsequiis
2120 3018 2391 3058 affectionem
2430 3039 2461 3064 35

345 3156 430 3191 224.
464 3157 493 3198 ει)
520 3159 590 3190 loeo
623 3159 813 3190 Fridericus
850 3176 890 3180 —
927 3158 1136 3191 voluntatem
1162 3156 1193 3191 2.
1219 3158 1255 3190 3:
1294 3159 1508 3191 Frctliericus
1541 3158 1572 3190 d.
1606 3169 1656 3200 gr.
1691 3159 1784 3190 Rom.
1818 3157 1894 3199 imp.
1929 3168 1954 3189 s.
1987 3167 2065 3199 aug.
2093 3157 2155 3188 Ier.
2188 3160 2221 3187 ct
2245 3155 2310 3187 sie.
2336 3165 2396 3188 rex

211 3217 372 3248 illustri
405 3217 492 3258 regi
519 3216 747 3258 Anglorum
779 3216 936 3248 dilecto
969 3217 1129 3248 sororio
1155 3227 1228 3247 suo
1254 3216 1432 3249 salutem
1458 3221 1497 3248 et
1529 3216 1692 3247 sincere
1717 3214 1970 3247 dileccionis
1996 3215 2211 3245 affectum.
2284 3210 2317 3254 b)
2343 3223 2396 3245 co-

209 3274 288 3305 tidie
313 3272 342 3304 2.
371 3272 399 3305 3.
529 3279 558 3313 C)
584 3275 662 3305 flere
687 3271 717 3305 2.
859 3271 893 3314 d)
920 3279 1020 3305 exeat
1044 3271 1074 3305 2.
1205 3272 1234 3315 (³)
1268 3273 1357 3305 deest
1381 3273 1444 3313 hie,
1470 3273 1618 3314 sequitur
1638 3277 1717 3313 post
1741 3271 1889 3303 violenta
1913 3271 1949 3302 in
1973 3268 2004 3303 2.
2031 3269 2062 3303 3.
2179 3267 2210 3309 f)
2237 3269 2395 3312 perspici-

210 3341 283 3361 mus
309 3328 339 3361 2.
366 3329 394 3361 3.
516 3335 548 3369 ¹3)
575 3341 640 3370 quc
667 3330 694 3362 1.
836 3328 869 3370 h)
897 3330 1121 3372 caliginantes
1150 3329 1177 3361 1.
1318 3328 1339 3369 i)
1365 3340 1481 3362 eorum
1508 3331 1655 3361 fautores
1679 3327 1711 3360 2.
1736 3328 1767 3360 3.
1889 3325 1922 3369 k)
1948 3327 2084 3368 quando
2114 3326 2139 3358 l.
2257 3324 2280 3366 ¹)
2305 3337 2393 3368 par-

210 3387 342 3417 cendo
377 3387 615 3427 laboribus,
645 3398 773 3418 rerum
800 3393 1036 3419 nostrarum
1070 3398 1147 3419 non
1180 3387 1375 3419 cavendo
1401 3386 1432 3419 2.
1457 3386 1489 3419 3.
2429 3391 2464 3415 40

349 3499 362 3530 1
373 3516 381 3539 y
411 3497 528 3531 Codex
553 3497 739 3540 Hermai-e
765 3502 830 3532 313
854 3502 938 3532 teste
964 3498 1037 3532 rire
1059 3498 1091 3532 d.
1111 3498 1346 3533 Liebermmm
1370 3509 1386 3532 e
1411 3497 1572 3532 Scaeae-ii
1595 3497 1704 3531 Libro
1730 3496 1852 3532 Rubro
1877 3495 2132 3540 transseriptus
2155 3505 2225 3529 esse
2249 3493 2394 3529 videtur.

211 3554 406 3597 Eleemplar
442 3555 606 3598 epistolae
642 3555 691 3588 ad
727 3566 837 3599 reyem
873 3555 977 3589 datae
1012 3559 1122 3589 ems-tat
1157 3556 1259 3589 etiam
1295 3555 1336 3589 ‘in
1368 3554 1480 3590 codiee
1509 3554 1661 3589 eiusdem
1692 3553 1834 3587 Musaei
1860 3552 1997 3588 Cotton.
2024 3553 2210 3596 Cleopatra
2236 3551 2277 3586 B.
2299 3550 2393 3594 XII,

213 3623 236 3644 r.
256 3611 413 3645 ‘Archiv'
439 3611 521 3654 VII,
543 3617 611 3653 959,
639 3612 696 3645 nbi
718 3612 868 3655 perinde
893 3616 994 3655 atque
1017 3613 1056 3645 in
1083 3612 1285 3646 Harleimw
1309 3612 1411 3655 siqua
1435 3611 1674 3655 chronoloyiea
1699 3612 1870 3654 leguntur.
