2558 3970
117 953 149 977 lo

111 1985 144 2012 25

112 2330 146 2356 30

113 2674 145 2700 35

114 3020 149 3045 4⁰

115 3386 148 3412 45

592 199 842 234 MANFREDI
872 200 1012 234 femus·
1041 201 1269 234 EPISTULA
1299 201 1361 234 Al)
1390 201 1631 235 ltoMANJJs.
1683 203 1782 236 12⁴35.
1832 203 1988 236 N1·.4·24.
2309 208 2389 242 5⁴33

189 314 331 356 valide
365 315 458 370 ipso
492 316 582 356 iure
624 316 1016 370 transgressionem
1051 316 1304 370 aspirai·et⁸.
1348 331 1495 357 vocem
1531 318 1770 369 angelicam
1805 322 1905 358 tuno
1939 317 2204 358 ‹licentem¹:
2246 316 2387 357 ‘hodie

187 383 387 424 diffusum
420 388 487 424 est
520 397 732 425 venenum
765 384 806 424 in
840 384 1024 424 ecclesia
1056 389 1205 425 sancta
1242 384 1350 425 llei‘.
1414 385 1483 426 Ila
1508 385 1642 436 Deus,
1675 391 1834 441 quanta
1866 387 1979 427 inani
2003 387 2141 438 gloria
2164 387 2411 426 extollitur·

187 451 317 493 hodie
359 452 452 493 dira
492 458 644 505 mater,
685 467 769 509 que
811 467 887 508 pro
927 453 1083 494 divinis
1116 453 1390 495 celebrandis
1425 455 1599 505 officiis,
1641 456 1797 509 quibus
1831 461 1874 495 et
1908 456 2000 510 ipsa
2033 460 2169 495 mater
2201 455 2387 495 ecclesia

189 525 468 563 sacrosancta
510 527 554 563 et
596 521 791 563 eiusdem
834 522 989 577 prelati
1035 522 1207 563 fuerunt
1254 522 1460 563 divinitus
1507 524 1714 570 dedicati,
1763 526 1931 564 earum‘
1976 524 2092 564 cultu
2138 537 2387 577 guerrarum

185 594 334 631 eterne
375 589 700 645 dampnacionis
742 591 853 631 viam
903 590 1138 630 christiano
1192 592 1351 645 populo
1397 592 1554 645 iugiter
1597 592 1927 633 amministrat¹¹.
2047 595 2143 646 07>
2178 592 2390 632 Attcudas

186 659 330 714 igitur,
365 662 502 699 mater
534 659 703 714 imperii
741 659 843 700 urbs
878 659 1057 707 Romav,
1098 659 1216 699 cuius
1249 660 1457 714 pestifere
1492 663 1733 716 questionis
1771 662 1967 716 exposite
2001 660 2159 701 dudum
2196 660 2389 715 pendens

186 728 371 783 litigium
414 729 669 769 auctoritate
708 729 769 770 tui
809 729 953 784 populi
994 728 1347 774 terminabiturw,
1387 734 1433 769 ut
1471 735 1535 769 est
1575 731 1699 774 iuris:
1743 745 1885 771 nonne
1919 736 2015 785 post
2048 735 2244 785 tempora
2277 731 2391 770 (Jon-

185 797 363 838 stantini
397 795 683 838 Iustinianum
715 802 846 839 tuncx
879 801 1110 852 augustum
1144 796 1360 838 Iohannes
1394 798 1486 853 ipso
1520 803 1715 854 tempore
1749 799 1944 854 pontifex
1979 800 2067 839 suis
2101 799 2254 840 litteris
2290 813 2386 853 pre-

184 865 398 918 mittebat,
432 870 477 907 et
509 865 622 907 idem
655 867 696 906 in
729 866 816 907 suis
852 865 1037 907 eundem
1070 866 1362 921 postponebat
1394 868 1670 922 pontificem?
1734 868 1863 909 Certe
1897 868 2055 922 legitur
2088 869 2200 908 inter
2223 869 2389 908 claras-v

186 940 229 976 et
261 935 398 990 liquet
429 935 574 989 igitur,
608 933 770 976 Codice
803 934 870 976 ‘de
903 934 988 976 fide
1021 934 1281 976 catholica'2
1314 935 1502 977 dilucide
1526 936 1795 992 approbante
1810 944 1837 978 ².
1892 938 1989 984 Qua
2012 952 2115 991 crgo
2139 951 2214 977 sue
2239 938 2391 977 frontis

185 1002 366 1045 audacia
397 1002 597 1044 Romana
639 1003 827 1045 ecclesia
871 1004 964 1044 iura
1006 1004 1174 1059 imperii
1215 1005 1376 1060 poterit
1410 1009 1652 1046 attentare?
1715 1005 1845 1047 Certe
1879 1020 1963 1047 non
1997 1005 2113 1046 aliud
2150 1006 2315 1060 ipsam²¹
2353 1007 2389 1046 iu

186 1073 294 1113 tanti
327 1072 574 1128 presidatus
607 1072 970 1127 usurpacionemb
1004 1073 1228 1128 hucusque
1262 1074 1427 1129 prefert
1459 1074 1540 1115 nisi
1584 1075 1904 1130 pusillanimum
1937 1073 2229 1115 Romanorum
2264 1075 2387 1114 tolle-

184 1142 299 1183 racio
342 1141 582 1198 inprovisa,
626 1155 709 1196 que
749 1140 883 1182 oblita
923 1141 989 1182 sui
1022 1142 1208 1183 nominis
1241 1147 1285 1184 et
1316 1142 1491 1184 honoris
1537 1143 1778 1184 novercalis
1812 1143 1962 1184 matris
1995 1142 2160 1184 insidiis
2195 1143 2389 1196 longevis

184 1212 314 1252 iacuit
346 1210 558 1252 offuscata
589 1209 869 1266 temporibus,
903 1210 1087 1252 necdum
1120 1211 1161 1251 in
1195 1211 1337 1253 lucem
1371 1215 1415 1252 et
1447 1212 1662 1252 tramitem
1697 1212 1890 1253 veritatis
1923 1212 1976 1253 ob
2001 1225 2173 1252 suorum
2207 1212 2387 1252 familia—

133 1297 146 1320 r,
185 1281 294 1322 rium
332 1280 464 1335 longa
493 1278 743 1321 discrimina
773 1279 1026 1322 resurrexit.
1088 1279 1431 1335 Expergiscatur
1471 1281 1601 1335 igitur
1634 1281 1879 1336 stupefacta
1923 1280 2157 1336 imperialis
2191 1281 2389 1322 culminis

181 1350 266 1391 tuis
290 1348 522 1392 educatob·
555 1348 782 1390 cunabulis
807 1348 964 1390 solacio
989 1348 1219 1396 destituta3
1254 1363 1420 1404 exurge
1444 1349 1632 1405 quidem,
1665 1363 1688 1390 ο
1713 1349 1864 1402 Roma,
1899 1354 1942 1392 et
1964 1351 2076 1391 intra
2106 1350 2297 1391 claustra
2329 1351 2388 1390 tui

182 1418 372 1474 pectoris
404 1418 622 1474 frequenti
654 1417 944 1460 meditacione
978 1418 1173 1469 revolve,
1214 1418 1402 1473 qualiter
1433 1418 1644 1461 hactenus
1677 1423 1848 1460 tuorum
1882 1419 2164 1461 decurionum
2199 1418 2388 1460 (leci-etc.

182 1490 360 1529 senatus
393 1487 649 1528 auctoritate
683 1500 732 1528 ac
765 1488 827 1528 tui
860 1487 1007 1542 populi
1040 1487 1334 1529 affirmacione
1367 1488 1408 1528 in
1443 1488 1615 1544 puplico
1649 1488 1692 1529 in
1725 1487 1830 1530 sede
1865 1488 2032 1544 imperii
2057 1502 2181 1530 cesar
2205 1488 2387 1530 electus.

182 1556 300 1598 nullo
331 1559 429 1598 actu
460 1556 777 1597 interveniente
800 1556 998 1597 Romane
1024 1557 1293 1612 prelatorum
1318 1557 1520 1607 ecclesie,
1554 1558 1867 1599 coronabatur0
1899 1557 2071 1599 coram‘l
2095 1558 2181 1599 tuis
2205 1571 2388 1613 procon-

183 1625 350 1667 sulibus
390 1624 445 1666 ab
487 1624 642 1666 illustri
674 1623 806 1666 Urbis
847 1625 1085 1681 prefectoe.
1152 1624 1208 1667 Et
1251 1639 1365 1667 nunc
1407 1625 1620 1668 dictorum
1661 1627 1852 1668 omnium
1884 1627 2080 1669 Romana
2125 1627 2310 1669 ecclesia
2348 1632 2389 1668 te

182 1694 286 1736 fecit
315 1694 490 1750 penitus
532 1694 737 1741 alienam;
779 1697 824 1735 et
864 1694 1020 1749 prefati
1061 1694 1166 1736 iuris
1210 1694 1537 1750 privilegiorum
1572 1694 1686 1737 suisf
1716 1695 1926 1737 abusibus
1966 1697 2082 1737 facta
2122 1709 2304 1752 expers,
2344 1701 2390 1737 ut

182 1765 350 1821 pupilla
380 1778 466 1806 non
498 1764 701 1805 restituta
734 1765 776 1805 in
808 1764 1026 1819 integrum
1057 1777 1197 1820 usque
1221 1764 1275 1805 ad
1298 1764 1448 1806 fatalia
1470 1768 1668 1820 tempora
1689 1765 1877 1806 iacuisti.
1931 1765 1967 1807 O
1990 1765 2115 1806 radix
2139 1765 2387 1807 felicissima

182 1833 448 1876 invencionis
491 1833 679 1888 imperii,
725 1833 910 1888 primum
943 1833 1194 1889 concipiens
1228 1847 1446 1885 cesarem,
1489 1833 1630 1875 Roma
1662 1834 1874 1885 maxima,
1907 1834 2055 1875 mundi
2090 1838 2243 1889 caput,
2277 1847 2390 1874 nunc

183 1903 324 1959 capite
348 1915 483 1944 cares.
529 1901 786 1958 Imperabas
808 1901 988 1957 singulis
1011 1902 1206 1943 terminis
1230 1902 1346 1944 orbis
1369 1906 1498 1954 terre,
1522 1916 1635 1944 nunc
1654 1916 1754 1944 vero
1779 1903 1993 1959 imperiali
2016 1903 2180 1945 nudata
2199 1903 2387 1959 presidio

181 1976 396 2028 prostrata
435 1971 581 2013 iacens
622 1971 840 2013 intestinis
880 1984 1136 2025 guerrarum
1176 1972 1291 2013 intus
1333 1976 1377 2014 et
1418 1976 1543 2014 extra
1580 1972 1740 2027 iugiter
1773 1972 2008 2014 stimularis
2042 1973 2217 2014 aculeis.
2281 1972 2387 2013 Uni-

181 2054 328 2083 versos
351 2040 499 2082 mundi
521 2041 729 2082 terminos
756 2039 830 2096 [in]
857 2041 1170 2097 tranquillitate
1194 2042 1342 2097 pacisg
1366 2042 1577 2096 regimine
1600 2045 1673 2083 tue
1697 2041 2002 2097 gubernabash
2025 2041 2245 2093 industrie,
2278 2055 2390 2082 nunc

184 2109 245 2168 [te
268 2109 389 2165 vero]
422 2110 562 2166 ipsam
595 2109 875 2165 gubernantis
907 2110 1070 2152 auxilio
1102 2110 1178 2151 sici
1207 2110 1405 2166 privatak
1437 2111 1680 2166 gubernare
1713 2111 1902 2166 ignoras.
1955 2110 2007 2152 In
2040 2115 2081 2153 te
2104 2111 2186 2151 fuit
2209 2117 2388 2152 actenus

181 2179 310 2222 sedes
343 2193 393 2221 ac
426 2178 646 2221 habitacio
679 2179 885 2221 continua
918 2179 1105 2221 ecclesie
1139 2184 1431 2232 sacrosancte,
1465 2180 1576 2221 intra
1609 2183 1705 2222 tuos
1730 2194 1875 2222 sacros
1900 2194 2044 2221 muros
2067 2179 2265 2235 pontifex
2288 2180 2389 2234 eligi

181 2248 426 2297 consuevit;
465 2262 579 2290 nunc
610 2261 712 2289 vero
752 2261 831 2304 per
862 2248 1115 2304 peregrinas
1149 2248 1350 2290 civitates
1383 2252 1428 2290 et
1460 2249 1583 2290 villas
1615 2248 1812 2290 Romana
1844 2249 2032 2290 ecclesia
2064 2248 2146 2289 fuit
2178 2247 2389 2289 destituta

181 2317 470 2374 predictorum
504 2316 696 2359 omnium
728 2316 930 2359 incolatu.
994 2316 1235 2359 Considera
1269 2318 1399 2373 igitur
1431 2317 1533 2373 quid
1566 2317 1722 2370 fecisti,
1755 2321 1798 2359 et
1828 2317 2055 2368 erubesce,
2088 2316 2390 2358 animadverte

181 2400 265 2443 que
296 2400 410 2428 nunc
441 2400 488 2429 es
520 2390 564 2428 et
595 2385 709 2442 agis,
752 2390 797 2428 et
837 2386 1094 2442 ingemisce,
1136 2386 1359 2442 quoniam¹
1390 2386 1586 2429 Romana
1619 2387 1829 2439 ecclesia,
1871 2391 1920 2428 ut
1951 2391 2125 2429 tenetur
2156 2386 2391 2428 affeccione

181 2459 396 2508 materna,
434 2456 478 2497 in
509 2454 626 2496 nullo
659 2459 703 2497 te
734 2453 932 2511 respicit,
967 2459 1072 2497 setm
1104 2459 1177 2497 tue
1212 2456 1451 2512 reipuplice
1487 2460 1647 2498 statum
1679 2456 1899 2497 novercali
1933 2470 2013 2498 sua
2044 2455 2203 2498 insidia
2234 2469 2390 2497 nover-

182 2529 315 2567 catur.
407 2523 502 2580 (18)
534 2523 591 2564 Et
620 2523 719 2566 ideo
753 2538 810 2566 ex
839 2524 1173 2567 mansuetudine
1206 2525 1453 2567 serenitatis
1482 2529 1630 2567 nostre
1653 2525 1730 2566 tibi
1754 2525 2075 2580 compacientes
2099 2539 2228 2580 quam
2251 2525 2387 2581 pluri-

182 2608 313 2647 mum,
345 2598 388 2636 te
421 2593 576 2636 docere
609 2593 874 2635 intendimus
906 2594 1196 2636 restitucionis
1228 2595 1270 2636 in
1304 2595 1522 2650 integrum
1555 2595 1728 2636 titulum
1761 2594 1839 2636 tibi
1871 2593 2012 2636 modis
2042 2593 2240 2635 omnibus
2265 2608 2390 2649 opor-

182 2667 346 2715 tunum,
378 2667 425 2704 ut
455 2666 498 2704 te
530 2661 683 2704 urbem
715 2662 928 2714 inclitam,
962 2663 1016 2705 ad
1049 2677 1178 2718 quam
1211 2663 1382 2705 occulos
1415 2664 1656 2706 maiestatis
1689 2667 1838 2705 nostre
1871 2663 2122 2718 dirigimus,
2156 2662 2280 2704 solite
2313 2667 2386 2704 tue

182 2731 489 2774 dominacionis
530 2732 706 2787 antiquo
753 2731 1004 2774 felicissimo
1052 2732 1187 2774 statui
1224 2737 1540 2785 restauremus,
1589 2736 1636 2774 ut
1682 2733 1878 2788 cupimus
1920 2736 1963 2774 et
2005 2731 2129 2773 nobis
2172 2730 2390 2787 desupern

183 2800 373 2843 dandum
404 2800 550 2843 divino
583 2807 922 2856 consperamus⁰
954 2800 1127 2853 iudicio,
1161 2816 1258 2843 cum
1283 2801 1491 2857 scriptum
1515 2802 1586 2843 sit:
1621 2801 1751 2857 ‘quod
1773 2801 1912 2843 omnis
1935 2804 2129 2856 potestas
2152 2814 2177 2841 a
2200 2799 2389 2842 Domino

182 2869 279 2912 Deo
298 2868 378 2912 est’
392 2870 421 2922 ³,
445 2874 488 2912 et
505 2870 678 2912 iterum:
701 2873 841 2912 ‘omne
860 2869 1008 2912 datum
1025 2870 1246 2926 optimum,
1270 2884 1395 2912 omne
1412 2870 1573 2912 donum
1595 2870 1837 2926 perfectum
1856 2870 1908 2912 de
1928 2883 2098 2912 sursum
2116 2874 2183 2911 est
2200 2869 2382 2911 descen·
2405 2887 2462 2914 lac.
2481 2892 2503 2914 ι.
2521 2891 2558 2915 ιγ4

183 2938 291 2981 dens
323 2952 350 2980 a
380 2942 504 2994 patre
535 2937 775 2991 luminum',
818 2953 989 2981 rursus:
1032 2941 1192 2982 ‘omnia
1231 2954 1310 2996 per
1340 2941 1482 2996 ipsum
1524 2940 1640 2982 facta
1672 2944 1771 2982 sunt
1803 2943 1845 2981 et
1877 2940 1970 2981 sine
2002 2940 2094 2994 ipso
2128 2938 2289 2980 facturn
2321 2942 2550 2983 est1‹.1..1.³.

183 3006 343 3050 nichil’.
406 3007 540 3049 Cuius
572 3007 776 3063 equidem
808 3007 990 3050 dextera
1021 3009 1261 3050 maiestatis
1283 3013 1432 3051 nostre
1456 3009 1595 3065 gloria
1616 3009 1805 3050 feliciter
1826 3008 2070 3064 imperabit.
2122 3007 2220 3050 Hec
2243 3011 2386 3049 tecum

182 3089 313 3132 agere
344 3075 621 3127 intendimus,
652 3076 795 3119 Roma
825 3077 1028 3129 maxima,
1062 3077 1210 3120 mundi
1253 3078 1406 3134 capud,
1439 3083 1487 3120 ut
1518 3082 1606 3120 tam
1639 3076 1897 3119 auctoritate
1930 3078 1991 3119 tui
2016 3082 2207 3128 senatus,
2241 3077 2389 3132 populi

322 3200 409 3237 424.
443 3203 471 3246 Β)
497 3205 722 3248 transgressio
748 3205 912 3248 aspiravit
937 3216 963 3238 0.
1048 3204 1072 3248 t)
1097 3217 1215 3239 eorum
1240 3205 1280 3239 P.
1364 3205 1399 3249 u)
1426 3206 1677 3239 amministrant
1701 3216 1728 3238 c.
1811 3204 1842 3246 V)
1870 3205 2023 3237 Romana
2048 3203 2089 3236 P.
2168 3202 2208 3245 w)
2235 3203 2391 3237 termina-

185 3260 299 3295 biliter
325 3260 361 3294 C'.
461 3261 495 3304 X)
521 3273 594 3295 esse
622 3261 657 3296 C.
750 3261 782 3304 y)
813 3273 858 3296 30.
883 3262 1028 3301 litteras;
1064 3263 1172 3297 claros
1200 3263 1235 3296 C.
1330 3263 1358 3304 z)
1384 3264 1594 3307 approbatur
1619 3262 1659 3295 P.
1754 3259 1785 3304 ²²)
1812 3261 1885 3304 ipsa
1914 3261 1949 3294 Ο.
2044 3259 2075 3303 b)
2101 3261 2326 3303 usurpacione
2357 3261 2391 3293 Ο.

186 3316 240 3361 ι’”)
265 3318 410 3352 educata
434 3330 462 3352 0.
557 3319 587 3362 ⁰)
613 3319 822 3353 coronabant
846 3318 886 3353 P.
980 3317 1013 3362 d)
1039 3331 1117 3353 cum
1145 3320 1186 3360 0,·
1211 3326 1279 3353 tam
1304 3320 1345 3354 P.
1441 3320 1471 3361 e)
1499 3346 1506 3354 .
1524 3345 1531 3352 .
1549 3345 1557 3352 .
1583 3319 1666 3352 aad.
1688 3318 1723 3352 C.
1818 3316 1849 3360 s)
1873 3319 1942 3351 tuis
1967 3317 2007 3351 P.
2101 3316 2135 3360 8)
2162 3342 2169 3350 .
2193 3342 2224 3350 ..
2251 3317 2333 3350 add.
2356 3316 2392 3349 O.

185 3373 219 3417 h)
243 3371 508 3418 gubernacionis
533 3388 560 3410 0.
701 3375 724 3419 i)
751 3382 802 3411 set
827 3376 866 3411 P.
1006 3374 1041 3420 k)
1066 3378 1202 3420 penitus
1228 3389 1254 3410 0.
1396 3375 1421 3420 1)
1447 3402 1455 3410 .
1475 3403 1482 3411 .
1508 3389 1614 3421 quum
1643 3376 1678 3410 C.
1811 3374 1854 3416 m)
1879 3381 1962 3408 tunc
1987 3374 2068 3407 add.
2088 3385 2113 3407 0.
2142 3380 2253 3407 ortam
2279 3385 2319 3408 ex
2344 3374 2393 3407 bis

185 3432 310 3476 scripto
335 3438 404 3467 tue.
521 3433 555 3476 ¹²)
582 3439 616 3468 te
641 3445 745 3478 super
771 3434 808 3467 C'.
927 3434 959 3476 0)
985 3435 1216 3478 conspiremus
1246 3435 1281 3469 Ο.

324 3547 360 3592 1)
393 3546 518 3581 Huius
547 3547 770 3582 narrationis
801 3546 1048 3582 documentum
1078 3547 1365 3592 antiquissimum
1395 3558 1467 3582 esse
1500 3546 1641 3581 addetur
1670 3554 1811 3580 carmen
1834 3543 1998 3579 Waltheri
2023 3543 2064 3578 de
2090 3542 2298 3589 Voyelweide
2322 3544 2391 3587 (ecl.

187 3602 400 3638 Lachmann
419 3615 459 3648 p.
479 3606 558 3648 25);
588 3603 712 3639 deinde
737 3604 919 3639 adnotatio
942 3604 1101 3649 maryini
1124 3605 1185 3647 fol.
1206 3609 1249 3640 64
1279 3604 1410 3639 coelicis
1434 3603 1712 3639 Vindobonensis
1738 3601 1834 3637 Hist.
1862 3601 1939 3636 eccl.
1958 3605 1999 3635 29
2023 3611 2135 3635 mann
2158 3611 2246 3636 saec.
2268 3601 2388 3636 XIII.

185 3659 297 3705 illata,
332 3671 440 3705 quam
469 3661 630 3705 repetivit
655 3662 784 3705 Haupt
807 3661 886 3696 thid.
916 3673 954 3706 P-
973 3666 1036 3697 148
1060 3672 1103 3697 ατ
1128 3662 1284 3697 ‘Archiv'
1310 3662 1394 3706 VII,
1414 3667 1487 3698 475.
1606 3662 1642 3706 2)
1667 3671 1693 3696 0.
1714 3665 1736 3695 8
1765 3660 1800 3695 G.
1820 3659 1852 3695 I.
1871 3665 1900 3703 1,
1917 3665 1934 3693 1
1966 3658 2026 3703 (de
2051 3670 2194 3693 summa
2219 3659 2390 3693 trinitate

119 3725 153 3751 so
188 3719 226 3754 et
251 3718 296 3753 de
321 3718 392 3753 fide
417 3718 617 3763 catholica)
643 3719 798 3754 cmztinet
824 3719 989 3763 epistolas
1015 3720 1188 3755 Iohannis
1206 3731 1326 3765 papae
1350 3723 1382 3755 et
1407 3719 1609 3754 Iustiniani
1634 3717 1869 3762 imperatoria
1985 3716 2020 3759 3)
2048 3714 2101 3758 C's.
2130 3717 2231 3752 Rom.
2250 3720 2299 3760 13,
2315 3722 2342 3751 1.

2047 3778 2116 3812 71*
