2558 3970
61 3935 93 3970 ³?-
67 3887 88 3929 ,Ἃρ-
76 3868 79 3874 -

89 1278 120 1303 10

93 1627 123 1651 15

99 2314 131 2340 25

108 3014 140 3040 35

692 171 930 205 FRIDERlCl
958 171 999 205 11.
1027 170 1458 205 CONs'rl'rU'rlotx'Es.
1514 172 1606 203 12115.
1660 169 1720 203 ΝΥ.
1738 171 1791 203 51».
2293 171 2343 207 73

207 432 300 500 59.
346 427 1144 500 ΟΟΝΕΙΒΜΑΤΙΟ
1199 426 1759 497 Ehlsswlfiltffi
1795 425 1882 496 18
1944 424 2165 494 Rsso
2198 424 2286 495 18

940 542 1077 614 Bo
1096 542 1383 613 HEM]
1410 542 1563 612 An.

1067 680 1210 726 1216.
1246 679 1333 726 Iul.
1358 678 1437 725 026.

295 825 424 867 Dedit
457 826 539 866 ἰαηι
571 826 667 866 olim
698 825 967 868 ivVattenbach
989 841 1039 865 (3.1.-
1060 824 1316 877 ‹zzeloyraplm
1337 824 1541 864 tabularii
1572 822 1911 865 Vindoboncnsis,
1943 820 2009 859 em?
2031 819 2235 871 apJnfiedcs!
2264 818 2352 868 silis

150 895 293 937 scricis
325 895 443 936 rubri
472 898 510 936 ct
539 895 627 936 albe?
657 895 804 936 coloris
847 895 963 936 bulla
993 909 1136 935 (turca.
1200 895 1255 935 In
1288 894 1402 946 plica
1441 892 1700 933 membranae
1733 904 1858 931 neam(
1897 889 2121 943 pasca-ior«-
2154 888 2352 937 scriplum

151 966 229 1005 est:
270 965 311 1014 R
342 978 370 1016 p
401 964 547 1007 Iohem
582 964 634 1005 de
669 963 815 1005 Glacz.
857 988 910 993 —
950 962 1411 1004 Iluillarcl-Brcsleollcs
1450 961 1485 1011 I,
1509 962 1606 1002 478.
1674 959 1867 1002 Biilemcr,
1915 957 2011 1010 13:151.
2053 958 2147 1009 imp.
2192 956 2233 999 V,
2259 957 2354 994 ΗΠ.

1977 1026 2046 1071 (P.
2069 1025 2210 1071 ‹lm-sl.)

301 1123 673 1177 {Fredericus}
719 1125 934 1167 secundus
991 1125 1136 1166 divina
1191 1124 1361 1165 favente
1416 1122 1651 1163 clementia
1707 1120 1998 1160 Ronmnorum
2056 1132 2128 1157 rcx
2186 1129 2356 1170 sempor

155 1199 366 1250 augustus
414 1198 457 1235 et
504 1208 580 1235 rex
623 1194 782 1235 Sicilie.
909 1194 952 1235 Si
998 1193 1259 1250 specialibus
1309 1197 1351 1233 ct
1396 1191 1589 1246 expertis
1637 1189 1838 1230 fidelibus
1889 1194 1930 1227 ct
1981 1186 2148 1227 dilectis
2201 1184 2357 1224 nostris

155 1262 338 1319 gratiam
382 1263 562 1304 facimus
602 1264 850 1319 specialem,
893 1278 977 1305 non
1018 1268 1084 1304 est
1126 1263 1362 1317 indignum,
1403 1266 1468 1302 set
1502 1262 1711 1301 consonat
1744 1256 1998 1298 omnimodis
2032 1255 2226 1310 equitati.
2295 1253 2351 1293 {⁴121

155 1337 330 1389 propter
362 1332 575 1373 universis
616 1333 783 1389 imperii
826 1333 1025 1374 fidelibus
1058 1338 1144 1373 tam
1186 1331 1462 1387 presentibus
1495 1344 1622 1384 quam
1663 1327 1817 1368 futuris
1851 1327 2169 1381 imperpetuum
2204 1328 2352 1362 notum

156 1415 254 1443 esse
296 1401 491 1442 volumus
534 1401 660 1457 quod,
703 1402 834 1443 misso
876 1402 929 1442 ad
971 1402 1235 1457 presentiam
1280 1405 1470 1441 nostram
1504 1397 1741 1440 Benedicto
1775 1394 2007 1436 venerabili
2048 1391 2353 1433 archidiacono

156 1470 424 1522 Belinensi³,
481 1476 776 1526 exposuerunt
824 1471 1069 1512 celsitudini
1128 1475 1273 1511 nostre
1322 1469 1466 1510 dilecti
1521 1467 1673 1508 fideles
1721 1465 1854 1506 nostri
1904 1462 2116 1503 Henricus
2171 1459 2358 1500 marchio

158 1539 352 1581 Morauie
377 1545 418 1581 et
441 1540 700 1581 universitas
732 1546 980 1595 magnatum
1014 1546 1056 1581 et
1080 1539 1285 1581 nobilium
1309 1538 1506 1588 Boemie,
1540 1535 1650 1591 quod
1676 1534 1844 1576 comuni
1870 1532 2091 1572 voluntate
2116 1534 2157 1570 et
2180 1541 2360 1569 assensu

160 1608 303 1650 dilecti
344 1609 478 1649 nostri
520 1608 694 1650 Odacrii
742 1609 920 1650 illustris
963 1610 1074 1664 regis
1114 1608 1294 1650 Boemie
1341 1608 1569 1661 elegerunt
1612 1605 1653 1645 in
1697 1617 1843 1658 regem
1886 1615 2032 1642 eorum
2066 1595 2361 1639 Venczlaunlb

158 1677 291 1719 filium
336 1677 471 1733 ipsius
516 1679 629 1732 regis
672 1678 849 1719 Boemie
896 1678 1245 1734 primogenitum.
1317 1676 1499 1730 Propter
1545 1673 1658 1728 quod
1706 1671 1921 1712 maiestati
1967 1675 2111 1709 nostre
2154 1665 2361 1707 attentius

159 1747 467 1803 supplicarunt,
506 1752 553 1788 ut
599 1748 853 1789 electionem
894 1748 1030 1803 ipsius
1069 1745 1304 1788 Venczlaib
1353 1748 1490 1786 ratam
1535 1742 1796 1784 haberemus
1842 1744 1884 1780 ct
1933 1739 2097 1778 firmam
2139 1741 2181 1776 et
2223 1733 2361 1774 cidem

159 1820 352 1857 nostrum
400 1815 635 1871 benignum
682 1817 1001 1872 impcrtiremur
1048 1829 1285 1857 assensum.
1368 1813 1455 1854 Nos
1506 1817 1651 1853 autem
1697 1810 1796 1866 quia
1848 1808 1988 1849 votive
2038 1803 2364 1860 supplicationis

162 1885 287 1926 huius
321 1885 522 1926 affectum
563 1900 618 1926 ex
657 1900 813 1941 magne
851 1886 1071 1927 fidelitatis
1109 1885 1263 1926 ardore
1305 1884 1500 1924 novimus
1535 1881 1778 1937 provenire.
1820 1875 2144 1918 considerantes
2186 1872 2362 1912 sinceri-

162 1959 294 1996 tatem
334 1953 433 1996 fidei
470 1959 513 1996 et
553 1969 657 2010 pure
701 1955 944 1997 devotionis
989 1955 1124 2010 ipsius
1163 1953 1336 1995 Odacrii
1377 1952 1492 2006 regis
1533 1950 1732 2000 Boemie,
1780 1961 1907 2003 quam
1949 1958 2051 1999 erga
2092 1943 2361 1982 maiestatem

162 2027 352 2065 nostram
387 2023 595 2066 hactenus
628 2025 835 2066 habuisse
869 2024 1122 2071 dinoscitur,
1167 2022 1442 2064 attendentes
1477 2020 1605 2061 etiam
1639 2016 1848 2072 obsequia
1895 2014 1968 2054 filii
2004 2014 2067 2054 sui
2101 2009 2365 2063 Vcnczlayb,

163 2092 306 2135 dilecti
340 2093 495 2134 sororii
528 2094 678 2143 nostri,
723 2108 805 2149 que
846 2094 971 2135 nobis
1012 2098 1055 2135 ct
1088 2093 1268 2148 imperio
1301 2090 1491 2132 fideliter
1522 2088 1681 2144 poterit
1714 2085 1938 2127 exhibere.
1980 2083 2032 2123 dc
2067 2081 2193 2122 solita
2226 2079 2364 2134 gratia

163 2166 309 2203 nostra
356 2167 399 2203 et
446 2163 623 2203 consilio
669 2163 908 2218 principum
953 2167 995 2204 et
1037 2166 1287 2217 magnatum
1333 2159 1516 2215 imperii,
1564 2157 1636 2212 qui
1679 2160 1779 2196 tunc
1830 2154 1943 2194 circa
1987 2166 2062 2191 nos
2107 2147 2365 2190 existebant.

165 2230 416 2273 electionem
451 2232 705 2288 prephatam
738 2237 875 2273 ratam
909 2232 1119 2274 habemus
1153 2236 1194 2272 et
1215 2231 1383 2272 firmam
1417 2233 1460 2270 et
1482 2226 1759 2269 concedimus
1785 2222 1922 2265 eidem
1947 2217 2198 2262 Venczlaob
2232 2221 2365 2257 totum

167 2313 346 2355 regnum
376 2299 558 2343 Boemie
593 2316 689 2343 cum
731 2302 925 2344 terminis
959 2305 1001 2343 et
1034 2301 1148 2341 omni
1182 2301 1273 2341 iure
1307 2303 1351 2341 et
1383 2298 1547 2339 honore
1580 2309 1628 2336 ac
1660 2292 1899 2334 rationibus
1933 2290 2070 2331 eidem
2105 2301 2237 2342 regno
2272 2299 2366 2341 per-

166 2369 417 2419 tinentibus,
459 2370 570 2412 sieut
608 2371 748 2427 ipsum
789 2385 970 2426 regnum
1010 2374 1136 2426 pater
1169 2383 1271 2410 suus
1306 2372 1349 2409 et
1381 2367 1454 2408 alii
1487 2364 1821 2421 predecessores
1856 2361 1921 2401 sui
1954 2364 2040 2400 tam
2074 2357 2205 2397 duces
2239 2368 2366 2409 quam

166 2452 293 2494 reges
316 2452 517 2494 umquam
540 2440 695 2481 melius
725 2444 958 2482 tenuerunt
979 2445 1021 2481 et
1044 2438 1348 2495 possederunt.
1402 2434 1659 2476 Mandamus
1683 2432 1828 2486 itaque
1853 2435 1896 2471 et
1919 2427 2098 2469 firmiter
2122 2425 2366 2468 statuimus,

167 2510 214 2548 ut
244 2521 513 2564 quecumque
545 2523 733 2564 persona
766 2509 1060 2551 ecclesiastica
1084 2509 1152 2549 vel
1187 2506 1395 2548 secularis
1428 2505 1539 2545 hanc
1573 2505 1765 2543 nostram
1799 2496 2166 2541 confirmationem
2201 2499 2242 2534 et
2266 2506 2367 2533 con-

170 2576 414 2618 cessionem
436 2578 668 2633 infringere
691 2579 760 2620 vel
784 2592 998 2620 evacuare
1023 2575 1350 2633 presumpserit,
1383 2573 1498 2614 mille
1532 2572 1664 2613 libras
1689 2570 1781 2610 auri
1804 2567 1898 2624 puri
1923 2569 2166 2620 componat,
2191 2575 2369 2617 quarum

171 2645 380 2688 medietas
421 2661 593 2690 camere
634 2652 793 2699 nostre,
836 2648 974 2689 altera
1005 2660 1107 2689 vero
1146 2646 1345 2687 iniuriam
1377 2642 1515 2699 passis
1548 2640 1834 2696 persolvatur.
1897 2635 1956 2676 Ut
1988 2638 2131 2674 autem
2166 2632 2244 2672 hec
2279 2635 2370 2670 rata

172 2719 216 2757 et
252 2715 376 2758 firma
413 2717 728 2772 imperpetuum
767 2720 1068 2773 perseverent,
1108 2729 1288 2771 presens
1331 2711 1606 2768 privilegium
1646 2707 1773 2750 scribi
1814 2709 1856 2747 et
1887 2704 2005 2746 bulla
2037 2715 2170 2744 aurea
2203 2699 2371 2755 typario

171 2788 318 2827 nostre
350 2786 592 2828 maiestatis
624 2787 839 2842 impresa⁰
872 2786 1134 2842 precipimus
1169 2781 1435 2825 communiri.

315 2861 458 2903 Huius
505 2862 567 2903 rei
614 2866 750 2904 testes
797 2865 916 2902 sunt:
967 2859 1181 2916 Syffridus
1223 2855 1515 2912 Augustensis
1555 2853 1802 2908 episcopus,
1836 2848 2009 2889 Vlricus
2051 2844 2184 2886 abbas
2224 2842 2373 2883 Sancti

175 2929 303 2980 Galli,
337 2930 453 2972 Oono
478 2930 613 2972 abbas
636 2930 917 2981 Elwacensis‚
950 2930 1166 2971 Henricus
1190 2927 1324 2969 abbas
1347 2921 1722 2979 Campidonensis,
1747 2917 1962 2960 Radulfus
1986 2914 2201 2971 palatinus
2226 2925 2371 2952 comes

177 3001 230 3043 de
261 3000 487 3056 Twingen,
520 3014 666 3042 comes
698 2999 1024 3041 Hartemannus
1057 2997 1108 3039 de
1141 2994 1450 3043 Wirtemberc,
1485 3005 1630 3033 comes
1662 2987 1917 3030 Lodowieus
1951 2985 2084 3024 frater
2116 2982 2224 3031 eius,
2258 2980 2371 3021 Her-

175 3084 356 3112 mannus
395 3069 586 3111 marchio
619 3069 671 3110 de
703 3068 869 3118 Baden,
910 3067 1040 3122 Hugo
1080 3066 1222 3107 iunior
1260 3063 1481 3119 palatinus
1515 3073 1661 3102 comes
1701 3057 1752 3098 de
1785 3055 2012 3108 Twingen,
2053 3064 2197 3092 comes
2230 3048 2370 3090 Lodo-

175 3139 307 3181 wicus
339 3139 393 3181 de
417 3138 635 3193 Otyngen,
668 3137 901 3180 Bertoldus
927 3137 978 3177 de
1000 3134 1202 3191 Nyphen,
1233 3132 1469 3174 Anselmus
1493 3129 1545 3171 de
1570 3128 1797 3181 Iustingen
1821 3122 2124 3171 marescalcus,
2149 3117 2374 3159 Walterus

176 3207 231 3249 de
264 3207 384 3264 Syph
415 3208 635 3263 pincerna,
669 3211 711 3249 et
743 3207 816 3248 alii
849 3220 978 3262 quam
1009 3205 1169 3260 plures

321 3284 414 3340 Ego
449 3283 673 3325 Conradus
704 3282 914 3324 Metensis
955 3286 998 3322 et
1040 3278 1250 3335 Spirensis
1294 3275 1525 3331 episeopus
1566 3269 1802 3326 imperialis
1835 3267 1932 3307 aule
1967 3262 2249 3306 cancellarius
2286 3261 2375 3301 vice

181 3353 340 3396 domini
388 3352 565 3409 Syffridi
609 3351 863 3407 Maguntine
912 3350 1027 3391 sedis
1079 3344 1391 3401 archiepiscopi
1451 3346 1493 3384 et
1542 3340 1673 3381 totius
1721 3335 1951 3378 Germanic
2005 3328 2374 3374 archicancellarii

182 3423 428 3479 recognovi.

325 3492 436 3534 Acta
474 3495 574 3532 sunt
611 3490 691 3532 hec
733 3503 843 3531 anno
888 3487 1102 3529 dominice
1145 3480 1454 3525 incarnationis
1493 3474 1737 3523 MOOXVL
1779 3471 1879 3512 VII.
1913 3469 2011 3511 Kal.
2045 3467 2246 3522 Augusti,
2292 3464 2376 3505 ind.

180 3559 312 3614 111122,
355 3564 564 3616 regnante
614 3549 786 3600 domino
835 3562 979 3599 nostro
1027 3553 1258 3596 Frederico
1296 3550 1356 3591 II.
1404 3548 1489 3590 Dei
1533 3545 1672 3601 gratia
1715 3542 2010 3583 Romanorum
2058 3549 2160 3590 rege
2208 3545 2378 3587 semper

317 3686 380 3722 59-
413 3686 444 3729 ³)
468 3687 506 3719 in
531 3686 603 3719 loco
627 3697 709 3718 raso
734 3696 784 3718 or.
878 3683 911 3726 b)
939 3684 1049 3717 littera
1075 3693 1093 3715 e
1118 3691 1220 3724 super
1246 3678 1360 3711 littera
1383 3687 1401 3709 e
1427 3676 1554 3717 scripta
1578 3677 1635 3712 ese,
1660 3680 1746 3713 quae
1770 3669 1807 3700 z'n
1832 3667 1923 3699 linea
1948 3664 2069 3706 leqitur
2087 3674 2136 3694 or.
2209 3660 2239 3699 c)
2266 3660 2312 3691 sic
2330 3670 2379 3690 or.

318 3771 368 3796 u..
396 3769 678 3795 CONSTITU'HONES
694 3768 726 3792 11.
2066 3734 2109 3767 10
