2558 3970
0 1688 162 1714 1··1ι.11“.,1“.δ.

178 194 257 229 511·
581 186 862 221 INNOCENTH
890 186 949 219 IV.
977 184 1242 219 CONCILIUM
1270 183 1601 218 LUGDUNENSE.
1653 184 1749 217 1245.
1800 184 1956 218 Nix-100.

179 309 248 341 et¹¹
290 301 607 341 suecessoribus
649 302 739 341 eius
783 301 1050 354 ecclesieque
1093 299 1286 340 Romane
1332 313 1408 354 pro
1448 298 1723 339 concessione
1764 299 1885 352 regni
1920 298 2064 340 Sicilie
2108 299 2160 340 ab
2202 298 2352 340 eadem

177 371 355 409 eei-lesia
392 370 470 408 31111
504 370 616 409 faeta
651 369 868 409 fidelitatis
890 369 1077 424 prestitit
1106 369 1390 409 iuramentum
1416 373 1471 413 et,
1504 367 1615 407 sicut
1637 365 1802 415 dicitur,
1835 367 1940 407 illud
1963 366 2091 414 idem,
2125 371 2352 422 postquam

177 439 227 478 :nl
274 438 452 477 eandem
495 437 748 489 dignitatem
797 439 959 478 electus
1003 437 1144 477 extitit
1188 443 1229 477 et
1271 437 1387 477 venit
1429 436 1481 476 ad
1515 434 1696 483 Urbem,
1737 448 1876 475 coram
1911 435 2059 476 codem
2102 435 2136 477 I.
2179 436 2352 490 suisque

178 507 389 547 fratribus.
425 506 516 546 aliis
551 507 695 546 multis
728 507 1018 560 presentibus,
1052 506 1196 560 ligium
1232 506 1463 546 hominium
1498 505 1540 544 in
1574 503 1666 544 eius
1698 503 1861 543 faciens
1895 502 2090 543 manibus
2121 503 2354 545 innovavit.

180 574 342 614 Deinde
382 588 475 614 eum
517 575 557 614 in
591 575 847 615 Alamannia.
879 580 1012 617 essct.
1055 574 1192 615 eidem
1227 574 1259 614 I.
1294 578 1355 617 et.
1401 574 1492 627 ipso
1526 572 1746 623 defuncto,
1781 572 1889 612 bone
1921 572 2127 612 memorie
2160 571 2352 612 Honorio

178 658 284 697 pape
326 643 618 698 predecessori
662 648 806 683 nostro
848 649 888 682 et
922 644 1014 683 eius
1055 643 1378 683 successoribus
1411 656 1459 682 ae
1493 641 1573 695 ipsi
1606 640 1788 681 ecclesie
1820 639 2038 690 Romane,
2081 640 2354 695 presentibus

178 712 338 766 imperii
365 712 623 766 principibus
646 716 773 765 atque
799 711 1029 758 nobilibus,
1054 711 1209 751 iuravit
1232 711 1431 762 lionorcs,
1455 711 1548 750 iura
1572 714 1614 749 ct
1636 709 1932 763 possessiones
1955 708 2147 749 Romane
2172 709 2356 750 ecclesie

178 795 252 834 pro
295 794 420 834 posse
461 794 535 820 suo
579 794 753 820 servare
792 794 838 819 ae
878 784 1105 834 protegere
1150 779 1263 820 bona
1305 779 1407 828 fide,
1447 783 1489 818 et
1529 777 1641 832 quod
1685 790 1950 831 quecumque
1983 776 2035 817 ad
2075 791 2226 818 manus
2258 791 2358 818 suas

177 848 447 889 devenirent.
497 849 589 889 sine
631 848 884 888 difficultate
932 848 1159 889 restituere
1204 852 1478 902 procuraret,
1525 847 1752 887 nominatis
1787 859 1995 900 expresse
2028 845 2151 887 dictis
2185 860 2356 901 posses-

178 918 367 958 sionibus
402 918 441 957 in
477 917 717 957 huiusmodi
751 918 1013 958 iuramento:
1055 916 1167 971 quod
1208 916 1478 971 postmodum
1518 915 1785 956 confirmavit
1817 921 2042 955 00100001ο
2073 915 2241 970 110ρο111
2273 915 2357 955 1010

177 986 369 1040 adeptus.
434 986 508 1027 Set
552 986 698 1026 horum
744 986 869 1026 trium
912 986 1247 1026 iuramentorum
1287 985 1542 1026 temerarius
1582 984 1727 1025 extitit
1760 983 1940 1024 violator
1974 997 2056 1024 non
2090 984 2181 1024 sine
2213 983 2358 1038 prodi-

177 1057 302 1095 tionis
342 1065 438 1095 nota
487 1061 528 1094 et
572 1056 659 1095 lese
705 1055 878 1094 erimine
927 1055 1180 1095 maiestatis.
1251 1053 1360 1094 Nam
1400 1058 1546 1094 contra
1588 1052 1800 1108 prefatum
1846 1052 2198 1107 predecessorem
2233 1051 2282 1093 Gr.
2319 1055 2361 1093 et

179 1124 330 1163 frati-es
366 1138 461 1163 suos
496 1124 842 1163 comminatorias
874 1123 1041 1164 litteras
1076 1122 1233 1163 eisdem
1267 1122 1471 1163 fratribus
1496 1122 1713 1162 destinare
1736 1136 1785 1162 ac
1809 1121 1966 1163 dictum
1992 1121 2042 1163 G.
2067 1123 2180 1178 apud
2204 1123 2361 1165 fratres

178 1195 313 1249 ipsos.
357 1194 466 1233 sieut
507 1197 684 1247 apparet
726 1206 801 1247 per
840 1192 1004 1233 lit-teras
1038 1191 1090 1231 ab
1124 1205 1174 1231 eo
1206 1195 1307 1231 tunc
1340 1190 1524 1231 directas
1559 1190 1740 1241 eisdem,
1784 1195 1826 1231 et
1859 1191 2012 1241 etiam,
2054 1196 2179 1246 prout
2210 1192 2360 1243 fertur,

177 1277 250 1319 per
288 1264 530 1303 universum
573 1263 663 1302 fere
705 1261 851 1302 orbem
899 1265 1109 1301 terrarum
1149 1260 1443 1315 multipliciter
1481 1259 1702 1300 diffamare
1742 1261 2014 1315 presumpsit.
2076 1260 2140 1302 Ae
2179 1275 2359 1302 venera-

176 1333 303 1373 bilem
338 1332 509 1372 fratrem
551 1336 740 1371 nostrum
774 1329 822 1371 O.
857 1330 1155 1379 Portuensem,
1189 1333 1288 1369 tunc
1320 1328 1466 1370 Sancti
1498 1328 1663 1369 Nicolai
1695 1329 1736 1369 in
1770 1328 1955 1370 Carcere
1989 1329 2184 1370 Tulliano
2216 1329 2361 1371 diaco-

178 1415 274 1441 num
309 1400 590 1445 cardinalem,
632 1404 673 1440 et
704 1399 815 1440 bone
846 1398 1052 1439 memorie
1086 1398 1119 1438 Ι.
1152 1397 1451 1438 Penestrinum
1485 1398 1730 1452 episcopos),
1765 1398 2000 1452 apostolice
2033 1398 2147 1439 sedis
2179 1399 2362 1454 legatOS,

178 1470 333 1510 nobilia
375 1475 416 1509 ct
460 1484 611 1523 magna
648 1468 828 1509 ecclesie
861 1468 1055 1508 Romane
1089 1466 1304 1517 membra,
1345 1466 1630 1520 personaliter
1662 1466 1757 1520 capi
1793 1466 1895 1507 fecit
1928 1471 1969 1508 et
2009 1466 2130 1508 bonis
2164 1467 2362 1508 omnibus

179 1539 381 1594 spoliatos
424 1553 471 1578 ac
512 1551 586 1592 per
628 1537 799 1578 diversa
842 1537 937 1576 loca
976 1551 1059 1576 non
1105 1536 1239 1576 semel
1281 1535 1563 1590 ignominiose
1597 1534 1804 1575 deductos
1837 1536 2079 1576 carceribus
2112 1536 2362 1590 mancipari.

180 1608 454 1662 Privilegium
496 1609 682 1661 insuper.
726 1606 836 1661 quod
871 1606 996 1646 beato
1031 1605 1160 1646 Petro
1194 1609 1237 1645 et
1269 1604 1590 1645 successoribus
1625 1604 1717 1645 eius
1752 1604 1794 1643 in
1827 1604 1919 1658 ipso
1952 1604 2127 1645 tradidit
2159 1604 2360 1646 dominus

182 1677 301 1717 Iesus
327 1676 535 1727 Christus,
570 1675 788 1716 videlicet:
824 1674 1136 1729 'quodcumque
1168 1674 1370 1728 ligaveris
1404 1687 1533 1728 super
1564 1678 1737 1719 terram,
1771 1673 1850 1713 erit
1881 1673 2058 1727 ligatum
2093 1677 2135 1714 et
2166 1674 2207 1713 in
2242 1673 2360 1726 celis,

181 1752 222 1786 ct
254 1745 552 1800 quodcumque
586 1745 769 1785 solveris
803 1758 932 1798 super
964 1748 1135 1787 terram,
1170 1743 1251 1783 erit
1285 1743 1470 1783 solutum
1495 1747 1538 1783 et
1560 1742 1600 1782 in
1626 1741 1756 1793 celis⁷,
1790 1741 1830 1781 in
1854 1755 1936 1796 quo
1959 1742 2106 1796 utique
2129 1741 2362 1782 auctoritas

181 1826 222 1855 et
255 1820 447 1870 potestas
480 1814 664 1854 ecclesie
699 1813 894 1853 Romane
928 1812 1141 1862 consistit,
1183 1825 1259 1865 pro
1292 1811 1454 1851 viribus
1487 1810 1727 1851 diminuere
1760 1811 1829 1850 vel
1861 1811 1943 1865 ipsi
1977 1811 2160 1851 ecclesie
2193 1810 2363 1852 auferre

179 1884 349 1938 sategit,
384 1883 578 1924 scribens
613 1897 657 1923 se
692 1882 846 1937 prefati
883 1880 934 1921 G.
970 1880 1206 1921 sententias
1240 1894 1324 1920 non
1357 1880 1506 1930 vereri,
1540 1880 1670 1920 latam
1702 1879 1754 1920 ab
1789 1893 1840 1920 eo
1873 1879 2364 1920 excommunicationem

179 1954 218 1992 in
253 1954 389 2008 ipsum
425 1966 507 1992 non
541 1952 678 1991 solum
723 1950 981 2005 contemptis
1016 1949 1201 1990 ecclesie
1235 1949 1426 1989 clavibus
1469 1963 1553 1989 non
1587 1948 1819 2000 servande,
1862 1962 2010 1989 verum
2045 1948 2174 1989 etiam
2207 1962 2285 2003 per
2316 1962 2363 1989 se

179 2037 225 2061 ac
271 2021 473 2061 officiales
521 2034 619 2060 suos
661 2024 703 2060 et
746 2021 863 2060 illam
907 2024 948 2059 et
980 2019 1086 2059 alias
1121 2018 1573 2059 excommunicationis
1609 2018 1674 2058 vel
1708 2016 1924 2058 interdicti
1958 2017 2215 2069 sententias,
2261 2030 2366 2072 quas

180 2091 290 2131 idem
336 2091 505 2130 omnino
548 2089 825 2143 contempsit,
871 2087 1063 2142 cogendo
1104 2088 1212 2128 alios
1255 2101 1339 2127 non
1383 2100 1569 2127 servare.
1635 2086 1944 2127 Possessiones
1983 2099 2153 2141 quoque
2194 2085 2363 2141 prefate

181 2159 374 2199 Romane
415 2159 617 2205 ecclesie,
662 2157 863 2198 videlicet
896 2156 1152 2206 Marchiam,
1193 2155 1431 2207 Ducatum,
1463 2155 1789 2205 Beneuentum,
1823 2155 1942 2195 cuius
1976 2168 2117 2196 muros
2151 2158 2195 2196 et
2225 2159 2366 2196 turres

180 2227 286 2268 dirui
320 2227 433 2278 feeit.
470 2241 518 2267 ac
552 2227 655 2267 alias
689 2240 793 2280 quas
825 2226 868 2266 in
892 2225 1046 2266 Tuscie
1070 2238 1119 2266 ac
1142 2224 1402 2266 Lombardie
1424 2224 1617 2279 partibus
1642 2228 1684 2265 et
1707 2223 1991 2278 quibusdamp
2023 2223 2120 2264 aliis
2144 2223 2366 2279 optinebat

181 2296 302 2336 locis.
343 2296 490 2349 paucis
525 2295 739 2351 exceptis,
773 2307 982 2349 occupare
1015 2308 1100 2334 non
1132 2296 1356 2343 metuens,
1390 2307 1464 2334 eas
1497 2292 1636 2333 adhuc
1668 2292 1830 2333 detinet
1861 2296 2108 2347 occupatas.
2168 2291 2226 2333 Et
2255 2296 2365 2334 tam-

182 2379 305 2419 quam
349 2365 387 2405 ei
420 2378 503 2405 non
538 2364 774 2415 sufficeret,
815 2362 927 2418 quod
967 2362 1193 2403 manifeste
1227 2366 1377 2403 contra
1420 2362 1661 2403 iuramenta
1700 2362 1911 2416 premissa
1944 2361 2230 2417 presumendo
2263 2361 2368 2402 talia

182 2435 394 2475 veniebat.
429 2448 507 2488 per
541 2448 585 2474 se
620 2433 687 2475 vel
722 2447 822 2473 suos
847 2432 1053 2473 officiales
1079 2431 1327 2473 earumdem
1351 2431 1675 2486 possessionum
1705 2431 1899 2472 homines
1924 2430 2124 2471 deierare
2147 2430 2365 2486 compulit,

183 2505 297 2559 ipsos
331 2519 353 2544 a
386 2504 637 2545 iuramentis
668 2502 903 2549 fidelitatis,
937 2501 1090 2555 quibus
1114 2500 1307 2541 Romane
1333 2501 1594 2542 tenebantur
1618 2500 1817 2548 ecclesie,
1841 2499 1893 2541 de
1925 2499 2051 2551 facto,
2085 2513 2179 2540 cum
2203 2499 2254 2540 de
2278 2499 2368 2540 iure

183 2587 264 2613 non
310 2579 475 2628 posset.
520 2572 748 2612 absolvens
788 2575 831 2611 et
869 2570 1029 2611 faciens
1069 2569 1240 2610 eosdem
1279 2569 1533 2610 fidelitatem
1567 2569 1867 2610 nichilominus
1897 2568 2099 2610 abviareq
2131 2568 2367 2624 predictam

185 2641 350 2696 sibique
382 2641 599 2681 fidelitatis
641 2633 880 2680 huiusmodi
921 2639 1161 2679 iuramenta
1202 2642 1408 2692 prestare.
1530 2637 1595 2692 (6)
1634 2637 1761 2679 Pacis
1794 2651 1896 2678 vero
1937 2638 2077 2692 ipsum
2111 2637 2364 2678 violatorem

186 2711 371 2751 existere
413 2710 540 2764 plene
574 2712 761 2759 constat,
803 2708 901 2762 quia
933 2721 1028 2748 cum
1061 2707 1161 2747 olim
1205 2712 1400 2761 tempore
1432 2707 1551 2761 pacis
1584 2707 1697 2747 inter
1728 2707 1865 2760 ipsum
1897 2710 1940 2747 et
1971 2706 2199 2747 0001031010
2231 2705 2369 2747 refor-

187 2785 297 2818 mate
330 2779 513 2819 iurasset
546 2791 687 2818 coram
720 2777 829 2817 bone
862 2776 1068 2818 memorie
1100 2775 1132 2816 Ι.
1164 2775 1216 2816 (10
1240 2775 1424 2816 Αο00113
1448 2775 1564 2815 Villa
1597 2775 1799 2830 episcopo
1826 2774 2055 2816 Sabinensi
2086 2779 2129 2815 et
2159 2775 2366 2829 magistro

186 2847 414 2887 Tliomasio
447 2847 558 2887 tituli
592 2846 749 2886 Sancte
785 2845 944 2886 Sabine
976 2844 1217 2899 presbitero
1243 2843 1463 2892 cardinali,
1496 2844 1771 2898 presentibus
1805 2843 1948 2884 multis
1980 2843 2172 2898 prelatis,
2206 2843 2366 2898 princi-

186 2916 307 2970 pibus
350 2925 391 2956 et
438 2915 692 2964 baronibus,
736 2914 846 2969 quod
888 2918 1021 2954 staret
1063 2918 1106 2953 et
1148 2917 1322 2967 pareret
1363 2912 1529 2967 precise
1569 2912 1733 2967 absque
1772 2912 1861 2953 ulla
1892 2911 2136 2953 conditione
2172 2911 2369 2952 omnibus

187 2984 394 3024 mandatis
419 2984 599 3025 ecclesie
625 2997 753 3038 super
774 2983 869 3033 hiis,
903 2996 977 3037 pro
1002 2982 1155 3036 quibus
1186 2986 1278 3022 crat
1304 2981 1471 3021 vinculo
1496 2981 1953 3022 excommunicationis
1977 2981 2192 3032 astrictus,
2227 2979 2366 3021 causis

187 3053 638 3093 excommunicationis
673 3051 866 3092 eiusdem
900 3050 1117 3105 expressis
1143 3063 1218 3104 per
1240 3049 1434 3091 ordinem
1458 3063 1600 3090 coram
1632 3063 1696 3101 eo,
1730 3054 1829 3090 tune
1853 3049 2050 3090 omnibus
2074 3048 2368 3099 Theotonicis,

188 3122 432 3162 hominibus
474 3121 593 3175 regni
634 3120 780 3161 Sicilie
827 3134 877 3160 ac
918 3118 1186 3174 quibuslibet
1227 3119 1344 3169 aliis,
1392 3119 1462 3174 qui
1505 3119 1688 3160 ecclesie
1732 3123 1880 3159 contra
1920 3118 2061 3173 ipsum
2098 3117 2370 3167 adheserant,

190 3203 357 3230 01110010
403 3190 625 3230 1001111003
669 3188 877 3229 offensam
922 3192 990 3228 etp
1021 3200 1196 3241 penam,
1241 3191 1283 3227 01
1322 3187 1435 3241 quod
1468 3187 1585 3228 nullo
1618 3191 1809 3242 tempore
1843 3185 2082 3227 offenderet
2112 3185 2179 3226 vel
2211 3184 2370 3226 offendi

190 3258 351 3299 faceret
390 3258 505 3312 ipsos
544 3271 619 3311 pro
660 3270 709 3297 eo
750 3256 862 3311 quod
904 3256 1086 3297 ecclesie
1120 3256 1364 3305 astiterant,
1412 3256 1597 3310 prestari
1626 3256 1667 3296 in
1700 3255 1842 3296 anima
1875 3268 1951 3295 sua
1983 3267 2060 3308 per
2092 3286 2100 3294 .
2125 3288 2133 3296 .
2167 3253 2367 3294 comitem

192 3328 447 3367 Acen-arum
481 3326 644 3367 faciens
677 3326 976 3375 iuramentum,
1010 3324 1281 3379 postmodum
1305 3338 1454 3379 pacem
1478 3329 1521 3366 et
1543 3325 1783 3365 iuramenta
1805 3322 2061 3371 huiusmodi,
2094 3334 2365 3376 nequaquam

193 3395 452 3435 erubescens
497 3395 651 3435 irretiri
691 3394 910 3448 periuriis,
953 3407 1037 3434 000
1080 3393 1277 3434 servavit.
1338 3392 1578 3434 Nonnullos
1616 3393 1736 3448 00110
1761 3406 1816 3433 ex
1855 3391 1961 3446 ipsis
2004 3390 2247 3431 hominibus
2280 3394 2367 3429 tam

192 3463 354 3504 nobiles
398 3477 523 3517 quam
563 3463 669 3503 alios
708 3466 859 3516 postea
897 3462 991 3516 capi
1031 3461 1133 3503 fecit
1174 3466 1235 3512 et,
1280 3462 1342 3502 eis
1381 3461 1501 3503 00013
1541 3458 1660 3517 s[uis]
1703 3460 1899 3501 omnibus
1945 3459 2160 3514 spoliatis,
2201 3471 2360 3499 uxores

193 3533 380 3587 ipsorum
405 3541 445 3571 et
468 3531 575 3571 filios
600 3531 819 3585 captivari.
852 3545 900 3571 ac
925 3536 1061 3571 terras
1085 3530 1269 3571 ecclesie
1301 3535 1449 3571 contra
1471 3530 1809 3584 promissionem,
1843 3542 1969 3583 quain
1994 3526 2156 3569 eisdem
2181 3526 2213 3567 Ι.
2241 3525 2364 3566 Sabi-

329 3656 415 3691 400.
448 3663 479 3697 ¹¹)
505 3657 538 3687 ἱιι
564 3668 700 3688 rasura.
819 3656 849 3695 0)
875 3668 939 3689 ona
965 3658 1000 3689 ιή
1026 3668 1160 3689 rasura,
1281 3663 1313 3697 Ρ)
1340 3658 1374 3688 in
1399 3668 1536 3689 sensura.
1654 3656 1685 3696 (l)
1713 3656 1762 3687 sic
1788 3666 1837 3687 or.

2397 930 2429 953 10

2399 1271 2430 1294 15

2399 1613 2432 1639 20

2402 1965 2434 1990 25

2404 2310 2437 2334 30

2402 2653 2434 2678 35

2405 2996 2438 3020 40

2402 3342 2435 3366 45
