2558 3970
695 147 936 183 FRIDERICI
964 148 1008 183 ΙΙ.
1034 147 1466 185 CONSTITUTIONES.
1516 151 1615 185 1244.
1665 151 1727 185 Nn
1746 152 1824 187 246.
1850 152 1928 186 247.
2319 156 2397 196 337

347 267 406 304 11.
440 264 506 304 Ι)0
538 263 756 304 discordia
788 269 931 305 autem
967 264 1258 306 Romanorum
1293 266 1490 307 dominus
1524 267 1759 322 imperator
1790 268 1924 308 stabit
1948 267 2214 310 ordinacioni
2239 270 2398 311 domini

197 346 308 388 pape
341 337 384 374 et
415 333 592 373 fratrum
636 336 721 373 tam
754 332 807 373 dc
842 333 1117 374 restitucione
1150 333 1434 389 dampnorum
1469 335 1701 376 videlicetss
1734 336 1930 377 datorum
1974 338 2012 377 in
2047 352 2202 392 guerra
2218 339 2235 363 ¹¹
2271 353 2397 394 quam

196 401 250 443 de
290 402 404 451 aliis,
447 401 506 442 ita
547 406 692 442 tamen
735 401 863 456 quodi
898 406 1114 442 statuatur
1154 401 1206 442 de
1248 403 1428 444 securak
1465 403 1773 459 indempnitate
1808 419 2002 447 suorum:
2045 413 2227 462 excepto
2261 414 2399 449 castro

197 471 388 512 Anticuli
409 471 433 519 ¹,
467 469 519 511 de
554 484 636 525 quo
671 484 755 511 non
788 471 1113 525 compromittit.

139 555 153 578 5
345 540 405 581 12.
442 538 508 581 De
541 538 754 594 dampnis¹
789 539 900 581 datis
935 553 1010 594 per
1044 539 1262 580 dominum
1297 540 1614 595 imperatorem,
1648 542 1854 583 officiales
1889 549 1931 583 et
1967 544 2150 585 ballivos
2174 559 2272 586 suos
2298 560 2394 601 pre-

195 608 310 661 latis,
343 607 538 650 ecclesiis
573 612 659 648 tam
691 609 993 663 religiosorum
1016 622 1143 662 quam
1169 609 1428 650 secularium
1454 609 1522 650 vel
1557 610 1663 650 alias
1687 610 1739 651 de
1766 611 1965 652 mandato
1990 626 2065 653 suo
2097 619 2192 668 post
2218 621 2394 655 senten-

193 678 296 719 tiam
327 677 457 718 latam
497 677 540 718 in
573 691 670 718 eum
713 677 954 718 satisfaciet
986 676 1184 719 dominus
1226 677 1459 733 imperator
1493 678 1729 720 seeundum
1765 681 2090 735 provisionem¹¹¹
2125 690 2167 722 et
2201 682 2398 737 benigni-

193 750 327 788 tatem
374 745 489 788 sedis
537 746 797 801 apostolice;
843 746 916 786 ubi
955 759 1039 786 non
1083 746 1288 801 intelligit
1321 746 1521 788 dominus
1566 748 1799 803 imperator
1832 748 2020 805 dampna
2053 750 2267 792 hostiliter
2298 752 2398 792 data

191 829 270 872 per
303 829 402 856 suos
437 816 653 856 exercitus
686 819 729 856 et
761 821 978 856 suorumu.

123 905 155 929 ιο
346 885 407 925 13.
441 882 651 939 Gregorio
685 883 738 925 de
772 883 1049 940 Montelongo
1084 888 1127 925 et
1160 883 1359 926 omnibus
1393 885 1728 940 consanguineis
1761 887 1848 928 suis
1882 887 2055 942 plenam
2079 902 2229 943 pacem
2254 888 2400 930 dabit⁰

191 958 235 995 et
265 953 553 995 securitatem.

344 1025 406 1065 14.
439 1021 574 1064 Terra
607 1023 774 1064 comitis
807 1021 1062 1072 Willelmi2,
1102 1035 1183 1078 que
1216 1026 1388 1064 tenetur
1420 1023 1474 1065 ab
1508 1023 1716 1075 ecclesia,
1761 1025 2037 1072 restituetur;
2082 1025 2133 1067 (10
2167 1027 2252 1068 alia
2285 1032 2401 1068 terra

191 1092 576 1148 compromittiturp
608 1092 650 1133 in
682 1092 989 1148 imperatorem
1023 1091 1636 1148 Constantinopolitanum‘¹·³,
1672 1093 1867 1135 dominos
1898 1094 2104 1136 Ottonem
2138 1095 2399 1137 cardinalem

191 1165 234 1202 et
266 1193 275 1202 .
299 1193 308 1202 .
341 1161 715 1217 archiepiscopum
748 1160 1166 1216 Rothomagensem,
1207 1162 1268 1203 ita
1306 1161 1418 1216 quod
1457 1162 1536 1218 ipsi
1568 1161 1621 1204 de
1662 1163 1754 1204 iure
1797 1170 2080 1218 cognoscent,
2127 1165 2236 1206 sicut
2268 1166 2399 1207 fuerit

123 1249 156 1273 15
195 1229 553 1286 cognoscendum.
616 1230 772 1272 Nuncii
804 1231 1073 1286 imperatoris
1107 1230 1291 1272 dicunt‘:
1334 1231 1446 1286 quod
1480 1232 1847 1287 compromittent,
1885 1232 1998 1288 quod
2032 1233 2084 1274 de
2119 1234 2396 1289 possessione

193 1303 237 1342 et
273 1299 563 1355 proprietate⁸
596 1300 723 1341 simul
757 1301 1038 1355 cognoscentt
1071 1304 1113 1341 et
1145 1299 1406 1346 diffinient¹¹;
1455 1300 1569 1356 quod
1601 1301 1713 1343 bona
1746 1301 1828 1343 fide
1863 1308 1905 1343 et
1938 1302 2029 1344 sine
2064 1302 2212 1344 fraude
2247 1303 2393 1344 stude-

192 1368 299 1411 bunt
330 1368 535 1411 inducere
569 1368 787 1411 dominum
826 1370 1153 1425 imperatorem,
1187 1368 1300 1425 quod
1332 1370 1424 1426 ipse
1458 1370 1668 1426 paciatur,
1712 1370 1825 1426 quod
1859 1372 2015 1427 prefati
2049 1371 2207 1413 domini
2242 1385 2394 1428 procc-

192 1438 336 1490 dantv,
370 1438 481 1480 sicut
513 1439 575 1480 eis
606 1438 867 1494 placueritw,
901 1438 993 1480 sive
1028 1439 1153 1480 simul
1188 1439 1277 1480 sive
1302 1439 1536 1495 separatim
1569 1439 1622 1481 de
1656 1441 1934 1496 possessione
1960 1446 2002 1482 et
2034 1442 2323 1497 proprietatc;
2360 1449 2399 1483 et

195 1507 298 1549 dicti
320 1512 408 1550 tres
431 1508 653 1564 requirent
676 1521 807 1564 super
829 1508 937 1549 hoex
970 1507 1190 1549 dominum
1214 1507 1541 1564 imperatorem;
1576 1514 1618 1550 et
1640 1510 1853 1565 recipiunt
1883 1524 2014 1565 super
2037 1524 2096 1561 se,
2130 1510 2243 1566 quod
2270 1525 2402 1567 super

123 1593 157 1619 20
195 1591 247 1619 eo
279 1577 394 1633 apud
426 1576 645 1619 dominum
678 1578 978 1633 imperatorem
1012 1577 1175 1619 facient
1206 1578 1319 1619 bona
1351 1577 1448 1630 fide,
1482 1578 1594 1633 quod
1627 1579 1860 1635 imperator
1883 1580 2147 1631 consenciet,
2183 1580 2295 1635 quod
2329 1581 2399 1621 isti

193 1650 282 1688 tres
313 1646 593 1703 procedantv,
640 1647 751 1688 sicut
783 1646 846 1688 eis
879 1645 1098 1688 videbitur
1131 1646 1360 1703 expedire,
1395 1646 1609 1690 audiendo
1645 1648 1810 1690 scilicet
1845 1653 1887 1690 et
1922 1648 2190 1690 terminando
2225 1663 2398 1691 causam

192 1715 349 1767 illamy,
392 1716 482 1758 sive
524 1716 650 1758 simul
690 1715 742 1758 de
781 1716 1057 1771 possessione
1091 1720 1134 1758 et
1178 1716 1443 1772 proprietate
1487 1717 1576 1758 sive
1621 1718 1871 1773 separatim.
1936 1717 2100 1765 Quodsi
2131 1732 2216 1759 non
2250 1732 2399 1760 omnes

193 1789 400 1841 possentz
442 1786 653 1827 interesse
701 1790 744 1827 et
785 1785 939 1840 aliquis
986 1799 1132 1827 eorum
1178 1786 1308 1828 fuerit
1349 1787 1462 1828 iusto
1500 1787 1811 1843 impedimento
1854 1787 2077 1839 detentus,
2127 1787 2212 1828 duo
2253 1802 2400 1829 eorum

191 1854 463 1911 procedantv.

122 1945 155 1971 25
343 1927 405 1967 15.
448 1924 632 1966 Circeia-4
663 1925 920 1967 securitates
954 1924 1246 1980 designandas
1287 1926 1347 1966 ita
1380 1924 1581 1967 dicimus:
1626 1925 1738 1982 quod
1772 1926 1970 1968 dominus
2006 1927 2238 1982 imperator
2271 1927 2397 1968 offert

194 1994 444 2036 caucionem
476 1994 740 2046 iuratoriam,
772 1994 1090 2046 litteratoriam,
1124 1994 1440 2036 fideiussoriam
1466 2009 1542 2050 per
1565 2009 1704 2050 reges,
1738 1996 1971 2051 principes,
2009 2000 2248 2051 magnates,
2285 2009 2399 2036 com-

192 2063 455 2104 munitatesb
488 2064 694 2107 locorum.
756 2063 836 2104 Et0
869 2068 1072 2119 preterea
1103 2063 1218 2105 circa
1256 2063 1474 2119 predictas
1509 2065 1737 2106 cauciones
1770 2066 1999 2106 committit
2031 2079 2098 2110 se,
2131 2064 2208 2105 utd
2242 2064 2399 2105 dictum

194 2137 272 2182 051,
307 2132 567 2174 ordinacioni
601 2133 760 2174 domini
794 2146 904 2189 pape.
939 2140 981 2174 et
1014 2138 1305 2174 tractatorum.

247 2315 349 2359 247.
391 2318 720 2361 FACULTAS
751 2318 1002 2360 ALTERA
1033 2317 1426 2361 NUNTIORUM
1450 2319 1897 2362 IMPERATORJS.
1965 2322 2087 2361 1244.
2122 2320 2255 2360 Mart.
2272 2321 2340 2359 28.

120 2415 152 2442 ³0
334 2397 508 2451 Legit-ar
551 2399 593 2439 in
650 2399 686 2454 1)
727 2399 858 2440 codice
895 2398 1100 2440 Parisino
1128 2400 1241 2439 8990
1286 2412 1389 2440 saec.
1421 2398 1601 2441 XVIII.
1643 2399 1761 2452 (Rot.
1791 2400 1910 2454 VII.)
1926 2402 1953 2450 ⁵,
1996 2416 2015 2441 0
2054 2413 2132 2452 quo
2173 2400 2399 2440 maximam

185 2469 348 2518 partem
379 2466 510 2508 edidit
538 2467 818 2519 Haillardas;
860 2467 906 2523 2)
936 2468 1175 2522 apoyrapho
1205 2482 1245 2509 a.
1270 2470 1382 2508 1413
1422 2468 1629 2510 tabularia·
1659 2469 1867 2511 Vaticani.
1930 2469 2219 2511 Sunnnarimn
2251 2468 2400 2509 codicis

192 2534 460 2577 ottoboniani
480 2537 595 2577 2546
625 2551 660 2578 v.
685 2537 730 2577 in
756 2537 971 2579 Martenoi
997 2536 1241 2578 Collectione
1262 2537 1525 2588 ceizmlissz'ma
1547 2537 1612 2587 ΙΙ,
1641 2539 1767 2580 1244.
1826 2537 1961 2579 Verba
1986 2537 2148 2592 prioris
2173 2536 2399 2592 facultatis

187 2616 252 2647 nr.
275 2605 359 2646 ,245
391 2607 649 2647 transsumta
680 2608 789 2647 sunt.
825 2629 877 2636 ——
909 2604 1362 2647 Huillard-Breleolles
1393 2604 1465 2656 VI,
1490 2607 1583 2648 170.
1646 2606 1841 2656 Bo'lemer,
1874 2605 1975 2659 Rey.
2007 2607 2106 2658 imp.
2140 2605 2181 2656 V,
2203 2607 2328 2647 3422.

2015 2675 2084 2727 (P.
2110 2675 2253 2730 deest.)

119 2787 151 2814 35
332 2766 606 2809 Fridericusa
648 2766 731 2808 Dei
770 2768 911 2822 gratia
948 2767 1246 2809 Romanorum
1294 2768 1530 2823 imperator
1569 2781 1738 2823 semper
1776 2772 2005 2823 augustus,
2053 2767 2321 2809 Ierusalemb
2355 2773 2395 2808 et

189 2835 336 2878 Sicilie
368 2850 460 2879 rex.
578 2843 648 2879 Per
679 2855 832 2888 presens
865 2843 1047 2889 scriptum
1078 2844 1210 2878 notum
1242 2843 1322 2878 fieri
1354 2843 1525 2878 volumus
1559 2843 1755 2886 universis,
1787 2843 1888 2888 quod
1909 2854 1987 2885 nos,
2022 2836 2181 2878 auditis
2205 2836 2289 2877 hiis
2312 2850 2394 2892 que

187 2918 265 2960 per
294 2905 549 2961 magistrum
573 2905 752 2948 Petrum
775 2906 827 2948 de
850 2906 994 2948 Vinea
1024 2920 1182 2961 magne
1208 2906 1326 2947 curie
1349 2910 1495 2948 nostre
1520 2905 1718 2957 iudicem,
1753 2905 1959 2947 dilectum
1991 2905 2164 2947 fidelem
2187 2910 2393 2955 nostrum,

188 2973 242 3015 de
273 2973 473 3016 Romana
511 2976 627 3016 curia
666 2989 804 3032 nuper
835 2975 887 3017 ad
920 2979 1109 3016 nostram
1142 2976 1411 3030 presentiam
1442 2974 1746 3026 accedentem,
1790 2988 1922 3030 super
1965 2975 2104 3015 forma
2136 2975 2252 3029 pacis
2284 2975 2396 3016 inter

187 3057 264 3085 nos
296 3048 338 3086 et
370 3045 599 3087 ecclesiam
629 3045 828 3087 fuerunt0
859 3049 1056 3096 tractata,
1090 3044 1359 3087 confidentes
1392 3052 1437 3086 de
1470 3051 1540 3086 fide
1564 3054 1602 3086 et
1633 3042 1996 3095 circumspectione‘l
2028 3044 2164 3099 ipsius
2197 3044 2392 3099 magistri

119 3167 153 3193 40
325 3159 412 3194 246.
445 3159 479 3203 8)
505 3162 602 3194 111110
626 3162 722 3194 111ᾱο
746 3161 778 3194 2.
898 3160 931 3201 h)
958 3162 1032 3204 ipsa
1057 3161 1139 3193 aad.
1157 3160 1189 3194 2.
1314 3159 1337 3202 i)
1364 3161 1413 3193 ita
1437 3161 1519 3194 add.
1537 3159 1569 3193 2.
1686 3159 1719 3202 1ἰ)
1752 3160 1977 3193 discordia
2002 3166 2042 3192 et
2069 3159 2099 3192 2.
2196 3157 2220 3199 ¹)
2248 3160 2336 3192 deest
2365 3159 2390 3191 l.

187 3216 230 3260 m)
254 3219 503 3262 providentiam
527 3218 559 3251 2.
679 3218 714 3262 n)
738 3230 798 3262 per
821 3230 856 3252 se
882 3224 941 3251 aut
965 3230 1045 3251 suos
1070 3219 1239 3251 exercitus
1265 3217 1294 3250 2.
1430 3218 1460 3259 o)
1487 3218 1545 3250 dat
1571 3216 1602 3250 2.
1721 3217 1753 3258 Ρ)
1780 3217 2073 3260 compromittatur
2097 3216 2128 3249 2.
2248 3221 2281 3259 (ι)
2306 3219 2394 3250 Con-

189 3275 291 3309 stant*
316 3274 347 3308 2.
441 3275 470 3318 r)
495 3277 608 3309 dicent
631 3275 663 3309 2.
758 3277 786 3318 s)
810 3284 843 3310 et
868 3277 948 3309 add.
968 3275 999 3309 2.
1095 3276 1120 3317 ἲ)
1147 3280 1391 3319 recognoscent
1414 3274 1445 3308 2.
1551 3276 1584 3316 u)
1611 3275 1774 3308 definient
1798 3280 1839 3307 et
1865 3275 2070 3307 iurabuut
2095 3274 2125 3306 2.
2222 3276 2253 3315 v)
2279 3287 2392 3318 proce-

189 3333 270 3366 dent
293 3331 325 3366 2.
441 3333 482 3375 W)
515 3335 629 3367 sicut
660 3335 722 3367 eis
752 3335 968 3378 placuerit
993 3334 1061 3367 des.
1082 3332 1115 3365 2.
1234 3334 1267 3373 Χ)
1300 3344 1430 3376 super
1460 3333 1537 3366 hoc
1560 3333 1628 3365 cles.
1647 3331 1678 3365 2.
1795 3332 1828 3373 y)
1855 3333 1962 3375 ipsam
1987 3330 2018 3364 2.
2137 3333 2167 3373 z)
2194 3338 2336 3376 possunt
2360 3330 2392 3365 2.

189 3389 220 3431 ⁸)
246 3391 346 3424 Circa
369 3408 411 3413 —-—
437 3396 657 3425 tractatorum
683 3393 752 3425 des.
769 3391 803 3425 2.
921 3390 954 3434 b)
980 3396 1014 3424 et
1038 3392 1176 3424 comites
1203 3389 1235 3423 2.
1354 3390 1383 3430 c)
1409 3390 1499 3423 deest
1523 3388 1555 3422 2.
1675 3387 1708 3429 d)
1736 3401 1769 3422 u.
1787 3390 1818 3421 (1.
1837 3400 1866 3422 0.
1892 3389 1959 3421 cles.
1978 3386 2009 3420 2.

121 3466 154 3492 45
328 3458 417 3494 247.
450 3462 480 3501 ²)
505 3463 561 3494 Fr.
579 3460 610 3494 2.
728 3460 761 3505 b)
787 3461 890 3494 lhilm
915 3460 947 3494 2.
1066 3460 1096 3501 ⁰)
1121 3472 1185 3493 vox
1210 3460 1354 3502 detersa,
1379 3465 1460 3493 sunt
1484 3459 1535 3492 vel
1560 3461 1700 3492 fuerunt
1725 3459 1761 3490 ἰη
1785 3457 1816 3491 2.
1934 3456 1965 3498 (Ῑ)
1992 3459 2286 3501 circonspectione
2313 3457 2343 3490 2.

328 3563 362 3605 1)
388 3562 543 3596 Anticoli
566 3563 607 3596 in
633 3562 843 3607 Campania.
973 3564 1010 3606 ⁶2)
1036 3561 1337 3597 Ildebrandeschi.
1453 3561 1489 3603 3)
1515 3559 1740 3594 Baldainam
1766 3560 1817 3594 II.
1949 3559 1985 3603 4)
2014 3559 2050 3594 Ο.
2070 3565 2112 3594 15
2137 3559 2261 3603 leyitar
2287 3558 2390 3592 etiam

188 3618 229 3653 in
245 3624 276 3663 2,
308 3619 371 3654 sed
402 3619 582 3654 aberravit
614 3631 638 3654 a
667 3620 813 3664 reliquis
836 3621 1008 3664 capitibus
1033 3632 1071 3664 p.
1089 3624 1169 3663 239,
1196 3620 1216 3653 l.
1236 3624 1278 3654 17
1285 3632 1296 3661 ;
1333 3618 1426 3662 qaod
1460 3617 1573 3652 serius
1604 3617 1728 3652 detexi.
1780 3616 1993 3661 Coro-iyenda
2017 3616 2128 3661 iyitur
2153 3620 2237 3650 sant
2258 3627 2296 3660 p.
2315 3618 2389 3656 334,

189 3677 209 3711 l.
228 3680 270 3711 33
293 3676 393 3710 verba
419 3678 456 3710 et
482 3676 605 3721 capite
626 3679 667 3712 15
693 3677 842 3713 omnino
869 3680 979 3712 caret.
1098 3679 1133 3721 5>
1163 3676 1216 3720 Of.
1244 3676 1393 3711 ‘Notices
1417 3679 1449 3710 et
1474 3675 1633 3710 extraits'
1660 3675 1774 3718 XXI,
1799 3679 1831 3719 2,
1849 3679 1914 3709 291
1937 3684 1992 3708 nr.
2012 3679 2062 3708 45.

327 3750 376 3774 u..
402 3750 686 3774 CONSTITUTIONES
710 3751 742 3774 11.
2072 3736 2117 3769 43
