2558 3970
696 142 936 176 FRlDERlcl
967 143 1008 176 ll.
1035 141 1465 176 CONS'rl'rUTlONES.
1518 143 1614 176 1227.
1667 143 1727 176 Nr.
1750 144 1824 176 116.
2281 148 2356 184 154⁶,

155 262 392 314 optamus&
427 258 507 298 nisi
541 257 789 312 graviorisq.
822 256 934 312 quod
968 256 1094 299 absit.
1130 257 1345 298 scandali*
1379 258 1555 298 suborta
1589 257 1799 297 dissensio
1835 273 1910 298 nos
1937 259 2091 299 invitos
2117 263 2158 299 et
2184 264 2356 298 coactos

156 343 182 370 a
220 333 307 369 tam
349 332 498 368 sancto
545 327 698 367 itinere
744 330 981 367 revocaret.
1054 327 1287 379 Spei-amus
1331 328 1463 369 enim.
1509 326 1621 380 quod
1663 341 1735 381 pro
1769 327 1948 381 pleniori
1984 328 2095 367 bono
2129 334 2170 368 et
2205 328 2353 367 maiori

156 396 290 438 Terre
324 395 483 437 Sancte
528 394 720 435 subsidio
753 393 980 435 divinitas⁸
1018 395 1099 435 iter
1138 400 1328 435 nostrum
1364 410 1441 436 sua
1477 396 1747 436 visitationet
1780 396 2033 446 distuleritu,
2067 396 2207 451 quodv
2241 398 2354 451 prin-

157 465 274 521 cipes
308 469 350 506 et
381 464 455 505 alii
488 463 653 519 providi
688 463 765 504 viri
799 463 959 504 dudum
994 463 1226 504 consultati
1267 464 1348 504 iam
1383 464 1615 510 viderintw,
1654 464 1765 519 quod
1812 466 1850 505 iu
1887 479 2014 506 mauu
2050 466 2235 506 virorum
2271 473 2355 506 tum

156 534 325 575 modica
362 547 443 588 que
484 533 700 577 transivit.
750 533 785 572 si
830 547 907 573 nos
948 532 1153 573 transisse
1197 533 1492 585 contingeret.
1544 539 1693 585 treuge
1728 534 1899 584 infringi
1935 548 2015 574 non
2051 542 2251 590 possent:
2293 541 2357 574 set

155 607 376 658 oporteret
419 616 496 643 nos
534 601 586 642 ad
635 606 890 656 perpetuam
932 601 1099 656 imperii
1140 605 1211 641 ctx
1253 602 1385 642 totius
1426 602 1645 642 christiani
1681 603 1865 642 nominis
1899 603 2092 643 iniuriam
2129 603 2355 658 prestolari

153 671 417 713 subsidiumy
460 671 663 719 aliorum,
708 671 779 725 qui
822 684 975 710 nomen
1016 675 1058 710 et
1100 671 1212 710 vires
1254 685 1328 725 pro
1371 672 1528 711 ceteris
1570 672 1832 726 principibus
1867 672 2110 712 obtinemus
2160 680 2199 712 et
2235 673 2355 712 cuius

153 740 268 781 fama
307 743 371 780 est
408 739 603 780 barbaris
634 739 688 780 ad
719 744 938 780 terrorem.
1060 737 1151 791 (20)
1187 738 1407 793 Rogamus
1439 739 1640 795 insuper-‘-
1673 741 2132 795 eim-uinspevtionom³
2165 746 2278 780 tuam
2316 748 2356 780 et

93 855 99 861 ,
154 810 401 850 monemusb
434 813 636 857 attente0‚
679 813 893 863 quatenus
933 807 987 848 ad
1021 812 1269 863 susceptum
1305 807 1463 848 Christi
1498 810 1716 861 negotium
1754 816 1898 849 votum
1933 809 2238 861 singularia-10¹
2274 824 2355 849 uon

85 892 117 916 10

84 1243 116 1267 15

84 1990 117 2016 25

83 2335 116 2362 30

86 2679 116 2706 35

89 3330 122 3357 45

111 3382 113 3384 ’
157 3377 191 3422 ¹¹)
215 3381 265 3412 ad
290 3398 332 3403 -—-
358 3381 583 3413 servitium
608 3380 678 3413 des.
696 3378 728 3412 2.
754 3379 788 3412 4.
813 3379 843 3412 5.

158 883 318 934 tepeat,
350 883 415 920 set
447 891 529 932 quo
561 877 697 918 maior
718 876 959 918 necessitas
992 876 1201 926 imminet,
1236 883 1310 917 eo⁰
1333 877 1595 917 ferventius-s
1626 877 1895 919 exardescat.
1951 878 2194 918 Atteudusss
2228 879 2357 918 etium

153 947 398 1003 diligenter,
432 947 465 987 si
499 950 566 988 est
598 947 754 987 iniuria
778 946 929 986 similis
954 945 1067 986 sicut
1090 950 1247 994 nostra,
1282 945 1433 986 honori
1459 946 1641 1001 imperii,
1675 946 1789 1001 quod
1815 952 1899 986 tam
1925 947 2128 987 iniuriose
2157 947 2357 998 tangitur.

154 1018 359 1058 attentius
398 1016 663 1072 provisurus.
724 1015 960 1056 presentes
994 1028 1097 1055 vero
1141 1015 1308 1056 litteras
1341 1015 1394 1056 ob
1437 1016 1726 1056 reverentiam
1762 1022 1953 1056 nostram
1989 1017 2162 1071 publico
2198 1016 2357 1071 perlegi

154 1086 287 1128 facias
321 1090 363 1126 et
395 1085 555 1133 audiri,
600 1084 742 1140 quod¹¹
775 1099 830 1125 ex
864 1098 1011 1125 earum
1045 1090 1192 1125 tenore
1227 1085 1391 1125 eunctis
1432 1089 1579 1140 pateat
1614 1090 1758 1125 nostre
1793 1086 2038 1126 innocentie
2072 1084 2284 1125 certitudo
2319 1092 2359 1123 et

153 1156 320 1205 iniuria,
353 1169 436 1210 que
469 1154 590 1194 nobis
624 1158 668 1194 et
701 1154 880 1208 imperio
913 1153 1109 1195 infertur.
1164 1152 1238 1194 Set
1271 1157 1415 1194 tamen
1449 1158 1597 1209 aperte
1630 1159 1896 1208 cognoscant
1930 1154 2036 1194 tam¹
2070 1154 2358 1207 crucesignati

155 1239 282 1281 quam
327 1224 478 1271 ceteri,
522 1223 593 1278 qui
636 1223 728 1264 zelo
767 1221 1105 1263 transfretandik
1148 1227 1394 1268 moventur.
1442 1223 1706 1278 propositum
1755 1228 1969 1270 nostrum,
2013 1229 2059 1263 ut
2099 1223 2267 1263 interim
2314 1238 2360 1261 so

151 1297 393 1351 preparent,
427 1298 631 1334 venturos
664 1296 860 1347 tempore
895 1292 1175 1348 competenti,
1209 1295 1255 1332 ut
1287 1292 1329 1332 in
1364 1291 1769 1348 medietate.primo
1808 1292 1994 1332 venturi¹
2032 1292 2191 1333 mensis
2224 1291 2359 1331 Maii¹¹¹

152 1363 233 1405 adn
266 1362 425 1405 Christi
469 1362 692 1404 servitium
733 1361 802 1402 ino
846 1375 976 1402 manu
1021 1361 1188 1417 potenti
1233 1365 1276 1402 et
1318 1361 1495 1402 brachio
1539 1361 1747 1402 excelso1'
1790 1362 2164 1402 transfretemusq.
2210 1362 2361 1401 certisr

153 1433 350 1474 omnibus
383 1436 425 1473 et
458 1431 755 1472 indubitanter
788 1430 1043 1479 scientibus,
1077 1430 1214 1486 quods
1246 1431 1287 1470 in
1320 1431 1526 1486 passagio
1551 1432 1613 1471 ett
1645 1431 1742 1471 aliis
1768 1431 2007 1472 liberaliter
2040 1430 2361 1485 providebimus

153 1501 413 1544 transituris

674 1561 709 1600 1.

241 1627 335 1685 (21)
368 1628 577 1670 Preterea
592 1628 703 1668 circa
721 1627 1000 1668 medietatem
1020 1627 1219 1682 proximo

154 1703 333 1741 venture
376 1711 497 1739 sacre
538 1697 872 1752 quadragesime
915 1701 1015 1738 ante
1048 1696 1218 1737 felicem

151 1767 549 1810 transfretationem
597 1769 790 1807 nostram
837 1779 914 1821 pro
955 1765 1099 1806 arduis
1139 1766 1217 1807 im-

151 1837 258 1894 perii
300 1836 484 1892 negotiis
529 1839 572 1876 et
613 1834 666 1876 ad
708 1833 1030 1876 reformandum
1068 1847 1219 1889 pacem

151 1907 194 1948 in
244 1904 391 1947 Ytalia
450 1908 493 1946 et
542 1904 727 1959 gratiam
786 1908 979 1945 nostram
1032 1903 1219 1945 redinte-

153 1975 362 2032 grandam
400 1973 453 2016 ad
487 1987 638 2016 omnes
679 1978 823 2015 tecum
856 1978 899 2014 et
931 1986 1027 2014 cum
1066 1973 1218 2028 pleris-

154 2059 237 2102 que
288 2043 556 2100 principibus
611 2043 782 2099 imperii
830 2043 1036 2098 generale
1086 2042 1217 2083 collo-

154 2115 301 2170 quium
333 2114 375 2155 in
407 2113 620 2154 Ravenna
652 2111 946 2168 disposuimus
979 2110 1218 2154 celebrare.

153 2183 297 2232 Quare
340 2188 459 2224 tuam
495 2195 722 2224 monemus
754 2185 796 2222 et
833 2172 1054 2222 hortamur
1086 2179 1217 2222 devo-

151 2253 336 2304 tionem,
389 2251 591 2306 quatinus
644 2251 739 2292 loco
792 2255 835 2292 et
886 2250 1067 2291 termino
1119 2263 1218 2304 pre-

152 2322 314 2364 taxatis
373 2321 417 2362 in
479 2319 634 2362 eodem
697 2319 913 2375 colloquio
975 2318 1217 2375 presentia-

151 2391 252 2433 liter
289 2395 332 2432 et
368 2390 576 2442 libenter,
622 2389 657 2430 si
695 2388 787 2430 fieri
826 2388 1003 2444 poterit,
1044 2387 1220 2429 studeas

152 2461 378 2511 interesse,
411 2473 506 2501 cum
539 2457 763 2500 moderata
794 2457 959 2499 familia
990 2456 1220 2509 veniendo,

152 2529 279 2571 nobis
311 2543 388 2585 pro
420 2533 509 2570 tam
530 2527 740 2570 laudabili
769 2526 945 2582 negotio
969 2525 1220 2582 peragendo

153 2598 389 2640 efficaciter
421 2597 646 2647 affuturus,
679 2599 727 2637 ut
759 2594 919 2637 abinde
953 2609 1051 2636 cum
1083 2608 1219 2650 gene-

154 2667 233 2709 rali
265 2680 372 2723 pace
405 2670 448 2707 et
478 2665 715 2707 universali
749 2664 903 2720 gratia,
936 2664 1114 2706 licentia
1137 2668 1223 2704 tam

154 2750 180 2777 a
210 2740 253 2777 te
285 2749 413 2791 quam
446 2734 499 2776 ab
533 2735 630 2776 aliis
663 2738 842 2788 accepta
880 2732 1148 2789 principibus
1183 2737 1227 2773 et

155 2805 209 2846 ab
241 2804 442 2847 omnibus
474 2804 623 2846 amieis
645 2803 742 2844 vale
773 2806 963 2858 recepto,
996 2801 1076 2843 iter
1098 2815 1224 2857 pere—

153 2874 411 2930 grinationis
444 2877 593 2915 nostre
626 2872 813 2914 feliciter
845 2885 1132 2913 assumamus.

291 2977 377 3012 116.
402 2979 435 3018 1¹)
461 2984 725 3021 percunctamus
752 2976 787 3015 1;
813 2981 1028 3020 peroptantes
1053 2974 1084 3008 2.

154 3037 282 3070 ratione
306 3035 338 3069 2.
365 3035 396 3069 5.
536 3034 571 3077 u)
609 3035 742 3068 distulit
766 3034 798 3068 5.
941 3035 973 3075 v)
1012 3034 1092 3077 quia
1118 3033 1150 3066 5.

153 3093 184 3136 ²)
210 3094 316 3137 igitur
331 3091 364 3126 2.
383 3092 414 3126 4.
434 3093 465 3126 5.

154 3151 239 3183 tium
263 3149 390 3184 4:.ne
427 3151 471 3183 iu
507 3156 587 3183 tam
625 3151 757 3183 arduo
795 3150 955 3182 Christi
994 3150 1181 3192 negocio.

155 3208 241 3241 rale
265 3207 298 3241 2.
322 3207 354 3241 4.
379 3207 410 3241 5.
553 3207 583 3249 θ)
623 3208 713 3240 deest
738 3207 768 3240 1.
793 3206 825 3239 4.

155 3263 191 3306 11)
216 3277 282 3308 quo
309 3265 337 3298 1.
456 3263 480 3306 i)
508 3270 541 3298 et
563 3270 634 3298 tam
660 3263 692 3298 2.
717 3263 750 3297 4.
776 3264 807 3298 5.

156 3333 229 3355 vos
260 3323 429 3356 interim
460 3328 687 3366 preparate
721 3320 923 3366 (preparetis
948 3321 981 3354 4.
1007 3321 1054 3364 5).

157 3437 184 3477 ι’)
210 3438 330 3470 ceteris
354 3437 386 3470 1.
503 3435 530 3480 S)
557 3443 590 3470 et
615 3437 697 3470 add.
715 3435 747 3469 2.

158 3493 198 3536 w)
223 3496 404 3528 transitum
430 3500 583 3527 nostrum
607 3494 639 3528 5.

159 3550 188 3591 z)
211 3550 301 3584 deest
323 3550 356 3584 4.
473 3550 505 3594 Β)
531 3552 623 3584 deest
646 3551 678 3585 5.

842 3436 869 3479 t)
895 3437 930 3469 in
957 3436 1039 3469 add.
1058 3435 1091 3470 2.
1117 3435 1149 3469 4.
1174 3434 1206 3468 5.

160 3661 192 3706 f)
216 3665 307 3699 deest
330 3665 362 3699 5.
480 3666 514 3707 g)
540 3672 754 3700 transeamus
779 3666 810 3699 5.

1181 2976 1213 3018 q)
1241 2976 1378 3019 gravior
1402 2975 1434 3008 5.

573 3094 603 3134 a)
629 3094 701 3126 loco
727 3094 806 3126 circ.
831 3098 925 3125 tuam
951 3097 984 3124 et
1007 3090 1039 3124 2.
1056 3091 1088 3124 4.
1108 3091 1145 3124 5:
1173 3092 1501 3124 universitatem
1528 3095 1727 3123 vestram.

979 3205 1010 3249 f)
1048 3207 1260 3248 frequentius
1285 3205 1316 3239 2.

903 3262 938 3305 k)
966 3264 1037 3296 loco
1063 3264 1304 3297 transfretandi
1330 3281 1372 3286 —
1399 3267 1581 3306 preparent
1604 3260 1637 3294 2.
1662 3260 1694 3294 4.
1720 3261 1756 3294 5:

1195 3320 1220 3363 l)
1254 3321 1340 3354 med.
1372 3320 1478 3353 futuri
1505 3318 1542 3360 2ς
1582 3319 1668 3351 med.
1694 3330 1743 3361 pr.
1770 3318 1876 3351 futuri
1901 3316 1933 3350 4.

963 3378 994 3421 ⁰)
1021 3390 1099 3412 cum
1124 3377 1156 3411 2.
1182 3377 1215 3411 4.
1241 3378 1272 3411 5.

779 3493 813 3536 x)
847 3495 1038 3537 principum
1066 3494 1197 3537 imperii
1222 3492 1254 3525 4.

820 3550 852 3592 b)
880 3552 1063 3584 reformare
1087 3549 1128 3589 4;
1165 3552 1387 3583 reformemus
1413 3549 1443 3582 5.

159 3609 324 3641 monendo
350 3628 393 3632 -
419 3610 619 3642 mandantes
643 3609 679 3642 5:
706 3620 882 3642 monemus
907 3609 1068 3641 obnixius
1093 3613 1143 3648 et3
1169 3607 1205 3640 4:
1239 3619 1416 3641 monemus
1443 3606 1649 3650 precipimus
1678 3605 1754 3637 obn.
1781 3610 1815 3636 et
1841 3604 2054 3636 mandantes

1740 1560 1776 1598 2.
1812 1561 1848 1599 4.
1884 1561 1921 1598 5.

1379 1625 1473 1681 (21)
1506 1626 1713 1668 Preterea
1747 1627 1847 1681 quia
1892 1626 1933 1667 in
1966 1626 2228 1668 mcdietate¹¹
2262 1641 2358 1681 pro-

1291 1695 1406 1736 xime
1454 1696 1627 1736 futurev
1675 1709 1797 1736 sacre
1841 1695 2172 1750 quadragesime
2213 1695 2355 1750 dispo-

1292 1764 1457 1805 suimus
1537 1769 1636 1805 aute
1714 1764 1888 1805 felicem
1963 1764 2359 1805 transfretationem

1291 1837 1520 1874 nostramw
1565 1847 1660 1874 cum
1710 1833 1928 1888 plerisque
1973 1833 2271 1889 principibusx
2319 1838 2360 1873 et

1292 1902 1514 1944 vobiscum
1564 1902 1724 1944 habere
1768 1903 2026 1957 colloquium
2071 1904 2112 1943 in
2154 1902 2360 1943 Ravenna

1293 1972 1347 2013 ad
1394 1971 1730 2014 removendamy
1774 1971 1827 2012 de
1874 1975 2115 2013 nostrorum
2159 1971 2361 2012 cordibus

1292 2040 1484 2083 fidelium
1527 2055 1697 2083 omnem
1746 2041 2036 2082 turbationem
2089 2041 2276 2096 pariterz
2321 2045 2362 2081 ct

1291 2124 1513 2152 rancorem
1547 2116 1615 2152 eta
1649 2114 1841 2166 optatam
1875 2124 2027 2166 pacem
2061 2110 2102 2150 in
2136 2109 2261 2150 Italia
2295 2124 2359 2149 re-

1292 2179 1606 2232 formandamb,
1655 2184 1846 2220 nostram
1889 2179 1942 2219 ad
1988 2193 2136 2220 omnes
2179 2179 2361 2233 gratiam

2389 1716 2469 1741 Mart.
2484 1720 2508 1741 Γ».

1293 2249 1594 2300 effundendoc,
1647 2249 1979 2290 universitatem
2030 2252 2218 2289 vestram
2271 2252 2403 2288 1no-'

1292 2318 1460 2361 nendod
1493 2317 1748 2359 mandamus
1781 2317 2128 2373 precipimusque
2163 2317 2363 2357 obnixius

1293 2391 1336 2429 et
1367 2387 1622 2429 mandantes
1663 2386 1907 2437 hortamur,
1951 2391 2161 2441 quatenus
2195 2386 2288 2426 loco
2322 2390 2363 2425 ct

1293 2457 1476 2499 termino
1500 2456 1738 2512 prestitutis
1762 2462 1863 2510 perZ
1887 2455 2164 2496 honorabiles
2186 2455 2364 2495 nuncios

1292 2531 1472 2578 vestros,
1497 2526 1635 2567 virose
1657 2524 1890 2565 industrios
1914 2524 1956 2564 in
1976 2523 2128 2565 eodem
2148 2524 2360 2578 colloquio

1294 2596 1505 2637 interesse
1549 2594 1728 2643 curetis,
1771 2593 1897 2634 nobis
1931 2592 1984 2633 ad
2025 2597 2112 2633 tam
2146 2592 2361 2633 laudabile

1298 2665 1527 2719 negocium
1560 2661 1878 2718 peragendums
1909 2662 2145 2703 efficaciter
2176 2661 2362 2711 affuturi,

1297 2739 1343 2775 ut
1376 2732 1533 2774 abinde
1568 2745 1663 2772 curn
1695 2731 1889 2786 generali
1924 2745 2028 2786 pace
2064 2735 2106 2771 ct
2129 2730 2362 2771 universali

1297 2801 1468 2858 gratias,
1502 2801 1677 2842 licentia
1707 2800 1889 2855 prestita
1920 2806 1961 2841 et
1994 2800 2130 2841 amico
2166 2799 2260 2839 vale
2294 2813 2361 2839 re-

1299 2875 1437 2926 cepto,
1471 2868 1526 2911 ad
1551 2868 1711 2911 Christi
1746 2869 1968 2910 servitium
1992 2867 2364 2909 transfretemusss.

1535 2973 1564 3017 ι“)
1591 2974 1680 3007 deest
1705 2972 1737 3006 5.
1846 2973 1873 3014 Β)
1900 2973 2063 3005 divinitus
2089 2970 2121 3004 2.

1727 3031 1760 3073 x)
1793 3031 1883 3063 dees!
1908 3029 1939 3063 2.

1831 3088 1864 3130 b)
1896 3089 1967 3120 loco
1995 3099 2169 3120 monemus
2196 3105 2237 3108 —
2264 3098 2361 3128 nego

2217 2971 2241 3011 t)
2269 2971 2364 3003 mise-

1292 3034 1331 3075 w)
1371 3033 1529 3065 viderunt
1554 3030 1586 3064 2.
2080 3032 2110 3069 Y)
2138 3029 2305 3061 auxilium
2332 3026 2364 3060 2.

1324 3148 1353 3191 ⁰)
1385 3149 1598 3181 attentius
1636 3153 1675 3179 et
1711 3148 1929 3179 hortamur
1960 3145 1991 3178 2.
2017 3145 2049 3178 5.
2190 3143 2222 3185 d)
2251 3155 2365 3186 gene<

1459 3206 1492 3246 8)
1532 3205 1741 3237 Attendas
1768 3222 1808 3226 —
1836 3209 2099 3245 cognoscant
2126 3203 2192 3234 des.
2218 3201 2249 3234 2.
2275 3201 2307 3233 4.
2335 3200 2366 3233 5.

1790 3261 2013 3293 movemini
2040 3260 2366 3292 transfretandi

2075 3323 2117 3359 ¹¹¹)
2143 3317 2250 3350 Madii
2276 3315 2307 3348 2.
2334 3315 2366 3347 4.

1391 3378 1423 3419 1³)
1450 3388 1523 3410 exc.
1550 3377 1600 3408 br.
1626 3375 1658 3409 2.
1685 3374 1717 3408 4.
1813 3382 1846 3416 q)
1873 3375 2017 3408 feliciter
2043 3381 2256 3408 transeamus
2283 3373 2312 3405 2.
2334 3372 2366 3405 5.

1302 3440 1336 3476 ¹¹)
1363 3436 1455 3468 circa
1482 3434 1697 3466 medietatem
1723 3432 1744 3464 5
1772 3438 1808 3463 ul
1835 3432 1864 3465 1.
1959 3435 1990 3473 v)
2016 3438 2158 3465 venture
2183 3431 2214 3465 4.
2233 3431 2253 3463 5
2280 3437 2312 3461 ιιι
2335 3430 2361 3462 l.

1396 3491 1429 3534 y)
1466 3497 1498 3524 et
1523 3492 1566 3523 ad
1591 3490 1833 3523 removendum
1859 3489 1897 3527 4;
1935 3496 1974 3522 ut
1999 3491 2041 3522 ad
2066 3489 2306 3521 removendum
2334 3487 2364 3518 εἰ.

1564 3546 1594 3590 c)
1621 3548 1762 3580 effusuri
1788 3545 1820 3579 5.
1939 3545 1971 3587 (¹)
1997 3546 2201 3578 monendam
2227 3544 2266 3584 2;
2294 3544 2365 3575 loeo

2167 3603 2196 3643 e)
2223 3602 2311 3634 deest
2335 3598 2367 3631 2.

2023 3720 2094 3755 2Οᾶ
