2558 3970
86 3278 145 3304 Iun.
164 3282 202 3304 1¹.

190 189 270 228 405
693 179 907 213 HElNle
934 176 1076 212 REGIS
1103 172 1531 209 CONSTITUTIONES.
1581 172 1681 206 1226.
1728 171 1792 204 Nr.
1809 169 1886 204 291.

193 446 317 511 2³91.
372 435 998 508 SENTENTIA
1057 432 1198 502 DE
1256 426 1936 501 BANNITIONE
1991 424 2383 496 CIVIUM

815 530 1768 607 UAMERACENSIUM.

1101 659 1242 706 192026.
1282 660 1386 705 Iun.
1422 658 1495 703 11.

340 807 466 848 Dedit
500 809 562 848 ri)-
593 807 630 847 d.
654 806 795 848 Arndt
826 819 876 845 cz·
903 802 1158 856 autopyrapho
1189 800 1392 842 taluam-n·
1416 797 1577 852 publici
1609 796 1820 846 Insulam,
1846 795 1978 851 fonds
1999 795 2047 836 dc
2073 795 2290 847 Omnbray,
2322 794 2389 835 cui

196 877 398 929 appendet
429 877 560 930 sigyille'
592 875 693 927 reali
719 875 1007 928 s)·av51»1mztmn
1028 871 1189 912 duabus
1211 871 1322 918 loris,
1355 881 1443 908 ‘mm
1466 866 1595 915 rubri,
1628 865 1761 905 altera
1781 865 1883 915 slavi
1904 866 2063 907 coloris.
2088 889 2141 894 ——
2163 862 2390 905 Huillard-

200 946 414 986 ermlles
445 945 507 994 ΙΙ,
529 946 622 984 8715.
683 943 876 989 B‹·›·72m‹2›·‚
910 942 1009 994 Res),
1044 941 1140 992 imp.
1173 939 1217 989 V,
1240 940 1363 978 4009.
2013 933 2083 986 (P.
2106 934 2247 984 deest.)

343 1069 398 1109 H.
433 1069 513 1109 Dei
558 1069 695 1123 gratia
734 1068 1026 1109 Romanorum
1072 1080 1147 1106 rex
1191 1069 1233 1106 et
1276 1076 1447 1118 semper
1489 1065 1700 1116 augustus
1742 1060 1956 1101 universis
1993 1060 2161 1114 imperii
2194 1059 2392 1100 fidelibus

201 1139 354 1193 quibus
401 1139 482 1178 hee
531 1138 670 1178 littere
721 1143 895 1177 ostense
945 1136 1107 1177 fuerint
1152 1133 1332 1188 gratiam
1379 1145 1497 1172 suam
1544 1136 1586 1171 et
1628 1143 1753 1170 omne
1799 1130 1969 1170 bonum.
2088 1129 2155 1170 Ad
2194 1128 2393 1169 noticiam

203 1208 466 1261 singulorum
502 1207 696 1246 volumus
729 1207 971 1261 pervenire,
1007 1204 1119 1260 quod
1153 1203 1334 1243 dilectus
1367 1200 1504 1240 fidelis
1538 1200 1737 1254 princeps
1770 1201 1919 1238 noster
1942 1197 2163 1238 Gotfridus
2189 1197 2394 1238 Camera-

203 1277 342 1316 censis
377 1276 604 1330 episcopus
637 1275 677 1314 in
713 1276 830 1315 curia
869 1278 1015 1315 nostra
1049 1272 1163 1327 apud
1195 1270 1448 1311 Tridentum
1488 1268 1777 1324 personaliter
1809 1267 2068 1307 constitutus
2100 1267 2142 1307 in
2174 1269 2320 1306 nostra
2353 1268 2395 1306 et

205 1345 442 1399 principum
478 1348 520 1384 et
552 1344 733 1384 aliorum
767 1343 973 1383 nobilium
1004 1341 1174 1396 imperii
1206 1339 1451 1394 presentia,
1486 1336 1722 1378 secundum
1755 1337 1820 1376 ius
1854 1340 1896 1376 et
1928 1336 2070 1390 legem
2103 1336 2219 1376 curie
2251 1338 2396 1375 nostre

206 1413 468 1453 sufficienter
506 1413 723 1467 probavit.
768 1412 877 1467 quod
920 1425 1014 1452 eum
1057 1411 1172 1450 cives
1207 1408 1544 1449 Oameracenses
1586 1420 1662 1460 per
1703 1419 1859 1446 annum
1904 1409 1946 1445 et
1985 1404 2095 1445 diem
2137 1408 2181 1445 et
2213 1404 2397 1459 amplius

206 1481 660 1522 excommunicationis
694 1481 863 1521 vinculo
903 1480 1090 1520 fuissent
1127 1476 1318 1518 innodati
1361 1479 1404 1516 et
1445 1473 1718 1530 postmodum
1749 1488 1827 1528 per
1868 1473 2126 1514 sententiam
2159 1473 2397 1528 principum

207 1551 348 1591 banno
382 1550 590 1604 imperiali
623 1550 816 1604 percussi
851 1554 892 1589 et
924 1547 1164 1603 proscripti,
1199 1549 1241 1586 et
1272 1545 1372 1585 licet
1405 1544 1456 1585 de
1480 1543 1937 1591 excommunicatione,
1971 1542 2266 1582 satisfactione
2300 1555 2396 1596 pre-

209 1621 320 1667 stita,
354 1619 537 1659 fuissent
570 1619 770 1670 absoluti,
805 1618 857 1658 de
891 1618 1031 1658 banno
1063 1620 1220 1666 tamen,
1255 1627 1381 1669 quem
1414 1627 1491 1667 per
1523 1613 1708 1666 quinque
1734 1625 1867 1652 annos
1893 1614 1935 1652 et
1964 1611 2147 1666 amplius
2178 1610 2397 1652 sustinue-

209 1694 318 1734 runt,
352 1688 601 1728 satisfacere
636 1702 721 1728 non
755 1690 969 1727 curarunt.
1032 1683 1157 1725 Unde
1189 1682 1421 1736 magestati
1453 1685 1599 1721 nostre
1624 1680 1761 1721 dietus
1793 1679 2024 1735 episcopus
2048 1679 2321 1734 supplicavit,
2355 1682 2403 1720 ut

211 1770 338 1811 super
373 1756 452 1796 hiis
484 1755 675 1796 debitum
709 1756 826 1796 curie
861 1758 1004 1795 nostre
1045 1753 1126 1808 ipsi
1160 1751 1365 1792 iudicium
1407 1750 1498 1790 fieri
1530 1750 1773 1790 faceremus
1808 1753 1850 1789 et
1881 1763 1959 1803 per
1992 1748 2250 1789 sententiam
2284 1749 2401 1803 prin-

211 1826 350 1880 cipum
385 1824 485 1879 quid
518 1824 569 1864 de
603 1825 762 1865 talibus
797 1828 913 1865 esset
952 1821 1195 1863 faciendum
1233 1820 1477 1861 faceremus
1512 1818 1735 1860 declarari.
1799 1817 1907 1858 Cum
1941 1817 2087 1871 itaque
2120 1817 2252 1858 nichil
2285 1816 2404 1857 aliud

212 1899 411 1935 restaret.
446 1894 527 1933 nisi
562 1893 675 1948 quod
709 1893 924 1933 sententia
957 1890 1274 1946 dampnationis
1310 1893 1460 1929 contra
1493 1902 1568 1928 eos
1602 1888 1718 1928 cives
1751 1886 2028 1941 proferretur,
2061 1885 2261 1927 videlicet
2292 1886 2405 1940 quod

213 1964 428 2017 dampnati
464 1967 608 2003 essent
641 1966 683 2002 et
716 1962 909 2016 exleges,
943 1960 1081 2001 dictus
1116 1959 1343 2014 episcopus
1376 1957 1553 1998 iniurias
1587 1960 1630 1997 et
1653 1956 1841 2010 dampna
1874 1955 1951 1995 sibi
1976 1959 2019 1995 et
2041 1954 2224 1996 ecclesie
2245 1955 2403 1995 multo-

214 2033 327 2072 ciens
361 2031 479 2071 illata
511 2045 594 2071 non
628 2030 881 2079 adtendens,
917 2034 983 2070 set
1016 2029 1155 2084 potius
1190 2028 1251 2069 eis
1284 2026 1620 2067 misericorditer
1653 2024 2017 2075 condescendens,
2051 2023 2104 2065 ad
2137 2027 2329 2065 nostram
2364 2028 2407 2065 et

214 2101 455 2156 principum
487 2113 535 2140 ac
568 2100 747 2140 aliorum
780 2099 989 2139 nobilium
1012 2098 1180 2153 imperii
1212 2097 1474 2147 instantiam,
1507 2098 1553 2135 ut
1576 2094 1755 2144 videret,
1790 2094 1823 2134 si
1858 2094 1965 2134 forte
1989 2092 2042 2133 ad
2065 2092 2408 2135 satisfactionem

216 2167 419 2209 redirent.
454 2168 670 2219 sustinuit,
705 2167 814 2223 quod
850 2168 950 2208 talis
984 2170 1026 2208 et
1058 2171 1145 2207 tam
1178 2179 1329 2207 severa
1354 2165 1570 2206 sententia
1593 2162 1838 2204 differretur
1869 2162 1971 2203 ferri
1996 2166 2142 2203 contra
2164 2163 2292 2217 ipsos,
2327 2163 2406 2204 hoe

217 2237 333 2277 salvo
376 2237 488 2291 quod
529 2238 646 2292 prius
696 2251 775 2292 per
822 2236 1082 2277 sententiam
1129 2235 1372 2290 principum
1414 2248 1462 2274 ac
1504 2228 1685 2274 alio⁹rum
1732 2231 1940 2272 nobilium
1985 2231 2066 2272 fuit
2111 2232 2409 2287 sollempniter

217 2305 496 2356 declaratum,
530 2305 643 2360 quod
676 2305 823 2346 dilatio
852 2304 1223 2361 pronunciationis
1248 2303 1472 2345 sentencie
1502 2302 1599 2343 talis
1623 2301 1675 2342 de
1700 2301 1792 2342 iure
1815 2301 1932 2342 curie
1957 2304 2102 2342 nostre
2125 2300 2215 2341 fieri
2238 2304 2409 2356 poterat

218 2379 259 2414 et
291 2374 400 2429 quod
435 2376 599 2416 nullum
624 2374 763 2416 eidem
787 2375 990 2430 episcopo
1014 2374 1083 2415 vel
1108 2373 1350 2414 successori
1375 2386 1451 2412 suo
1479 2373 1630 2425 posset
1651 2369 1936 2425 preiudicium
1960 2383 2185 2424 generare,
2219 2370 2408 2412 maxime

219 2457 313 2483 cum
346 2443 398 2484 de
431 2443 521 2485 iure
556 2444 670 2485 curie
702 2447 846 2485 nostre
880 2443 932 2484 ad
966 2443 1046 2483 hoc
1080 2442 1213 2483 simus
1246 2441 1422 2492 astricti,
1456 2439 1569 2494 quod
1601 2439 1861 2481 sententiam
1894 2439 1977 2479 iam
2009 2438 2181 2492 dictam,
2214 2438 2410 2494 quando-

221 2526 402 2566 cumque
446 2512 499 2552 ab
543 2512 633 2567 ipso
677 2513 883 2567 episcopo
924 2512 993 2552 vel
1035 2510 1360 2552 successoribus
1405 2509 1496 2550 eius
1538 2509 1607 2550 vel
1646 2521 1791 2549 eorum
1843 2511 1961 2549 certo
2006 2507 2163 2548 nuncio
2203 2507 2411 2549 fuerimus

220 2580 433 2635 requisiti,
475 2580 665 2635 proferre
706 2580 962 2631 debeamus,
1003 2580 1149 2621 nullaa
1190 2579 1244 2620 ab
1286 2578 1436 2619 eodem
1478 2578 1680 2632 episcopo
1722 2577 1790 2618 vel
1833 2576 1921 2617 suis
1964 2576 2286 2617 successoribus
2327 2577 2412 2618 alia

220 2649 467 2704 probatione
507 2650 711 2704 requisita
742 2650 810 2690 vel
842 2653 1028 2704 recepta.
1091 2648 1189 2688 Hoc
1223 2648 1353 2689 etiam
1394 2647 1614 2697 adiuncto,
1658 2645 1768 2700 quod
1801 2645 1903 2686 dicti
1936 2645 2049 2686 cives
2083 2645 2211 2685 nichil
2243 2646 2412 2700 possint

222 2732 245 2757 a
283 2719 405 2759 nobis
447 2719 618 2759 interim
658 2719 701 2759 in
740 2732 886 2759 eorum
926 2717 1163 2759 subsidium
1208 2717 1460 2771 impetrare,
1508 2715 1735 2770 quominus
1776 2714 1998 2756 sentencia
2036 2714 2121 2754 iam
2155 2713 2269 2754 dicta
2302 2714 2412 2755 sicut

225 2786 518 2842 supradictum
553 2793 618 2828 est
648 2787 907 2843 proferatur.

366 2855 521 2897 Testes
556 2856 627 2910 qui
649 2856 876 2910 prelibatis
900 2854 1188 2896 interfuerunt
1210 2853 1270 2894 hii
1294 2856 1410 2894 sunt:
1443 2852 1721 2893 Hermannus
1744 2850 2143 2906 Wirziburgensisb
2166 2851 2410 2906 episcopus,

226 2923 417 2964 Sivridus
440 2923 730 2978 Augustensis
765 2924 1005 2979 episcopus,
1039 2922 1316 2963 Tridentinus
1340 2921 1585 2976 episcopus,
1618 2919 1874 2961 Ludowieus
1898 2920 2076 2960 illustris
2097 2920 2185 2960 dux
2203 2919 2414 2970 Bawarie,

226 2991 441 3033 Henricus
481 2992 850 3046 prothonotarius,
891 3005 1035 3033 comes
1072 2990 1331 3031 Ludowicus
1375 2990 1427 3031 de
1460 2989 1746 3037 Wirtinberc,
1793 2989 2048 3044 burgravius
2094 2988 2318 3030 Ounradus
2361 2988 2415 3030 de

226 3060 486 3111 Xminberc,
530 3074 671 3102 comes
715 3060 767 3101 de
799 3060 1044 3111 Harzburc,
1090 3073 1234 3100 comes
1277 3058 1329 3099 de
1363 3058 1557 3109 Oastele,
1602 3057 1880 3099 Eberhardus
1913 3057 2079 3112 dapifer
2110 3057 2161 3098 de
2192 3057 2416 3113 VValpurc,

228 3128 273 3168 C.
309 3135 350 3169 et
382 3128 430 3169 E.
464 3130 666 3184 pincerne
700 3128 752 3169 de
786 3128 1088 3179 Winterstete,
1122 3128 1249 3169 Dieto
1282 3127 1335 3168 de
1367 3127 1657 3179 Rafensburc,
1691 3131 1733 3167 et
1765 3127 1835 3167 alii
1869 3140 1996 3181 quam
2029 3127 2186 3180 plures.

372 3197 582 3238 Volumus
615 3198 801 3252 insuper,
835 3197 943 3252 quod
978 3197 1223 3252 sepedictus
1256 3197 1486 3251 episcopus
1520 3196 1588 3236 vel
1622 3196 1712 3236 eius
1744 3209 1966 3237 successor
1994 3209 2018 3235 a
2048 3195 2242 3249 presenti
2265 3198 2418 3235 octava

232 3270 510 3319 pentecosten
551 3265 603 3306 ad
644 3280 801 3306 annum
840 3280 984 3307 coram
1020 3266 1144 3306 nobis
1188 3268 1454 3319 compareat,
1493 3264 1747 3319 prelibatam
1789 3264 2045 3305 sententiam
2083 3263 2320 3318 petiturus;
2359 3263 2419 3304 ita

2432 1277 2465 1301 10

2438 1621 2469 1646 15

2442 1964 2475 1989 20

2445 2313 2477 2339 25

2449 2663 2482 2689 30

2452 3006 2483 3032 35

230 3333 340 3387 quod
375 3335 408 3374 si
441 3333 580 3374 medio
615 3339 809 3389 tempore
844 3334 1025 3375 eandem
1059 3333 1324 3374 sentenciam
1357 3333 1534 3387 exigere
1567 3333 1774 3385 voluerit,
1817 3332 1951 3372 libere
1983 3332 2138 3386 possit,
2180 3332 2240 3372 sic
2271 3336 2414 3372 tamen
2453 3347 2487 3372 4⁰

232 3401 341 3455 qued
375 3401 465 3441 dies
497 3402 674 3443 ferende
708 3402 921 3443 sententie
956 3402 1120 3442 civibus
1155 3401 1232 3442 sub
1267 3401 1526 3455 competenti
1560 3401 1706 3455 spacio
1736 3400 2022 3454 significetur.

362 3470 518 3509 Datum
544 3471 655 3525 apud
674 3471 939 3522 Tridentum,
964 3484 1074 3512 anno
1093 3470 1266 3511 Domini
1285 3469 1572 3521 MCOXXVI,
1596 3469 1729 3509 tercio
1748 3468 1850 3510 Idus
1870 3467 1996 3520 Iunii,
2019 3467 2253 3508 indictione
2267 3466 2418 3507 XIIII.

369 3572 452 3606 291.
486 3578 516 3613 ³)
544 3574 670 3605 nullam
698 3586 746 3605 or.
865 3573 895 3615 1’)
922 3574 1246 3616 Wirzibiburgensis
1272 3585 1320 3605 or.
