2558 3970
192 144 265 182 154
719 137 959 172 FRIDERICI
985 137 1030 171 II.
1055 136 1483 170 CONSTITUTIONES.
1534 137 1632 171 1227.
1682 137 1744 171 Nr.
1764 137 1839 171 116.

187 258 359 310 insuper
372 256 387 279 ¹¹
422 255 760 310 quadringentos
797 253 950 292 milites
975 252 1125 292 nobis³¹
1157 267 1181 292 a
1203 251 1501 305 Longobardis
1528 251 1715 292 eeclesia
1739 251 1955 292 mediante
1980 252 2223 306 premissos,
2257 252 2368 291 ultra

185 324 326 379 quaini
367 338 419 364 ex
467 323 744 378 promissione
785 321 1058 371 tenebamur,
1105 319 1434 375 deputavimusk
1475 334 1549 374 pro
1593 319 1744 360 codem
1786 320 1961 360 servitio
2002 319 2367 370 transmittendos,

186 393 265 432 nisi
301 392 490 432 dilationi
526 400 567 432 et
600 404 716 431 more
750 390 937 443 ipsorum
971 389 1175 433 ecclesia,
1210 402 1287 443 per
1318 402 1445 443 quam
1479 388 1730 429 accelerari¹
1766 388 2020 439 debuerant,
2055 388 2366 435 consensisset;

186 461 333 514 quodm
374 461 503 501 etiam
543 459 593 499 de
633 464 802 500 centum
844 458 1015 498 milibus
1055 458 1269 498 untiarum
1303 457 1676 508 satisfecerimusu,
1721 456 1945 498 mittentes
1986 457 2124 511 primo
2157 456 2199 496 in
2231 456 2367 497 tribus

187 528 377 569 terminis
413 527 637 580 sexaginta
671 527 787 567 milia
819 527 1056 572 untiarum,
1101 526 1143 566 in
1176 530 1326 580 quarto
1360 539 1462 566 vero
1496 525 1678 566 termino
1711 525 1917 579 magister
1949 524 2100 565 domus
2133 524 2367 566 Theotoni-

186 610 343 638 corum.
378 596 446 649 qui
483 602 549 636 cst.
581 609 689 635 unus
723 594 774 635 de
809 595 978 635 statutis
1011 594 1065 634 ad
1098 594 1233 649 ipsam
1266 594 1493 648 pecuniam
1526 593 1842 643 reservandam,
1875 593 1998 648 petiit
2031 592 2238 647 assignari
2262 593 2369 634 sibi⁰

187 665 360 705 siclainl'
394 672 579 704 nostram
614 663 845 704 Brundusii
884 671 986 717 pro¹1
1018 667 1169 717 quarta
1202 662 1412 702 solutione
1436 661 1521 702 XX
1554 662 1671 701 milia
1703 661 1931 711 untiarum,
1965 666 2008 702 et
2039 661 2175 716 ipsam
2208 661 2372 716 recepit

187 744 227 773 et
272 734 412 773 untias
461 732 608 772 habuit
648 746 722 786 pro
767 732 936 773 solutis.
984 731 1042 771 sic
1084 730 1218 785 quodr
1257 730 1454 771 dominus
1498 730 1758 785 apostolicus
1798 730 1839 770 in
1870 730 2088 785 presentia
2119 730 2297 771 fratrum
2329 733 2371 770 et

187 802 372 842 omnium
407 801 706 856 prelatorum&
748 799 1022 855 presentibus
1055 813 1222 854 quoquc
1256 799 1415 839 nuntiis
1448 799 1626 850 nostris,
1668 799 1710 838 in
1743 799 1888 853 vigilia
1922 798 2038 839 beati
2070 797 2244 838 Martini
2274 797 2368 849 fuit,

184 870 294 909 sicut
335 884 411 924 per
449 883 522 909 eos
567 869 847 924 accepimus¹,
892 867 1163 918 recordatus,
1205 866 1316 921 quod
1358 866 1496 907 dictus
1539 867 1743 921 magister
1783 881 1858 922 pro
1901 867 2022 908 nobis
2055 867 2368 908 absolutionem

184 939 347 979 habuit.
408 937 602 979 Residua
635 951 735 978 vero
770 937 852 978 XX
886 937 1003 977 milia
1045 937 1287 986 unciarum,
1331 949 1413 989 que
1456 935 1738 976 tenebamu1·¹¹
1771 936 1813 976 in
1844 939 1992 976 nostra
2023 935 2371 976 transfretatione

184 1006 368 1047 deferre.
405 1021 498 1047 cum
533 1021 701 1048 camera
735 1012 880 1046 nostra
914 1006 1196 1060 premisimus.
1317 1003 1410 1058 (16)
1443 1003 1499 1044 Et
1530 1005 1666 1058 parati
1701 1008 1848 1045 crantv
1880 1003 1992 1045 idem
2027 1003 2162 1044 nuntii
2197 1006 2240 1044 et
2271 1017 2370 1058 pro-

185 1085 404 1115 curatores
439 1075 605 1114 nostriw
650 1076 791 1115 facere
834 1075 1006 1128 plenam
1048 1073 1189 1114 fidem.
1263 1073 1345 1119 Qui
1379 1080 1520 1123 cumx,
1564 1072 1811 1128 priusquam
1845 1072 2173 1113 consulerentur
2203 1072 2371 1127 prelati,

184 1143 318 1183 audiri
360 1143 624 1184 ‹lebuei·i11t>'.
668 1158 752 1183 eos‘.
797 1143 944 1183 ordine
984 1147 1258 1197 preposteroz
1291 1142 1332 1181 in
1366 1155 1447 1196 quo
1480 1146 1674 1182 nostrum
1716 1141 1795 1181 fuit
1827 1145 2077 1195 gravatuma
2108 1141 2371 1195 negotiumb,

184 1214 254 1252 vix
297 1212 483 1253 admisit.
525 1212 641 1266 quia.
681 1212 842 1266 primoc
875 1211 1123 1252 consultatis
1155 1209 1377 1251 semotimd
1409 1224 1487 1264 per
1519 1224 1564 1251 se
1599 1210 1801 1264 singulise
1833 1210 2093 1265 prelatorum
2127 1213 2170 1250 et
2203 1208 2386 1260 eorum(

185 1281 360 1321 consilio
399 1294 475 1334 per
512 1279 731 1320 scedulam
772 1280 1011 1334 assignato,
1054 1279 1305 1334 premonitis
1349 1283 1395 1319 ut
1428 1278 1583 1319 dicitur
1614 1279 1846 1329 universis,
1889 1285 1972 1319 neg
2004 1293 2029 1319 a
2061 1277 2372 1319 deliberatione

185 1350 539 1404 qualitercunque
571 1348 797 1403 prehabita
825 1348 1139 1392 dissentirenth.
1173 1347 1337 1388 eisdem
1371 1348 1530 1388 nuntiis
1556 1347 1617 1388 eti
1639 1347 1990 1402 procuratoribus
2014 1347 2170 1388 nostris
2193 1345 2372 1388 audien-

186 1420 286 1459 tiam
321 1418 518 1473 prestitit.
554 1432 634 1458 non
669 1417 915 1458 deliberans
949 1417 1223 1472 postmodum
1257 1431 1353 1458 cum
1386 1417 1562 1472 prelatis
1597 1421 1639 1458 et
1672 1417 1840 1457 nuntios
1874 1420 2040 1457 nostros
2073 1416 2253 1457 ulterius
2289 1430 2374 1457 non

186 1487 430 1528 admittens.
463 1485 618 1527 imn10¹<
654 1486 776 1526 iustis
809 1486 1160 1527 excusationibus
1195 1490 1237 1541 et
1271 1486 1409 1526 causis
1443 1485 1769 1526 rationabilibus
1802 1499 1886 1526 non
1917 1485 2102 1539 receptis
2136 1484 2196 1526 et¹
2229 1485 2372 1525 clauso

185 1556 346 1597 eisdem
380 1556 540 1596 nuntiis
575 1556 731 1596 nostris
755 1560 797 1596 et
829 1554 1217 1610 procuratoribus¹¹¹
1251 1554 1360 1595 ostio
1393 1555 1585 1604 iusticie,
1618 1554 1758 1609 quod¹l
1790 1554 1902 1609 apud
1923 1554 2069 1595 sedem
2093 1553 2372 1609 apostolicam

185 1632 328 1680 patet0
368 1625 564 1665 omnibus
609 1625 650 1664 in
692 1624 945 1674 eommuniv,
989 1623 1358 1664 denuntiationem
1401 1626 1525 1678 prout
1564 1624 1700 1664 voluit
1738 1624 1973 1678 replicavit.
2092 1622 2183 1677 (17)
2222 1622 2376 1663 Preter

186 1695 263 1735 hee
298 1694 509 1745 Reatinisl,
545 1694 613 1748 qui
648 1696 746 1733 sunt
777 1692 926 1733 fideles
950 1692 1144 1741 ecclesie,
1178 1705 1285 1746 quos
1315 1692 1391 1733 der
1423 1696 1569 1732 nostra
1591 1691 1671 1732 fuit
1694 1691 1985 1732 munificentia
2009 1695 2254 1740 consecuta,
2286 1694 2375 1731 tam

186 1764 267 1803 cito
301 1762 412 1817 quod
446 1763 506 1803 eis
538 1762 735 1811 innotuit,
768 1775 845 1802 nos
880 1760 992 1815 apud
1023 1760 1316 1802 Brundusium
1351 1761 1537 1801 intrasse
1571 1762 1734 1815 galeas,
1766 1760 2072 1814 instigantibus
2104 1759 2188 1800 illis
2222 1759 2307 1814 qui,
2339 1759 2375 1800 si

187 1832 488 1872 beneficiorum
531 1831 906 1871 reminiscerentur
950 1829 1153 1884 imp01·ii⁸‚
1201 1829 1470 1884 prohibuisse
1516 1829 1788 1881 debuerantt,
1836 1829 2000 1884 absque
2051 1842 2231 1883 quorum
2272 1842 2371 1883 per-

187 1899 390 1939 missione
417 1899 659 1939 nullatenus
683 1898 1039 1953 adtemptassent,
1070 1898 1177 1938 fines
1202 1898 1321 1953 regni
1345 1898 1508 1938 nostriu
1531 1901 1696 1938 armata
1718 1912 1846 1938 manu
1869 1897 2084 1938 hostiliter
2106 1897 2370 1948 invaserunt,

187 1967 335 2008 fideles
370 1977 551 2015 nostros,
586 1967 656 2021 qui
689 1966 965 2021 (111011(1·(1111“’·1
999 1967 1206 2009 rebellem
1239 1972 1431 2009 nostrum
1453 1968 1625 2008 artiusW
1658 1967 1929 2016 obsidebant,
1962 1966 2226 2008 confundere
2260 1970 2373 2007 sata-

186 2042 353 2091 gentes,
417 2036 490 2076 Set
529 2036 682 2077 dextra
714 2036 888 2077 Domini
928 2037 1144 2078 facientex
1177 2037 1336 2078 devicti
1369 2041 1411 2078 et
1444 2037 1623 2092 effugati
1656 2051 1681 2077 a
1712 2037 1870 2077 nostris
1901 2035 2098 2076 fidelibus
2132 2034 2376 2076 inciderunt

188 2107 227 2145 in
263 2106 475 2160 laqueum.
508 2119 634 2159 quem
667 2105 915 2159 parabanty.
1035 2104 1128 2158 (18)
1163 2105 1281 2153 Quez
1304 2106 1445 2146 omnia
1468 2105 1716 2160 supradicta
1738 2105 1892 2160 plenea
1924 2104 2118 2159 cupimus
2151 2103 2204 2145 ad
2227 2104 2374 2144 tuamb

188 2180 230 2214 et
262 2173 570 2214 universalemc
603 2173 803 2214 noticiam
840 2174 1091 2228 pervenire,
1132 2174 1175 2214 in
1206 2174 1386 2215 veritate
1428 2187 1536 2228 pura
1574 2174 1705 2215 talem
1744 2174 1881 2215 fuisse
1913 2174 1975 2214 rei
2009 2172 2165 2214 seriem
2198 2176 2241 2214 et
2271 2186 2371 2227 pro-

188 2256 356 2283 cessum
391 2246 433 2282 et
466 2257 539 2282 nos
573 2242 744 2296 penitus
777 2242 1063 2297 inculpabiles
1096 2257 1239 2283 coram
1273 2243 1366 2284 celo
1401 2247 1444 2284 et
1476 2242 1606 2283 orbed
1639 2247 1851 2284 terrarum
1884 2241 2193 2283 infallibiliter0
2224 2245 2370 2296 prote—

189 2311 384 2351 stantes-s.
429 2315 473 2349 ut
515 2311 703 2351 universi
738 2315 781 2350 et
814 2311 969 2364 singuli
1004 2311 1194 2352 seriatim
1229 2315 1271 2352 et
1312 2312 1439 2366 plene
1473 2314 1764 2366 cognoscantg
1797 2310 2068 2352 manifestam
2102 2310 2299 2351 iniuriam
2331 2314 2375 2351 et

189 2393 440 2434 gravamen.
475 2379 582 2433 que'¹
616 2394 690 2434 pro
723 2384 785 2419 tot
816 2380 1020 2434 predictis
1055 2380 1274 2434 obsequiis
1307 2380 1365 2420 eti
1397 2381 1599 2435 expensis
1631 2380 1683 2420 ab
1715 2380 1798 2420 illis
1831 2380 2023 2434 perferre
2057 2379 2373 2434 conquerimur,

189 2465 211 2491 a
236 2449 389 2504 quibus
413 2462 489 2488 nos
515 2453 556 2488 et
578 2452 690 2489 totus
714 2448 827 2489 orbis
855 2453 1002 2503 optata
1024 2462 1100 2503 pro
1126 2448 1319 2489 crucifixi
1343 2449 1516 2503 negotio
1541 2448 1761 2489 subsidiak
1782 2447 2078 2503 sperabamus.
2169 2447 2263 2502 (19)
2286 2447 2374 2489 Nos

188 2519 338 2572 igitur.
382 2521 757 2571 quantumcunque
803 2516 982 2557 intentio
1026 2517 1210 2557 ecclesie
1247 2516 1502 2557 lacessentis
1547 2516 1807 2567 excandeat,
1850 2516 1951 2570 quia
1981 2530 2131 2571 puram
2163 2515 2374 2557 habentes

190 2586 493 2627 conscientiam
534 2584 585 2625 de
624 2584 791 2625 iudiciis
823 2584 906 2625 Dei
939 2584 1186 2625 confidimus
1219 2585 1361 2639 potius
1393 2599 1519 2640 quam
1558 2586 1781 2637 timemus,
1822 2585 1981 2626 iniuste
2013 2584 2369 2626 maledicentibus

36 2689 41 2696 .
86 2677 97 2692 -·
128 2675 167 2697 μ.
191 2656 401 2709 scriptura
445 2654 657 2694 clamante
707 2653 991 2694 ‘benedicatel
1032 2653 1383 2695 maledictoribus
1422 2652 1603 2705 vestris',
1651 2654 1703 2695 ab
1749 2654 1920 2709 incepto
1965 2653 2123 2695 Christi
2164 2654 2375 2709 negotiom

191 2725 433 2765 nullatenus
468 2722 738 2763 desistemus.
802 2722 925 2769 Quod
960 2737 1042 2763 non
1076 2738 1148 2763 ore
1183 2727 1361 2773 tantum,
1396 2728 1462 2764 set
1486 2737 1616 2777 opere
1646 2722 1826 2764 sinceris
1849 2722 2077 2763 affectibus
2102 2727 2144 2764 et
2166 2723 2376 2778 imperiali

191 2794 412 2833 conamine
457 2792 507 2831 ad
555 2793 680 2831 tinem
728 2797 915 2844 gratum,
964 2791 1084 2845 ipso¹¹
1118 2798 1293 2832 auctore
1327 2792 1396 2845 qui
1440 2792 1690 2846 principium
1725 2797 1791 2832 est
1823 2796 1867 2832 et
1898 2792 2013 2842 finis,
2057 2791 2243 2832 ducere⁰
2275 2805 2373 2846 per-

328 2917 411 2950 116.
446 2916 477 2957 h„
504 2924 535 2949 ct
562 2918 699 2959 insuper
724 2917 790 2948 des.
810 2916 839 2948 2.
958 2915 981 2951 ί)
1008 2928 1075 2957 qua
1104 2915 1130 2948 1.
1248 2915 1281 2959 k)
1308 2918 1546 2960 deputabimus
1574 2916 1601 2949 l.
1731 2916 1756 2959 1)
1782 2918 1892 2960 magis
1916 2918 1996 2950 add.
2014 2916 2046 2950 4.
2163 2916 2206 2959 ¹¹¹)
2233 2918 2315 2959 quin
2340 2915 2372 2950 5.

189 2982 221 3000 Β»
249 2976 471 3007 satisfecimus
497 2975 526 3005 ἴ).
645 2979 677 3013 0)
704 2974 793 3006 deest
820 2973 848 3006 1.
990 2972 1022 3016 1³)
1049 2973 1179 3005 sitelam
1206 2972 1237 3006 2.
1367 2974 1400 3015 (1)
1426 2979 1476 3006 set
1502 2973 1531 3006 1.
1649 2974 1675 3015 r)
1703 2975 1730 3007 si
1755 2975 1890 3016 quidem
1916 2974 1948 3007 5.
2064 2974 2092 3017 ⁸)
2119 2975 2201 3018 prel.
2227 2985 2316 3007 omn.
2341 2972 2373 3006 2.

188 3036 197 3053 ¹
242 3033 427 3074 recepimus
453 3033 481 3063 2.
509 3030 546 3070 ῦς
573 3031 766 3063 audivimus
792 3031 822 3063 4.
943 3030 974 3071 Π)
1001 3031 1197 3063 tenebamus
1226 3030 1252 3062 1.
1383 3031 1414 3071 v)
1441 3032 1547 3073 parati
1573 3036 1671 3064 erant
1695 3032 1764 3064 des,
1778 3030 1809 3064 2.
1927 3031 1966 3073 w)
1992 3032 2100 3074 parati
2125 3037 2221 3065 erant
2245 3031 2326 3064 add.
2344 3029 2374 3063 2.

190 3095 206 3111 x
248 3089 335 3120 deest
361 3090 391 3120 12.
508 3094 539 3116 δί
568 3089 753 3120 debuerant
780 3088 810 3119 2.
950 3094 977 3118 z,
1003 3089 1187 3130 postposito
1212 3088 1243 3120 ὃ.
1386 3093 1415 3125 a,
1440 3100 1488 3131 gr.
1516 3089 1581 3120 suit
1605 3087 1637 3120 2.
1754 3087 1785 3128 b)
1812 3090 2019 3132 propositum
2044 3088 2075 3121 5.
2170 3088 2200 3131 0)
2226 3089 2319 3132 prius
2343 3087 2376 3121 2.

190 3145 221 3173 ‘11
249 3147 383 3177 sem-»tis
409 3147 439 3176 ’2.
583 3151 612 3184 9)
640 3146 856 3187 singulariter
880 3145 910 3176 2.
1056 3143 1083 3184 f)
1116 3146 1286 3177 communi
1312 3145 1516 3186 118)
1543 3156 1604 3178 nec
1629 3145 1658 3178 2.
1801 3145 1834 3188 ¹¹)
1859 3147 2059 3179 dissentiant
2085 3145 2113 3179 1.
2231 3145 2253 3186 i)
2279 3157 2319 3178 ac
2343 3144 2374 3178 2.

188 3201 221 3229 k,
250 3202 336 3233 rime
362 3200 556 3241 .’1.1)
583 3210 631 3234 set
661 3202 687 3233 1.
829 3208 869 3240 ¹¹¹)
895 3213 983 3244 proc.
1011 3207 1043 3234 et
1068 3208 1163 3234 nunt.
1190 3202 1312 3234 nestris
1337 3202 1368 3234 2.
1393 3201 1425 3234 4.
1451 3201 1482 3234 5.
1622 3206 1655 3243 Π)
1682 3214 1748 3244 que
1772 3203 1803 3235 5.
1932 3202 1964 3244 ⁰)
1990 3214 2049 3245 pro
2075 3201 2106 3235 5.
2223 3202 2257 3243 Ρ)
2284 3203 2375 3235 omni

190 3260 330 3291 debetur
355 3258 385 3290 ἴ».
480 3266 511 3299 ’1)
540 3259 669 3290 Beatini
700 3257 726 3290 1.
823 3264 848 3298 Γ)
876 3259 954 3290 (111111
984 3258 1011 3290 1,
1123 3259 1150 3298 Β)
1177 3260 1254 3301 imp.
1280 3270 1359 3291 rem.
1386 3258 1416 3291 2.
1443 3258 1472 3291 5.
1569 3258 1593 3301 t)
1619 3260 1781 3292 debuerat
1805 3259 1840 3297 2;
1869 3260 2060 3292 debuerunt
2083 3257 2114 3291 4.
2209 3259 2243 3300 u)
2269 3260 2374 3292 nostri

190 3317 283 3357 regni
314 3316 340 3347 l.
480 3321 497 3336 v
549 3316 716 3356 qnondam
754 3316 780 3348 l.
807 3315 836 3347 2.
865 3315 901 3353 5;
942 3327 1002 3358 per
1032 3317 1193 3357 quosdam
1220 3316 1361 3348 rebelles
1387 3321 1518 3348 nostros
1543 3314 1574 3348 4.
1727 3315 1768 3357 w)
1806 3317 1919 3349 verius
1943 3315 1974 3348 2.
2113 3315 2147 3357 ¹)
2183 3317 2317 3348 favente
2342 3314 2374 3348 2.

189 3379 221 3413 5)
249 3373 429 3404 tendebant
455 3373 485 3404 2.
511 3370 542 3404 4.
569 3371 598 3403 ἴ).
740 3379 768 3413 Ζ)
795 3375 905 3413 Quare
930 3373 962 3406 2.
1102 3380 1132 3415 a)
1159 3375 1248 3407 deest
1272 3373 1301 3406 2.
1327 3373 1358 3406 4.
1385 3374 1414 3406 5.
1550 3373 1580 3417 Ι··)
1606 3380 1699 3407 tuam
1725 3380 1758 3407 et
1783 3375 1850 3407 des.
1871 3374 1903 3407 2.
1929 3375 1960 3406 4.
1987 3373 2017 3407 5.
2137 3372 2166 3416 c)
2193 3374 2315 3406 iustam
2340 3371 2372 3405 2.

190 3428 222 3469 dl>
257 3430 369 3461 orbern
396 3431 426 3459 2.
567 3434 595 3467 0)
636 3430 851 3462 ineffabiliter
875 3429 906 3462 4.
933 3431 969 3467 ,ὃς
1011 3431 1099 3463 deest
1125 3430 1154 3462 2.
1312 3429 1340 3471 f)
1379 3435 1567 3473 prestantes
1592 3430 1623 3463 2.
1736 3437 1742 3442 *
1763 3432 1797 3473 8)
1835 3431 1967 3473 plenius
1993 3431 2203 3474 cognoscatis
2227 3429 2258 3462 2.
2283 3429 2314 3463 4.
2340 3429 2372 3462 5.

190 3485 220 3517 ¹¹³
246 3487 334 3527 quod
362 3487 392 3517 2.
510 3485 532 3523 ἱ)
559 3493 591 3517 et
615 3487 703 3527 pred.
733 3487 802 3518 obs.
829 3486 859 3518 2.
977 3486 1008 3529 k)
1034 3488 1195 3529 suffragia
1220 3489 1250 3520 2.
1277 3486 1307 3520 4.
1335 3487 1367 3520 5.
1484 3486 1508 3529 ¹)
1534 3488 1731 3521 benedicam
1755 3486 1786 3519 2.
1813 3487 1844 3520 4.
1869 3487 1899 3520 5.
2002 3488 2043 3528 m)
2067 3487 2204 3520 servitio
2229 3485 2260 3519 2.
2285 3485 2316 3519 4.
2341 3486 2373 3520 5.

190 3549 222 3575 n,
251 3555 308 3585 pru
335 3544 364 3575 2.
483 3550 514 3583 ¹1)
542 3544 721 3584 perducere
747 3544 777 3575 2.
804 3543 834 3575 4.
863 3543 893 3576 5.

332 3634 363 3671 1)
393 3630 615 3665 Raimdclmn
641 3631 679 3664 (Ie
705 3632 842 3675 Bareto,
873 3635 907 3665 ut
934 3631 1314 3667 Huillarcl-Brdholles
1340 3644 1356 3667 e
1382 3633 1557 3668 Riccarclo
1583 3632 1767 3676 Sanyerm.
1792 3631 1840 3666 ad
1863 3643 1895 3666 α.
1916 3636 2000 3667 1226
2025 3631 2154 3668 docuit.

2421 534 2436 558 5

2406 878 2439 902 10

2408 1224 2438 1249 15

2409 1565 2442 1590 20

2409 1906 2441 1932 25

2410 2255 2443 2280 30

2407 2596 2440 2622 35

2409 2978 2442 3003 40

2408 3261 2440 3286 45

2409 3549 2442 3575 50
