2558 3970
156 143 180 182 8
579 139 788 173 PHILIPPI
815 138 953 174 REGIS
980 137 1411 172 CONSTITUTIONES.
1463 137 1560 172 1202.
1600 137 1697 171 1203.
1747 137 1809 170 Nr.
1829 137 1858 170 7.
1885 136 1917 170 8.

298 256 334 294 6.
376 253 430 294 Et
467 255 499 293 si
538 254 674 308 ipsum
716 253 968 296 Iohannem,
1013 253 1082 306 qui
1124 266 1234 292 nunc
1272 252 1331 292 ibi
1363 251 1564 307 presidet,
1605 251 1818 292 decedere
1853 251 2123 305 contingerit,
2162 250 2341 292 firmiter

153 322 454 377 promiserunt.
488 320 600 375 quod
632 334 849 374 nunquam
882 320 1035 374 uliquis
1070 320 1153 360 sibi
1176 320 1471 368 substituetur,
1506 320 1587 360 nisi
1611 319 1680 374 qui
1712 318 1852 360 fidelis
1883 319 2008 360 nobis
2040 319 2169 360 fuerit
2204 321 2247 359 et
2269 318 2341 372 qui

155 390 196 430 in
230 389 379 430 eadem
412 389 692 443 promissione
726 388 850 428 nobis
882 388 995 428 facta
1025 392 1235 443 perpetuo
1266 387 1518 429 remanebit.
1553 409 1555 411 >

300 459 335 497 7.
377 457 433 497 Et
470 461 514 497 ut
556 456 653 497 inde
693 456 828 496 maior
870 456 993 496 nobis
1030 456 1140 496 foret
1181 457 1402 503 securitas,
1443 470 1498 496 ex
1542 459 1662 510 parte
1702 455 1836 509 ipsius
1879 454 2058 495 ecclesie
2090 454 2340 494 iuraverunt

155 526 402 566 XVillelmns
435 525 486 565 de
521 525 809 574 Helfonstein,
842 524 996 564 Petrus
1030 524 1082 565 de
1117 524 1321 567 Mau-ceto.
1355 524 1450 564 Vdo
1484 524 1536 565 de
1571 523 1697 571 Esch,
1738 522 1889 563 Nicolo
1923 523 1976 564 de
2008 523 2157 574 Arraz,
2190 523 2340 564 Fride-

157 594 266 634 ricus
300 593 351 633 de
384 592 532 637 Mcrle,
567 592 812 633 willelmus
846 591 898 632 de
932 591 1071 637 Dune,
1104 590 1386 632 Boemundus
1419 591 1471 631 de
1504 591 1645 645 Rupe,
1684 590 1902 631 Iohannes
1936 594 1978 631 et
2009 590 2257 631 Willelmus
2289 590 2342 632 de

155 661 273 702 Elze.
318 661 535 702 Henl·icus
577 660 810 710 Lenherre,
858 659 1042 700 Iacobus
1086 659 1137 699 de
1176 659 1317 709 Dune,
1367 658 1525 699 Sibodo
1559 663 1602 700 et
1634 658 1728 699 Vdo
1761 658 1813 700 de
1847 658 2000 710 Ponte,
2041 658 2343 713 Ingebrandus

155 729 206 769 de
238 729 354 769 Dille
388 734 430 770 et
463 730 533 769 alii
567 743 694 783 quam
726 728 872 783 plures
905 742 999 768 cum
1032 728 1312 769 universitate
1346 728 1502 769 civium
1535 727 1882 768 Treverensium.

303 798 340 837 S.
383 796 427 836 Si
463 802 602 837 autem
645 797 796 850 aliquis
841 797 931 837 sive
966 796 1147 837 clericus
1180 798 1269 837 sive
1311 796 1446 836 laicus
1478 796 1520 836 in
1553 795 1817 837 Treuerensi
1848 796 2021 837 civitate
2053 796 2121 837 vel
2154 796 2198 836 in
2230 795 2342 837 Gon-

155 865 328 905 fluentia
364 873 558 919 repertus
591 865 732 905 fuerit.
766 865 836 918 qui
871 869 1019 904 contra-
1050 864 1160 904 hanc
1192 864 1375 904 formam
1407 868 1449 904 et
1479 863 1753 904 securitatem
1778 864 1924 905 venire
1955 864 2277 918 attemptaverit
2299 867 2342 906 et

156 948 326 975 servare
360 934 556 974 noluerit.
589 933 782 974 homines
814 934 947 973 nostri
978 933 1203 987 Philippus
1229 932 1281 973 de
1306 932 1574 984 Bonlanden,
1607 932 1823 973 Henricus
1847 931 1899 973 de
1922 931 2064 982 Dune,
2099 931 2344 973 Fridericus

155 1002 206 1042 de
238 1001 390 1047 Ponte,
425 1002 638 1042 Reinerus
673 1006 716 1041 et
737 1000 978 1041 Richardus
1012 1001 1143 1041 frater
1175 1015 1277 1041 suus
1310 1000 1361 1041 de
1386 1001 1568 1051 Palatio,
1601 1014 1707 1055 quos
1737 1000 1789 1041 ad
1812 1000 1890 1042 hoc
1915 1000 2230 1052 constituimus,
2263 1001 2345 1056 ipsi

158 1075 245 1111 tam
278 1071 319 1110 in
351 1084 536 1125 persona
569 1084 696 1124 quam
728 1069 857 1110 rebus
892 1069 1026 1124 ipsius
1058 1074 1205 1110 nostra
1236 1070 1495 1110 auctoritate
1530 1073 1573 1110 et
1605 1068 1806 1109 mandato
1841 1068 2119 1110 vindicabunt
2152 1072 2194 1110 et
2221 1072 2346 1110 extra

157 1138 363 1180 diocesim
397 1139 708 1179 'sreverensem
740 1138 908 1192 penitus
942 1138 1113 1189 eicient,
1147 1142 1189 1178 et
1222 1137 1274 1178 ad
1306 1137 1387 1178 hoe
1420 1141 1505 1178 tam
1539 1137 1840 1177 ministeriales
1873 1151 2001 1191 quam
2033 1137 2149 1178 cives
2181 1135 2342 1178 Treve-

156 1221 303 1248 renses
336 1207 542 1248 auxilium
577 1206 845 1261 prestabunt.

303 1276 460 1316 Datum
495 1275 686 1319 Treveri,
720 1274 771 1314 V.
804 1274 904 1314 Idus
939 1274 1153 1325 Octobris,
1186 1274 1415 1315 indictione
1450 1274 1524 1315 VI.

246 1703 298 1770 8.
337 1703 389 1770 9.
437 1700 1059 1772 TRACTATUS
1113 1701 1341 1772 CUM
1392 1700 2081 1772 INNOOENTIO
2123 1701 2255 1772 III.

1081 1826 1251 1882 (1203.
1290 1826 1421 1884 Mai.)

942 1966 984 2008 8.
1016 1967 1097 2008 PR
1104 1966 1327 2010 OMISSA
1359 1967 1563 2011 REGIS.

296 2047 461 2088 Damus
490 2062 540 2089 ca·
576 2048 616 2102 1)
651 2049 923 2089 Trans-saneto
943 2047 1217 2101 Luqczunensz·
1247 2063 1283 2089 a.
1308 2049 1419 2089 1:245
1444 2048 1572 2103 facto,
1605 2050 1722 2091 emus
1752 2049 2038 2103 autoyraphon
2068 2050 2115 2090 in
2137 2050 2346 2091 tabulario

165 2117 363 2158 Vaticano
394 2118 513 2160 Arm.
542 2118 599 2158 II
634 2131 741 2170 caps.
774 2117 838 2158 VI
875 2130 940 2159 ην.
965 2120 990 2157 1
1033 2121 1291 2158 asservatum
1333 2119 1580 2169 exemplavit
1631 2118 1767 2160 stoka
1808 2121 1846 2158 et
1893 2118 1936 2173 2)
1976 2118 2107 2160 codice
2146 2117 2348 2161 Parisino

155 2186 226 2226 lat.
251 2186 373 2234 8990,
406 2185 671 2238 apographon
702 2185 949 2226 Romam-mn
984 2185 1321 2227 Clzmiacenstanz
1353 2199 1453 2228 saec.
1476 2186 1651 2227 XVIII
1673 2188 1904 2228 continente
1934 2186 2048 2240 (Rot.
2081 2187 2148 2236 V.)
2163 2188 2190 2238 ¹,
2230 2201 2348 2240 quem

155 2253 327 2293 contulit
359 2253 575 2295 Μοῖῖηῖεν.
636 2253 893 2306 Apoyrapha
913 2254 1061 2295 codicis
1086 2257 1110 2293 1
1141 2257 1286 2294 extant
1318 2255 1360 2295 in
1383 2255 1501 2295 Arm.
1524 2255 1584 2296 II
1609 2268 1720 2306 caps,
1742 2255 1815 2296 IV
1842 2257 1977 2296 227329
2000 2256 2202 2297 tabularii
2232 2256 2349 2298 Vati-

155 2322 252 2362 cani
289 2324 609 2373 (transsumam
643 2323 849 2363 Iohannis
879 2323 926 2363 cle
957 2323 1152 2377 Amelzsso),
1195 2324 1239 2363 m
1271 2323 1400 2364 codice
1435 2322 1706 2364 Ottobom'ano
1734 2324 1860 2374 2546,
1897 2338 1916 2364 ε
1947 2337 2025 2376 qao
2055 2324 2180 2366 editio
2209 2325 2348 2367 Hara-

157 2390 297 2430 lecimie'
329 2391 530 2432 ‘Com-ilia
567 2391 830 2433 Germanias?
864 2391 952 2440 III,
972 2393 1057 2431 467
1087 2392 1160 2441 (=
1186 2391 1328 2439 Parte)
1359 2392 1550 2432 clm-itata
1581 2395 1649 2441 cst,
1685 2393 1728 2431 m
1759 2393 1889 2433 codice
1919 2393 2208 2436 Valle'cellz'cmo
2229 2394 2346 2435 B12

155 2471 255 2499 sace.
282 2458 379 2500 XV.
406 2473 467 2499 esc.
496 2458 575 2513 fol.
602 2460 696 2508 3:30,
728 2472 844 2511 quem
877 2460 1048 2500 contulit
1084 2461 1165 2500 iam
1198 2460 1293 2500 olim
1325 2461 1389 2500 υἱν
1411 2461 1457 2501 ct.
1486 2460 1828 2513 Homer-Effer.
1895 2461 2031 2503 Godana
2050 2464 2187 2503 autem
2218 2461 2350 2504 Valli-

156 2527 358 2567 calamus
400 2527 443 2567 D
473 2530 494 2566 1
539 2540 642 2570 saec.
674 2527 719 2568 X
731 2527 946 2569 V—XVI
971 2527 1045 2581 fol.
1071 2524 1146 2567 10¹
1193 2529 1461 2582 apographon
1515 2529 1761 2570 traussumti
1805 2529 2020 2571 Amelz'ani
2064 2531 2254 2573 continet.
2295 2555 2345 2560 -

158 2594 349 2644 Bfflmzer,
384 2595 482 2648 Rey.
518 2596 610 2648 imp.
646 2595 690 2645 V,
718 2598 783 2638 79.
1992 2597 2061 2651 (P.
2086 2600 2205 2649 208.)

300 2731 349 2771 In
389 2733 559 2772 nomine
600 2732 742 2773 Patris
784 2738 826 2774 et
858 2733 955 2773 Filii
995 2738 1037 2774 et
1071 2733 1255 2788 Spiritus
1300 2735 1448 2775 saneti.
1527 2734 1620 2788 Ego
1661 2735 1888 2789 Philippus
1932 2736 2225 2777 Romanorum
2269 2750 2347 2777 rex

158 2814 328 2854 semper
361 2806 581 2854 augustus.

306 2872 337 2909 1.
371 2868 616 2923 Antequam
648 2869 857 2910 Martinus
889 2870 1005 2925 prior
1037 2869 1458 2911 Camaldulensium³
1492 2874 1534 2911 et
1565 2872 1698 2912 frater
1719 2870 1821 2912 Otto
1857 2871 2090 2912 monachus
2124 2872 2176 2912 de
2201 2870 2346 2913 Salem

158 2937 354 2977 venirent
397 2936 449 2977 ad
490 2952 558 2978 me
597 2938 818 2979 tractaturi
859 2938 911 2979 de
953 2952 1057 2992 pace
1091 2939 1275 2979 ecclesie
1310 2943 1352 2979 et
1394 2938 1575 2993 imperii,
1617 2952 1816 2980 voveram
1849 2939 1943 2980 Deo
1985 2945 2028 2981 et
2060 2940 2220 2981 sanctis
2253 2940 2345 2980 eius

158 3018 223 3044 me
256 3005 412 3045 iturum
445 3006 558 3046 ultra
590 3020 705 3047 mare
740 3006 792 3046 ad
826 3006 1091 3047 liberandam
1124 3012 1281 3047 terram
1313 3008 1609 3062 promissionis
1634 3021 1658 3048 a
1680 3008 1873 3061 gentium
1906 3007 2090 3059 feritate,
2125 3012 2168 3050 et
2190 3009 2346 3049 iterum

158 3081 252 3126 post
285 3087 433 3113 eorum
466 3073 696 3114 adventum
729 3075 901 3115 auditob
937 3075 1066 3116 verbo
1091 3088 1239 3115 eorum
1263 3089 1394 3129 super
1416 3080 1628 3115 tractatu0
1660 3076 1779 3130 pacis
1803 3075 1854 3116 de
1879 3077 2159 3117 concessione
2185 3075 2346 3117 domini

160 3141 413 3195 apostolici<l
445 3142 484 3181 in
520 3156 645 3183 manu
679 3143 858 3197 predicti
891 3143 1045 3198 prioris
1069 3143 1160 3184 vice
1186 3143 1342 3183 domini
1368 3143 1592 3197 apostolici
1618 3144 1712 3183 vovi
1736 3147 1777 3184 et
1809 3144 1985 3198 promisi
2006 3143 2100 3185 Deo
2123 3148 2164 3184 et
2186 3144 2344 3185 sanctis

160 3210 250 3248 eius
286 3215 327 3249 et
360 3208 498 3249 eidem
532 3211 661 3264 priori
695 3211 788 3250 loco
823 3210 1028 3265 sepedicti
1063 3210 1222 3250 domini
1254 3211 1491 3264 apostolici,
1525 3225 1591 3252 me
1625 3215 1833 3266 oportuno
1867 3217 2062 3267 tempore
2095 3212 2278 3253 ecclesie
2303 3217 2346 3253 et

159 3277 337 3331 imperio
378 3283 418 3317 et
459 3278 702 3318 liberationi
743 3283 856 3318 terre
898 3279 1088 3333 predicte
1134 3279 1247 3319 bona
1286 3278 1369 3319 fide
1410 3279 1571 3333 absque
1612 3280 1727 3320 omni
1769 3280 1920 3321 fraude
1958 3281 2058 3321 illuc
2088 3281 2245 3321 iturum
2277 3285 2346 3321 ete

159 3345 397 3399 opitulante
430 3345 523 3386 Deo
556 3350 712 3386 terram
746 3347 863 3387 illam
901 3361 977 3401 pro
1017 3361 1145 3401 posse
1178 3361 1274 3387 meo
1307 3347 1600 3388 liberaturum.
1664 3348 1804 3389 Huius
1838 3349 1925 3389 voti
1956 3353 2089 3389 testes
2121 3352 2218 3389 sunt
2248 3348 2345 3389 Dit-

295 3478 330 3512 S.
358 3481 389 3521 ³)
415 3471 557 3513 Camaffi
583 3481 611 3513 l.
731 3482 762 3522 b)
789 3485 903 3516 audito
930 3485 1031 3517 verbo
1056 3495 1172 3516 eorum
1198 3484 1265 3516 des.
1284 3484 1314 3517 2.
1418 3484 1448 3526 c)
1476 3490 1587 3518 tractu
1618 3485 1646 3518 1.
1742 3484 1772 3527 d)
1798 3486 1898 3518 litera
1922 3487 1932 3517 i
1959 3486 2077 3518 ultima
2101 3486 2137 3518 in
2161 3496 2289 3518 rasura
2316 3485 2344 3518 1.

162 3543 189 3577 Θ,
218 3538 307 3570 deest
331 3536 361 3570 2.

299 3630 312 3660 1
322 3643 331 3669 y
360 3627 410 3668 Cf.
440 3628 820 3664 Haillarcl-Bre'holles
846 3630 1000 3664 “Notices
1026 3634 1056 3664 et
1082 3630 1240 3663 extruas>
1268 3630 1382 3674 XXI,
1400 3637 1431 3673 2,
1451 3636 1517 3666 285
1542 3642 1596 3665 nr.
1616 3637 1666 3666 17.

2378 876 2410 900 10

2381 1223 2412 1247 15

2382 2070 2415 2095 20

2382 2412 2474 2437 25-

2382 2817 2415 2842 30

2381 3160 2413 3186 35

2381 3547 2414 3571 40

2526 94 2530 98 .
2505 0 2533 82 4:35

2518 3011 2539 3058 νο
2517 2858 2541 2995 numme-
2518 2735 2538 2842 ‹nm-u·-
2520 2678 2533 2727 rss-
2516 2598 2534 2656 *νὴ
2520 2547 2526 2563 -v
2523 2525 2526 2533 -

2523 3494 2533 3511 .-
2516 3295 2533 3478 ’νῆ-ήΜ
2516 3127 2538 3271 „Ae-ny‘x-‘q
2518 3065 2532 3098 ῆι·
