2558 3970
93 1318 116 1336 c.
136 1315 173 1338 11.

94 1588 174 1611 «21³.

39 1796 75 1821 cs.
95 1802 119 1820 c.
137 1797 177 1820 lu-

211 171 290 207 ,μω
708 163 922 197 HEINRICI
952 162 1090 198 REGIS
1117 163 1543 198 CONSTITUTIONES.
1594 165 1692 200 1224.
1743 165 1895 201 N1·.284.

212 279 400 320 incidere
432 284 584 332 potest.
623 282 669 318 ut
693 278 858 332 ipsumu
894 278 1067 318 reficiat.
1101 279 1157 318 ita
1184 278 1295 332 quod
1319 279 1448 319 nichil
1482 279 1579 320 inde
1603 278 1784 321 deferat.
1839 279 1881 320 Si
1906 284 2049 322 autem
2073 286 2243 335 segetes
2268 283 2393 324 aliter

213 347 437 387 inciderit*
470 351 511 386 et
543 345 703 400 aliquid
737 345 834 386 inde
867 345 1092 390 detulerit,
1125 359 1277 400 pacem
1312 346 1534 397 violavitw,
1567 346 1633 386 fur
1666 346 1967 400 suspendetur.

355 416 392 453 9.
435 413 516 460 Qui
559 414 687 454 alium
730 414 836 453 clam
880 413 1101 454 occiderit.
1145 413 1255 467 quod
1298 413 1414 454 mord
1447 414 1614 463 dicitur,
1658 415 1699 454 in
1732 419 1826 455 rota
1857 416 2071 470 punietur.
2134 416 2180 457 Si
2211 416 2392 471 aufugit,

211 482 278 522 ct¹
313 481 425 520 fama
458 481 629 535 publica.
661 495 742 535 que
777 481 903 535 vulgo
937 481 1145 521 loimuntx
1177 481 1330 522 dieitur
1363 482 1615 533 exstiterit),
1656 487 1698 523 et
1729 496 1826 523 reus
1859 483 2146 537 proprietates
2179 488 2222 525 et
2243 484 2394 526 feodaz

214 549 421 593 habuerit.
457 549 579 604 primi
612 550 674 589 sui
709 549 882 592 domini,
917 563 939 589 a
972 548 1152 603 quibus=²
1186 549 1312 590 feoda.
1346 550 1493 591 tenuit.
1528 564 1573 590 se
1607 549 1659 590 de
1692 550 1804 590 illisb
1837 551 1949 591 infra
1971 550 2107 592 XIIII
2139 552 2231 593 dies
2256 553 2389 594 intro-

211 617 399 658 mittent.
442 623 484 658 ct
527 618 586 658 sic.
626 632 647 657 a
688 618 834 672 primis
876 630 1010 671 usque
1052 617 1105 657 ad
1148 617 1360 658 secundos
1404 622 1445 658 et
1485 619 1639 658 tercies
1679 618 1872 660 dominos
1912 632 2047 674 usque
2086 619 2138 660 ad
2179 620 2392 662 deminum

211 686 386 740 inperii:
422 684 525 742 [qui]
560 685 686 727 feoda.
718 684 924 740 predicta.
959 685 993 725 si
1025 699 1101 740 per
1124 686 1461 740 negligenciam‘*
1483 686 1536 726 ad
1559 686 1698 741 ipsum
1721 687 1988 739 devenerint,
2019 688 2236 730 retinebit.
2288 689 2394 731 Pro-

212 754 418 808 prietates
452 760 592 794 autem
628 755 817 809 ipsorum
851 752 1036 794 heredes
1077 754 1260 808 proximi
1300 755 1525 809 recipient.
1589 753 1711 800 Quod
1745 755 1778 794 si
1813 755 2086 809 neglexerint
2118 756 2228 798 infra
2260 757 2396 799 XIIII

212 821 323 865 dies.
358 822 554 863 dominus
595 822 810 877 provincie
844 835 895 862 ea
934 820 1154 876 recipie-td,
1195 826 1236 862 et
1269 823 1328 862 sic
1362 823 1517 863 iterum
1550 836 1682 877 usque
1715 822 1768 863 ad
1800 823 2017 864 dominum
2052 825 2204 879 inperii
2237 826 2394 881 produ-

213 896 373 932 centur.
436 891 477 931 Is
511 895 678 940 autem,
721 891 790 945 qui
831 904 948 931 reum
992 891 1202 944 receperit
1243 895 1284 930 ct
1316 890 1487 934 foverit.
1532 905 1556 931 a
1595 890 1663 931 die
1702 894 1817 932 certe
1858 892 2042 933 sciencie
2077 906 2171 933 cum
2203 908 2274 935 reo
2306 895 2398 950 pari

213 972 322 1013 pene
357 964 398 1000 ct
433 960 654 1000 sentencie
688 958 939 999 subiacebit.

364 1031 424 1069 10.
459 1028 712 1081 Quicunque
737 1027 912 1068 alterius
946 1026 1139 1067 inimicus
1164 1027 1356 1067 extiterit
1379 1031 1420 1067 et
1452 1028 1591 1082 ipsum
1618 1026 1805 1069 defidare
1830 1027 2024 1079 voluerit,
2059 1030 2196 1070 tribus
2219 1029 2400 1072 diebus⁹

213 1102 443 1151 antequam
468 1101 721 1137 nocumenta
738 1095 816 1135 sibi
840 1094 1330 1149 procui-et1'denuntiet;
1356 1095 1544 1149 alioquin
1569 1099 1611 1135 et
1635 1096 1754 1150 pacis
1774 1100 1817 1137 et
1839 1096 1937 1136 fidei
1955 1097 2137 1138 violator
2160 1098 2400 1141 habebitur.

363 1168 423 1206 11.
457 1163 708 1219 Quicunque
742 1164 916 1204 cultello
952 1163 1080 1203 alium
1115 1162 1322 1203 occiderit
1354 1164 1421 1204 vel
1455 1163 1761 1215 vulneraverit,
1796 1164 1970 1205 infamie
1996 1179 2077 1220 que
2102 1165 2222 1207 mord
2247 1165 2402 1208 dicitur

215 1247 311 1274 reus
345 1234 439 1274 erit.

362 1303 422 1341 12.
455 1301 608 1342 Nullus
651 1316 673 1341 a
713 1302 985 1356 possessione
1027 1315 1169 1342 rerum
1203 1315 1308 1356 quas
1352 1300 1541 1356 possidet
1573 1302 1763 1353 cicietur,
1806 1301 1889 1342 nisi
1932 1302 2149 1356 possessio
2188 1302 2241 1343 ab
2273 1315 2323 1344 eo
2358 1302 2401 1344 in

215 1369 363 1410 iuditio
399 1370 632 1411 evincatur.

363 1440 422 1479 13.
457 1438 709 1492 Quicunque
734 1451 882 1493 pacem
907 1438 949 1478 in
973 1452 1018 1478 se
1042 1438 1155 1479 ledig
1178 1439 1530 1493 proclamaverit,
1555 1438 1636 1479 nisi
1659 1439 1701 1479 in
1726 1438 2069 1492 proclamacione
2093 1444 2192 1481 ante
2216 1439 2401 1482 iudicem

217 1507 573 1561 perseveraverit.
606 1521 754 1562 pacem
788 1506 1026 1547 violaverit.

365 1579 423 1616 14.
465 1574 507 1616 Si
550 1576 644 1630 quis
684 1574 888 1629 predamh
918 1575 1074 1616 fecerit
1113 1580 1155 1615 et
1188 1574 1299 1615 eami
1332 1574 1487 1615 fecisse
1522 1575 1745 1616 confessus
1786 1575 1936 1627 fuerit,
1981 1574 2103 1616 cumk
2145 1575 2400 1632 [iuramento

216 1644 365 1685 reddet
398 1650 439 1685 et
472 1644 601 1685 iudici
634 1643 869 1685 secundum
901 1644 1116 1685 iusticiam
1152 1647 1400 1698 componat,
1439 1642 1546 1699 vel]l
1578 1645 1835 1695 iuramento,
1877 1644 2043 1686 duobus
2076 1645 2157 1686 sibi
2189 1644 2403 1686 adiunctis

215 1714 284 1769 qui
319 1713 525 1754 nominati
558 1713 729 1764 fuerint,
763 1727 809 1754 se
844 1712 1118 1768 expurgabit,
1154 1712 1265 1767 quod
1299 1712 1515 1767 predamlm
1549 1726 1634 1753 non
1665 1713 1833 1754 fecerit.

364 1786 426 1823 15.
461 1781 713 1837 Quicunque
746 1781 951 1836 predamn
983 1795 1064 1836 que
1101 1795 1255 1836 reraup
1288 1784 1331 1821 et
1362 1781 1571 1836 predam0
1605 1795 1686 1836 que
1720 1784 1972 1836 strazraupp
2007 1785 2049 1822 et
2071 1781 2261 1822 crimentl
2293 1782 2405 1837 quod

216 1851 369 1892 scachr
402 1851 555 1892 dicitur
588 1851 868 1901 commiserit,
905 1851 938 1890 si
971 1850 1180 1905 flagrante
1216 1850 1425 1891 maleficio
1461 1850 1589 1891 iudici
1621 1854 1897 1905 presentatus
1930 1850 2081 1902 fuerit,
2116 1850 2253 1905 capite
2285 1851 2402 1907 plec-

216 1925 341 1962 tetur.
405 1920 450 1962 Si
483 1924 626 1961 autem
659 1919 874 1974 aufugerit
907 1923 950 1960 et
981 1918 1033 1959 ad
1067 1919 1271 1960 iudicium
1305 1923 1480 1960 vocatus
1512 1919 1625 1960 infra
1655 1918 1739 1959 XV
1772 1918 1862 1960 dies
1896 1933 1980 1960 non
2014 1919 2322 1974 comparuerit,
2355 1923 2403 1960 ut

216 2003 333 2030 reus.
375 1993 421 2029 ut
460 1989 630 2029 infamis
670 1987 939 2029 iudicabitur.
1011 1988 1055 2028 Si
1094 1987 1187 2042 quis
1226 1991 1368 2028 autem
1409 1987 1559 2028 talium
1599 1994 1878 2042 quemquamS
1914 2001 1938 2027 a
1970 1986 2109 2028 iudice
2140 1988 2405 2042 postulatum

218 2062 365 2099 contra
397 2058 463 2098 ius
495 2057 801 2098 manuteneret
833 2060 875 2096 et
907 2055 1139 2097 defendere
1172 2055 1497 2110 presumpserit,
1532 2059 1620 2096 tam
1653 2055 1744 2110 ipse
1777 2055 1976 2097 detentor
2006 2070 2137 2111 quam
2168 2056 2288 2097 locus
2313 2055 2405 2111 qui-

218 2127 342 2177 libet,
376 2126 416 2166 in
451 2139 532 2180 quo
567 2129 879 2175 manutenetur,
912 2124 1218 2179 proscribatur.
1280 2122 1405 2170 Quod
1437 2123 1470 2163 si
1502 2123 1701 2164 detentor
1732 2127 1828 2178 post
1861 2125 2249 2180 proscriptionemu
2282 2138 2402 2165 suam

218 2196 282 2236 bis
316 2200 358 2236 et
389 2195 515 2236 tertio
549 2208 572 2235 a
604 2194 745 2235 iudice
779 2193 1066 2234 commonitus
1100 2207 1183 2233 non
1222 2192 1493 2247 resipueritv,
1535 2206 1631 2233 cum
1664 2206 1737 2233 reo
1770 2193 1863 2247 pari
1895 2193 2069 2234 infamie
2102 2206 2151 2234 ac
2184 2193 2405 2234 sentencie

220 2263 470 2304 subiacebit.
535 2262 580 2303 Si
612 2266 756 2303 autem
789 2275 885 2302 reus
919 2261 972 2302 ad
1004 2261 1318 2302 vocacionemw
1348 2260 1499 2301 iudicis
1540 2260 1696 2301 iudicio
1731 2275 1776 2302 se
1820 2261 2137 2316 presentaverit
2170 2265 2213 2303 et
2242 2261 2404 2302 factum

221 2346 378 2387 negare
412 2332 604 2382 voluerit,
637 2335 756 2371 actor
788 2331 858 2371 vel
890 2344 967 2385 per
1000 2344 1046 2371 se
1079 2330 1148 2371 vel
1180 2344 1258 2385 per
1289 2330 1421 2370 alium
1454 2330 1498 2370 in
1530 2329 1854 2370 monomachiax
1886 2330 2141 2371 convincere
2176 2333 2332 2385 potest,
2365 2332 2409 2370 et

222 2415 317 2441 reus
362 2401 403 2441 in
442 2413 627 2455 persona
665 2399 839 2455 propria
879 2413 924 2440 se
958 2397 1175 2440 defendet.
1238 2397 1360 2444 Quod
1394 2398 1428 2439 si
1461 2403 1577 2439 actor
1609 2398 1751 2439 facere
1792 2398 1999 2449 noluerit,
2042 2397 2303 2439 concedetur
2333 2411 2407 2438 reo

221 2469 473 2523 expurgatio
507 2482 635 2508 manu
663 2467 812 2518 VIIma,
846 2480 993 2508 eorum
1031 2471 1204 2508 tameny
1237 2466 1305 2521 qui
1339 2465 1420 2507 adz
1451 2466 1532 2506 hoc
1566 2467 1609 2506 in
1642 2466 1822 2519 singulis
1865 2466 2098 2520 provinciis
2132 2470 2233 2506 sunt
2264 2465 2406 2507 electi.

369 2539 429 2578 16.
474 2536 548 2577 Hii
586 2542 731 2578 autern
772 2536 843 2590 qui
876 2536 916 2576 in
957 2536 1132 2576 infamia
1164 2549 1246 2590 que
1290 2535 1472 2575 loimunt
1503 2534 1658 2575 dicitur
1698 2533 1918 2585 laborant,
1964 2534 2016 2574 ad
2050 2534 2408 2589 expurgationem

223 2621 306 2648 non
338 2607 419 2647 nisi
450 2606 493 2646 in
527 2606 697 2661 publico
730 2605 883 2646 iudicio
917 2604 1217 2651 admittentur;
1250 2618 1430 2658 quorum
1463 2608 1608 2644 tamen
1633 2603 1991 2658 expurgationem
2014 2602 2148 2643 iudex
2171 2601 2405 2643 secundum

223 2689 345 2716 suum
379 2675 600 2715 arbitrium
633 2678 775 2729 potest
805 2687 1056 2728 aggravare.
1121 2673 1166 2713 Si
1190 2676 1334 2713 autem
1365 2672 1572 2713 loimunta
1604 2675 1754 2712 contra
1776 2685 2034 2726 quemquam
2070 2671 2240 2726 probari
2262 2670 2406 2722 debet,

223 2758 299 2798 per
330 2743 539 2798 pluriumb
572 2758 620 2783 ac
653 2743 876 2784 meliorum
909 2742 1023 2782 illius
1056 2742 1273 2796 provincie
1307 2741 1621 2781 confessionem
1654 2740 1735 2780 hoc
1767 2740 1859 2781 fieri
1892 2739 2037 2781 debet.

372 2814 433 2852 17.
476 2811 520 2852 Si
564 2811 718 2865 aliquis
757 2811 800 2851 in
833 2810 983 2851 eadem
1016 2809 1338 2851 iurisdictionec
1371 2823 1395 2849 a
1426 2809 1564 2849 iudice
1597 2808 1676 2849 sibi
1708 2808 1920 2849 iusticiam
1953 2807 2004 2849 de
2038 2808 2183 2862 aliquo
2216 2807 2407 2862 postula-

226 2881 345 2930 verit,
378 2880 510 2921 iudex
541 2879 651 2920 infra
681 2879 764 2919 XV
797 2879 889 2920 dies
923 2879 1003 2919 sibi
1035 2879 1250 2919 iusticiam
1283 2878 1424 2918 faciet.
1488 2877 1613 2924 Quod
1644 2877 1678 2917 si
1710 2877 1782 2917 ille
1818 2890 1904 2916 non
1928 2876 2199 2927 satisfecerit,
2233 2879 2409 2916 extunc

225 2948 342 2989 dabit
375 2946 533 2988 iudexd
567 2947 699 2987 actori
733 2947 1033 2988 auctoritatem
1066 2945 1334 3001 pignorandi,
1369 2950 1411 2986 et
1446 2945 1550 2986 illud
1584 2945 1737 3000 pignus
1761 2945 1928 2985 salvum
1953 2943 2195 2985 tenebiture
2226 2957 2304 2998 per
2325 2941 2408 2983 XV

361 3071 447 3106 284.
481 3078 514 3112 ¹³)
541 3074 610 3115 ipse
638 3072 694 3104 1α.
807 3078 837 3112 V)
870 3072 1021 3104 insiderit
1049 3071 1077 3103 1.
1188 3078 1228 3112 W)
1257 3061 1360 3105 uola1¹1
1389 3071 1422 3109 1;
1451 3072 1629 3104 violaverit
1655 3070 1712 3103 la.
1811 3070 1844 3111 Χ)
1870 3070 1992 3102 limunt
2020 3068 2081 3101 la.
2172 3069 2205 3111 δ’)
2231 3069 2358 3101 exstiflt
2384 3066 2412 3100 1.

226 3137 255 3172 Ζ)
283 3132 402 3163 foeuda
423 3129 473 3161 la
497 3141 635 3171 semper.
732 3135 762 3170 ἱᾸ)
787 3141 854 3171 quo
882 3129 906 3160 l.
929 3129 991 3160 1α.
1089 3129 1118 3169 '¹1
1145 3130 1202 3161 illo
1229 3129 1287 3161 1α.
1385 3128 1414 3172 c)
1441 3129 1687 3171 necligenciam
1715 3126 1743 3159 1.
1841 3125 1874 3168 d)
1899 3126 2019 3168 recipis
2038 3124 2067 3158 1.
2088 3125 2146 3157 1α.
2234 3126 2265 3167 0)
2290 3126 2359 3165 tcbz
2382 3135 2414 3157 lc

226 3188 344 3220 diebus
372 3187 399 3218 1.
518 3185 546 3225 f)
574 3194 765 3228 procuraret
793 3186 852 3218 la.
970 3191 1001 3226 Β)
1030 3187 1102 3219 lech
1133 3186 1191 3218 1α.
1311 3186 1342 3228 ¹¹)
1370 3188 1483 3230 pdicta
1511 3185 1546 3225 13
1584 3185 1733 3227 predicta
1759 3183 1823 3215 la.
1941 3181 1964 3223 i)
1991 3193 2032 3214 ea
2060 3181 2088 3214 1.
2118 3181 2178 3214 1α.
2295 3180 2328 3220 k)
2355 3181 2411 3222 sic,

228 3256 294 3276 non
319 3255 394 3276 vero
420 3255 496 3276 reus·
521 3245 620 3276 etiam
640 3243 697 3275 la.
829 3242 851 3280 ¹)
878 3243 970 3275 uncis
995 3243 1128 3275 inclusa
1153 3245 1304 3285 supplevi
1328 3256 1368 3276 ex
1392 3256 1445 3276 nr.
1466 3245 1544 3275 280.
1676 3240 1718 3283 m)
1745 3241 1811 3283 fida
1831 3238 1865 3278 13
1891 3239 2039 3281 predicta
2058 3239 2114 3271 1α.
2232 3241 2266 3280 ¹1)
2290 3239 2357 3281 ᾗᾶέ
2374 3237 2409 3278 1;

228 3301 361 3342 predam
387 3312 474 3332 corr.
500 3301 600 3343 preda
627 3301 685 3332 1α.
805 3306 836 3340 0)
863 3301 961 3343 {adam
989 3300 1017 3332 1.
1127 3301 1157 3340 Ρ)
1183 3311 1370 3343 sepazraup
1397 3301 1431 3338 1;
1470 3310 1661 3341 sepanraup
1688 3297 1746 3337 la,
1771 3302 1807 3328 ut
1829 3296 1977 3333 videtur?
2005 3296 2167 3328 G'ue'rard
2191 3296 2267 3338 legit
2290 3305 2410 3328 sexan-

228 3368 323 3400 raup,
348 3357 445 3389 Pertz
470 3364 700 3399 strazanraup.
830 3363 846 3385 (1
854 3370 862 3395 )
888 3358 1023 3390 tertium
1054 3357 1109 3389 la.
1239 3362 1266 3398 r)
1294 3358 1376 3390 sach
1404 3357 1433 3389 1.
1461 3355 1522 3388 1α.
1654 3354 1682 3397 s)
1708 3354 1901 3395 quempiam
1931 3352 1988 3384 la.
2107 3351 2132 3392 t)
2155 3357 2349 3385 manutene¹
2375 3351 2409 3391 15

228 3415 439 3446 manuteneri
467 3413 525 3446 1α.
637 3420 671 3454 ¹¹)
698 3415 971 3456 prescriptionem
998 3414 1058 3446 1α.
1168 3420 1197 3455 V)
1224 3415 1404 3457 reeipuerit
1430 3413 1458 3445 1.
1488 3413 1550 3445 la.
1660 3410 1699 3454 w)
1721 3411 1857 3454 ⁴uec—one}
1885 3409 1914 3442 1.
2024 3412 2058 3450 x)
2085 3421 2162 3442 eum
2187 3409 2412 3451 supplendum

228 3470 367 3502 videtur.
482 3477 514 3509 y)
541 3476 669 3502 tantum
699 3470 755 3502 la.
873 3470 902 3511 z)
928 3471 969 3503 ad
994 3471 1083 3503 deest
1112 3471 1170 3503 la.
1293 3475 1324 3511 ³)
1351 3471 1494 3503 laimunt
1518 3469 1571 3501 hic
1598 3468 1626 3500 1.
1746 3467 1777 3507 b)
1803 3467 1940 3510 plurum
1968 3466 2027 3499 la.
2147 3465 2177 3506 c)
2204 3466 2357 3498 iuridcbe
2382 3464 2411 3497 1.

229 3525 260 3565 d)
286 3527 377 3558 dabit
401 3527 482 3559 add.
503 3527 532 3558 1.
650 3533 679 3567 δ’)
707 3528 835 3560 tenebit
862 3527 920 3559 ln.

368 3616 399 3656 1)
436 3614 547 3648 Verba
575 3618 610 3648 et
635 3616 732 3649 fama
759 3616 907 3659 publica
933 3628 1003 3659 que
1023 3616 1132 3659 vulgo
1152 3615 1309 3650 loimunt
1327 3615 1462 3650 dicitur
1480 3613 1665 3649 exstiterit
1683 3613 1900 3656 interpolata
1918 3622 1985 3646 csse
2003 3614 2112 3645 cen-sce
2131 3611 2182 3645 cir
2203 3612 2241 3645 cl.
2264 3609 2411 3645 Richar-

230 3672 296 3705 dus
322 3671 490 3714 Loem'oiq.

2436 912 2467 937 10

2438 1253 2468 1277 15

2439 1594 2470 1619 20

2441 1935 2471 1960 25

2441 2278 2474 2303 30

2442 2621 2501 2657 35·

2443 3296 2474 3322 45

2443 3610 2476 3638 50
