2558 3970
11 309 72 334 lun.
90 312 131 336 24.

163 188 244 227 612
566 184 658 217 PAX
686 182 928 218 DIOECESIS
954 182 1279 217 MOGUNTINAE
1304 182 1585 218 RHENENSIS.
1634 183 1733 219 1265.
1781 185 1843 218 Nr.
1860 185 1938 220 444.

165 300 273 354 quod
319 314 484 340 exnunc
528 311 662 352 usque
702 297 754 337 ad
796 297 951 337 festum
993 297 1109 338 beati
1140 296 1344 337 Iohannis
1384 297 1571 352 baptiste
1613 302 1656 339 et
1688 302 1846 339 extunc
1876 298 1929 339 ad
1961 303 2046 340 tres
2080 315 2214 342 annos
2249 317 2337 343 ser-

164 368 322 408 vabunt
355 383 504 423 pacem
538 368 787 421 generalem
823 367 1022 408 omnibus
1056 367 1300 408 hominibus
1334 367 1568 409 secundum
1601 368 1667 409 ius
1701 373 1742 409 et
1774 369 2061 412 conditionem
2084 385 2133 412 ac
2157 386 2340 415 consue-

164 437 351 477 tudinem
399 450 565 478 necnon
606 437 812 477 honorem
858 436 1059 477 cuilibet³
1098 435 1289 477 debitum
1335 441 1378 477 et
1415 437 1649 491 antiquitus
1695 437 1992 489 observatum,
2037 440 2165 481 immo
2208 442 2343 483 eciam

163 516 203 545 ct
236 505 395 546 Iudeis.
509 505 569 559 (2)
605 505 712 545 Sunt
744 509 888 545 autem
920 504 978 545 hii
1012 505 1183 545 termini
1216 505 1333 559 pacis
1366 505 1492 546 huius
1527 505 1752 548 servande.
1809 506 1877 547 Ab
1910 509 2114 549 extremis
2147 511 2342 551 terminis

163 574 477 627 pcrtinentibus
501 573 553 614 ad
578 574 765 613 officium
791 574 919 613 castri
945 572 1242 627 Starkenberg
1258 574 1270 597 ¹
1302 573 1463 614 directe
1494 573 1535 613 in
1558 573 1743 625 Renum,
1777 575 1818 615 in
1841 574 2052 617 descensu
2076 591 2152 632 per
2173 577 2342 620 Renum

161 655 295 695 usque
329 641 380 681 ud
413 656 566 696 aquam
600 656 681 697 quc
706 641 861 682 dicitur
882 641 1228 683 Wieschebure2
1260 656 1393 697 prope
1417 642 1602 691 Lorche;
1637 643 1690 684 ab
1712 643 1785 684 illa
1808 658 1919 699 aqua
1941 645 2101 686 directe
2123 646 2165 687 in
2189 661 2343 702 aquam

159 724 240 764 que
274 710 428 751 dicitur
461 711 654 752 Wil11e³:
699 711 752 752 ab
794 711 869 751 illa
900 724 1001 751 vcro
1035 710 1197 752 directe
1241 716 1357 751 trans
1389 710 1610 765 Logenam
1649 725 1786 766 usque
1832 712 1874 752 in
1906 713 2050 754 villam
2083 714 2342 757 Bischoves-

158 779 365 820 kirchen⁴
411 784 453 820 et
490 780 542 821 ab
581 780 653 820 illu.
693 780 791 820 villa
825 793 972 820 versus
1007 780 1150 819 villam
1183 779 1432 821 Driedorf5:
1474 780 1527 820 ab
1570 780 1643 820 illa
1676 794 1776 821 vero
1816 795 1954 836 usque
1987 782 2040 822 ad
2074 783 2226 824 silvam
2260 798 2343 840 que

159 847 313 888 dicitur
346 847 673 889 Sclielterwalt⁶
706 853 749 888 et
781 847 833 889 ab
866 848 940 888 illa
973 848 1080 888 silva
1111 862 1246 902 usquc
1278 847 1332 888 ad
1365 861 1522 902 aquam
1554 862 1636 903 que
1670 847 1828 889 dicitur
1860 849 2144 901 Salzbuide⁷;
2185 853 2239 893 ab
2271 853 2346 894 illa

158 932 266 971 aqua
309 931 456 957 versus
503 917 736 957 claustrum
778 916 1155 971 Sel1iffenbe1·gbss;
1197 916 1249 957 ab
1294 916 1365 957 illo
1405 917 1592 957 claustro
1632 931 1784 958 versus
1827 918 1970 960 villam
2004 920 2250 976 Loupach9,
2289 921 2343 963 ab

157 985 228 1025 illa
273 986 373 1026 villa
418 999 552 1039 usquc
597 985 649 1025 ad
694 985 801 1026 fines
842 986 948 1026 silve
995 999 1075 1039 quc
1119 985 1276 1026 dicitur
1306 984 1653 1039 Budingerwalt;
1696 985 1748 1026 ab
1792 986 1891 1028 inde
1934 1001 2070 1043 usque
2113 989 2164 1031 ad
2197 990 2345 1031 villam

158 1053 534 1108 Larhoybetenffl:
567 1054 619 1094 ab
653 1054 725 1094 illa
759 1054 859 1094 villa
891 1068 1027 1108 usque
1062 1052 1409 1107 Aschaffenburg
1441 1057 1484 1094 et
1516 1054 1723 1095 terminos
1754 1055 2096 1098 vicedominatus
2129 1058 2344 1107 eiusdem;

160 1123 210 1164 de
254 1122 572 1164 vicedominatu
611 1123 1056 1178 Aschaffenburgensi
1103 1137 1239 1178 usque
1281 1123 1578 1177 Starkenberg
1625 1126 1668 1164 et
1711 1124 1918 1165 terminos
1968 1125 2097 1167 officii
2139 1127 2344 1172 eiusdem.

159 1192 219 1245 (35
254 1191 308 1232 Et
341 1206 393 1233 ne
425 1206 526 1233 casu
559 1192 703 1247 aliquo
745 1193 1021 1247 contingente
1062 1192 1175 1233 inter
1212 1191 1380 1233 nobiles
1421 1195 1558 1242 terre,
1601 1192 1800 1234 civitates
1836 1197 1879 1234 et
1911 1195 2243 1238 communitates
2276 1197 2344 1238 vel

158 1275 406 1302 communes
447 1261 641 1302 homines
680 1262 720 1301 in
758 1261 962 1316 predictis
1003 1261 1197 1302 terminis
1232 1267 1547 1302 commorantes
1589 1260 1804 1302 discordia
1836 1262 2012 1314 oriatur,
2052 1263 2128 1306 sed
2161 1265 2343 1320 quilibet

156 1330 370 1386 prelatus,
404 1330 603 1379 clericus,
638 1330 813 1381 nobilis,
846 1330 990 1382 miles,
1024 1334 1249 1381 mercator,
1283 1330 1530 1384 burgensis,
1574 1330 1682 1371 ruris
1717 1331 1855 1371 cultor
1887 1335 1929 1372 et
1961 1331 2122 1374 Iudeus
2155 1333 2345 1389 gaudeat

159 1413 234 1439 suo
275 1399 365 1439 iure
416 1398 578 1453 pariter
619 1401 662 1438 et
704 1398 888 1449 honore,
934 1398 985 1439 de
1024 1399 1239 1439 communi
1281 1398 1515 1439 iuratorum
1557 1398 1734 1439 consilio
1777 1403 1842 1440 est
1880 1403 2110 1442 statutum:
2154 1402 2267 1456 quod
2310 1403 2344 1444 si

157 1467 323 1517 nobilis,
357 1468 478 1507 miles
513 1467 580 1508 vel
613 1468 720 1508 alius
755 1468 847 1522 quis
880 1467 1079 1508 habuerit
1112 1472 1260 1509 contra
1293 1467 1430 1508 civem
1464 1467 1649 1508 civitatis
1683 1468 1865 1508 alicuius
1898 1468 2062 1524 aliquid
2093 1471 2343 1525 questionis,

159 1551 278 1577 suam
321 1550 494 1577 causam
534 1542 819 1591 prosequetur
851 1537 891 1577 in
926 1537 1097 1578 civitate
1133 1536 1370 1578 secundum
1402 1537 1467 1577 ius
1502 1541 1544 1578 et
1576 1536 1936 1578 consuetudinem
1969 1538 2169 1581 civitatis.
2222 1540 2345 1581 Idem

155 1610 348 1645 servetur
392 1605 608 1646 nobilibus
651 1606 692 1645 in
733 1619 879 1646 eorum
919 1606 1163 1647 hominibus
1203 1606 1245 1646 in
1288 1606 1480 1662 ipsorum
1519 1605 1688 1647 iudiciis
1721 1619 1743 1647 e
1779 1620 2002 1647 converso.
2122 1607 2185 1664 (4)
2219 1608 2343 1656 Quod

156 1675 189 1714 si
234 1674 385 1728 aliquis
428 1675 550 1715 alteri
597 1688 727 1730 super
771 1675 894 1715 bonis
937 1675 1150 1730 aliquibus
1194 1675 1377 1716 moverit
1421 1675 1712 1730 questionem,
1758 1675 1793 1715 is
1839 1675 2018 1731 recipiet
2050 1680 2093 1718 et
2132 1678 2345 1732 prestabit

154 1743 366 1783 iusticiam
401 1748 441 1783 et
482 1742 685 1784 iudicium
720 1757 860 1784 coram
896 1758 947 1785 eo
980 1743 1140 1796 iudice,
1185 1744 1262 1785 sub
1297 1744 1418 1785 cuius
1452 1743 1746 1785 iurisdictione
1787 1744 1901 1785 bona
1934 1745 2188 1788 consistunt.
2247 1747 2340 1789 Nec

155 1811 308 1866 aliquis
341 1812 565 1852 occasione
598 1812 776 1864 offense,
810 1827 935 1868 quam
968 1813 1102 1854 habet
1134 1817 1284 1854 contra
1314 1826 1540 1868 personam
1575 1812 1773 1864 alterius,
1808 1813 1999 1854 movebit
2032 1815 2344 1869 querimoniam

154 1895 283 1936 super
315 1881 425 1921 bona
458 1882 614 1936 ipsius,
647 1882 728 1922 nisi
761 1896 890 1937 super
920 1883 1035 1923 bona
1068 1882 1224 1924 iustam
1258 1885 1300 1924 et
1333 1886 1494 1923 certam
1527 1882 1687 1923 habeat
1719 1883 1945 1924 actionem.
2066 1883 2132 1940 (5)
2168 1884 2212 1926 Si
2245 1886 2338 1941 quis

153 1950 287 1990 eciam
320 1951 449 1991 alium
483 1951 525 1990 in
559 1951 753 1991 terminis
788 1952 1096 2006 cuiuscumque
1134 1951 1280 1992 iudicii
1314 1950 1487 2001 viderit,
1532 1951 1590 1992 ibi
1622 1955 1769 2006 potest
1800 1966 1896 1993 eum
1930 1953 2045 1993 licite
2078 1968 2154 2008 pro
2187 1953 2343 1996 debitis

153 2020 401 2069 convenire,
435 2020 553 2060 salvo
587 2021 819 2075 unicuique
853 2021 943 2062 iure
978 2035 1070 2061 suo.
1189 2019 1252 2076 (6)
1285 2020 1441 2061 Nullus
1477 2021 1614 2061 eciam
1646 2021 1832 2075 aliquem
1872 2036 1947 2076 pro
1980 2022 2065 2063 alio
2098 2023 2343 2079 occupabit,

154 2088 233 2128 nisi
266 2088 317 2129 de
352 2089 537 2129 licencia
568 2090 737 2130 illorum
771 2094 867 2131 octo
901 2091 1100 2141 virorum,
1135 2091 1207 2145 qui
1240 2104 1372 2145 super
1404 2104 1509 2146 pace
1542 2090 1728 2131 fovenda
1760 2095 1803 2131 et
1826 2090 2084 2146 exequenda
2107 2096 2206 2132 sunt
2227 2106 2340 2133 com-

154 2156 340 2197 muniter
379 2157 584 2213 deputati.
706 2159 767 2213 (7)
800 2159 867 2199 Ad
908 2159 987 2200 hec
1028 2160 1063 2200 si
1101 2160 1360 2214 burgenses,
1402 2159 1518 2200 cives
1560 2164 1633 2200 aut
1675 2159 1758 2201 alie
1791 2161 2129 2215 qualescumque
2160 2175 2345 2216 persone

155 2230 299 2266 contra
341 2227 539 2270 comites.
587 2227 747 2268 liberos
793 2227 1008 2276 dominos,
1053 2228 1222 2269 nobiles
1271 2229 1361 2270 sive
1410 2229 1517 2270 alios
1568 2229 1776 2270 habentes
1824 2229 2020 2284 proprias
2070 2230 2340 2271 municiones

155 2294 379 2335 habueritc
412 2296 695 2349 questionem,
729 2297 844 2338 illam
878 2311 1021 2338 coram
1055 2297 1139 2338 illis
1173 2302 1267 2339 octo
1300 2298 1495 2353 personis
1528 2302 1769 2354 proponent
1802 2303 1844 2338 et
1865 2298 2101 2339 secundum
2126 2298 2339 2340 iusticiam

154 2370 480 2418 prosequentur.
541 2365 660 2406 Reus
693 2370 838 2407 autem
872 2367 1114 2422 quicunque
1147 2367 1277 2408 fuerit
1310 2381 1452 2408 coram
1484 2368 1545 2408 eis
1578 2367 1794 2409 tenebitur
1828 2371 1943 2407 stare
1974 2367 2068 2418 iuri,
2103 2372 2146 2408 et
2178 2368 2214 2408 si
2246 2369 2344 2423 quis

155 2433 302 2473 talium
341 2433 393 2473 ad
435 2433 637 2474 iudicium
690 2440 893 2476 evocatus
932 2437 1240 2491 contempserit
1281 2450 1551 2491 comparere,
1602 2435 1842 2477 censendus
1885 2440 1949 2476 est
1994 2436 2110 2491 pacis
2150 2436 2346 2491 publicus

157 2502 346 2542 violator.
468 2502 532 2557 (8)
572 2503 748 2544 Nobiles
789 2509 933 2546 autem
972 2505 1145 2546 trahent
1182 2506 1371 2546 minores
1411 2519 1619 2560 personas
1658 2506 1700 2546 in
1734 2519 1908 2546 causam
1942 2518 2082 2545 coram
2115 2505 2199 2546 illis
2233 2505 2344 2547 iudi-

157 2570 295 2611 cibus,
337 2572 414 2613 sub
457 2586 635 2626 quorum
675 2573 968 2615 iurisdictione
1001 2578 1178 2615 manent
1211 2578 1253 2615 et
1285 2574 1503 2615 domicilia
1534 2578 1768 2615 noscuntur
1801 2573 1975 2614 habere.
2095 2573 2160 2629 (9)
2191 2574 2346 2616 Nullus

159 2641 291 2680 eciam
325 2640 453 2681 aliurn
486 2642 527 2681 in
560 2656 709 2696 campo
743 2647 815 2682 aut
847 2643 952 2683 alias
986 2644 1240 2684 auctoritate
1275 2644 1452 2698 propria
1484 2644 1705 2698 captivare
1741 2647 1963 2698 presumat
1986 2643 2212 2684 occasione
2237 2657 2340 2699 qua-

157 2708 377 2763 cumqued,
418 2710 498 2750 nisi
539 2724 615 2765 per
657 2710 847 2765 prefatos
888 2716 1146 2752 executores
1194 2712 1447 2753 licencietur
1482 2711 1635 2753 eidem.
1754 2711 1844 2766 (10)
1878 2710 1988 2752 Item
2021 2712 2120 2766 quia
2151 2712 2344 2752 nonnulli

159 2776 342 2818 effrenes
377 2778 569 2819 homines
602 2780 642 2819 in
673 2779 916 2820 civitatibus
948 2779 1201 2835 plerumque
1226 2805 1274 2808 —
1300 2794 1379 2821 nec
1410 2784 1638 2835 parcentes
1660 2779 1770 2832 Deo,
1804 2780 1845 2820 in
1867 2780 1987 2821 cuius
2011 2780 2224 2835 passionis
2248 2794 2340 2821 me-

158 2846 331 2886 moriam
366 2846 522 2888 Iudeos
566 2848 748 2889 sustinet
789 2848 973 2889 ecclesia
1013 2853 1161 2889 sancta
1192 2848 1296 2900 Dei,
1337 2862 1414 2888 nec
1446 2849 1583 2889 eciam
1615 2849 1792 2903 imperio
1824 2848 2091 2900 deferentes,
2135 2848 2189 2889 ad
2223 2850 2343 2890 cuius

159 2928 371 2955 eameram
403 2916 617 2970 pertinere
651 2922 880 2958 noscuntur
904 2917 1104 2957 —facile
1138 2918 1400 2958 tumultuant
1423 2923 1466 2958 et
1495 2918 1698 2958 insultum
1728 2917 1892 2958 faciunt
1913 2921 2060 2958 contra
2083 2931 2172 2970 eos,
2206 2918 2341 2958 inter-

159 2982 255 3023 dum
291 2985 403 3038 ipsos
437 2985 724 3026 inhumaniter
757 2990 799 3026 et
832 2985 1134 3026 miserabiliter
1165 2986 1450 3038 trucidantes,
1484 2990 1692 3027 statutum
1726 2990 1804 3038 est,
1838 2986 1951 3041 quod
1984 2987 2019 3027 si
2052 2987 2147 3041 quis
2180 2987 2337 3028 tumul-

159 3053 400 3093 tuacionem
435 3054 501 3094 vel
540 3054 747 3094 insultum
787 3053 1029 3095 huiusmodi
1070 3054 1219 3095 fecerit
1252 3060 1401 3096 contra
1433 3069 1529 3107 eos,
1573 3055 1606 3095 is
1639 3055 1748 3096 sicut
1780 3056 1896 3110 pacis
1930 3055 2112 3096 violator
2145 3054 2342 3109 publicus

160 3121 371 3173 puniatur.
491 3121 584 3177 (11)
617 3122 824 3164 Preterea
856 3123 891 3162 si
924 3122 1077 3177 aliquis
1111 3137 1188 3177 per
1220 3123 1403 3178 spolium
1438 3137 1586 3178 pacem
1620 3123 1800 3164 forsitan
1834 3123 2032 3174 violaret,
2065 3122 2166 3163 licet
2198 3123 2343 3163 statim

297 3244 380 3278 444.
415 3253 444 3284 a,
471 3248 652 3281 cuiuslibet
680 3248 715 3280 S.
821 3247 853 3289 b)
879 3248 1117 3291 Schiffenburg
1144 3248 1178 3281 S.
1198 3249 1240 3280 R.
1347 3250 1376 3290 c)
1402 3250 1449 3281 sie
1474 3260 1522 3281 or.
1548 3249 1731 3281 seeundum
1758 3249 1789 3280 R
1808 3260 1876 3291 pro
1902 3249 2094 3282 habuerint.
2198 3246 2230 3289 d)
2257 3259 2337 3290 qua-

161 3303 329 3344 licumque
358 3304 393 3336 S.

300 3406 330 3444 lx
364 3404 595 3449 §turbentur-‚q
620 3407 660 3439 in
684 3408 778 3440 saltu
808 3407 997 3441 (Memcazd
1021 3408 1125 3440 iuscta
1151 3406 1403 3450 Heppeuheim.
1519 3408 1555 3448 2)
1583 3406 1653 3440 Die
1677 3407 1824 3450 Wtsper,
1857 3417 1946 3449 quae
1970 3406 2011 3439 in
2036 3406 2200 3440 Rhenum
2224 3406 2342 3450 influit

157 3470 265 3502 Prope
292 3460 415 3495 Lus-dt.
535 3465 567 3505 53)
595 3464 662 3497 llic
690 3464 788 3507 WeiI,
815 3476 902 3507 quae
928 3476 949 3497 a
976 3465 1072 3498 laem
1091 3467 1193 3507 parte
1220 3463 1406 3507 Loyanam
1431 3464 1551 3507 influit
1570 3475 1682 3508 prope
1707 3464 1756 3498 W
1753 3464 1895 3507 eilbmy.
2004 3464 2040 3506 4)
2067 3463 2279 3497 Biskirchen
2303 3463 2343 3496 in

161 3515 299 3549 dextera
330 3522 431 3560 parte
457 3519 625 3562 Lofjmzae
656 3521 747 3554 inter
772 3521 821 3554 W
819 3522 951 3565 eilbury
977 3525 1007 3555 et
1033 3521 1198 3555 Wetelar.
1339 3522 1374 3563 5)
1408 3520 1453 3554 In
1483 3522 1662 3555 montcmis
1687 3520 1926 3555 Westerwald.
2065 3521 2101 3562 6)
2135 3519 2234 3554 Silva
2257 3524 2343 3554 certe

157 3584 271 3616 prope
295 3574 516 3617 Dillenhurq,
554 3578 612 3610 ubi
645 3579 738 3611 ricus
766 3578 906 3612 Scheme
938 3579 1055 3621 influit
1077 3579 1207 3621 flmnen
1232 3578 1323 3620 Dill,
1355 3578 1418 3610 ubi
1440 3577 1505 3611 rici
1529 3577 1679 3611 Nieder-
1702 3581 1733 3611 et
1761 3576 1972 3611 (meo-schem.
2090 3577 2123 3618 7)
2152 3576 2223 3610 Die
2246 3576 2342 3610 Sal:-

163 3630 251 3673 cocle,
278 3642 366 3673 quae
393 3633 509 3675 influit
536 3633 721 3677 Losyanam
745 3646 857 3679 supra
882 3635 1018 3670 Lollar.
1113 3637 1150 3678 δ’)
1178 3634 1416 3680 δὀΙιὶᾕὲηὺεφῃ
1436 3644 1544 3677 prope
1574 3634 1729 3669 messan.
1813 3635 1847 3676 9)
1874 3634 2055 3668 Laubach.
2139 3634 2196 3676 10)
2224 3633 2338 3668 Lokr-

161 3687 315 3730 hcmpten
342 3689 388 3721 ml
411 3690 540 3731 flumen
566 3691 662 3724 Lohr
687 3704 707 3724 n
737 3693 966 3727 {ielnhausen
988 3694 1080 3727 inter
1104 3693 1278 3727 meridiem
1303 3695 1332 3725 et
1356 3692 1528 3726 orientem.

2380 932 2413 957 10

2380 1275 2411 1299 15

2382 1620 2416 1646 20

2381 1965 2413 1991 25

2381 2308 2414 2333 30

2381 2651 2412 2676 3⁵

2379 2994 2412 3019 40

2378 3414 2410 3438 45

2377 3698 2410 3721 50

2498 3321 2558 3970 Q‘ww
2512 3214 2522 3278 ·‘·
