2558 3970
1703 162 1766 196 Nr.
1784 163 1862 196 262.

740 164 983 199 FRIDERICI
1008 164 1051 198 II.
1079 162 1505 198 CONSTITUTIONES.
1557 163 1654 196 1245.

215 173 296 213 364

214 283 448 325 deficiant‘⁸
488 282 666 336 ipsiusf'
700 278 1066 335 pronunciationis
1105 282 1256 318 tenoru
1290 277 1549 318 sententiam
1582 277 1770 317 nullam*
1803 265 2021 328 ostendit,⁴
2044 289 2119 331 per
2151 290 2277 331 quam
2316 289 2402 317 non

215 356 463 407 procurator
507 355 654 390 noster
696 362 894 403 presens.
939 347 1015 388 sed
1053 360 1130 387 nos
1164 346 1368 387 absentes
1402 346 1623 387 extitimus
1657 344 1981 400 condempnati,
2024 358 2152 399 quam
2183 345 2276 401 ipso
2307 345 2400 386 iure

213 420 370 460 nullam
421 433 515 460 esse
564 417 858 459 sententiamW
900 417 1022 470 leges
1072 419 1114 456 et
1157 415 1250 455 iura
1291 415 1482 469 quelibet
1529 413 1758 455 manifeste
1804 413 2036 455 declarant.
2113 413 2401 455 Evidentemx

213 502 381 543 quoque
423 500 647 542 processus
690 490 735 527 et
777 484 1078 540 procedentisy
1125 483 1392 538 iniquitatem
1435 490 1589 524 causez
1628 482 1877 533 denotant⁸‚
1923 496 2027 537 quas
2070 482 2142 522 inb
2187 482 2403 523 sententia

213 554 538 610 comprehendit
582 552 851 610 [multiplexc
884 552 1139 607 periurium.
1181 550 1385 592 videlicet
1417 550 1469 591 de
1503 549 1803 591 sacramentod
1834 550 1952 605 pacis
1993 550 2173 605 prestito
2205 564 2283 605 per
2313 564 2401 601 noe,

215 625 323 664 sicut
362 624 535 664 asserit.
579 636 661 662 non
695 620 910 662 sei—varod.
953 624 1152 675 preterea
1184 619 1406 660 demania⁰
1439 632 1515 673 per
1546 618 1771 674 privilegia
1803 617 1998 659 divorum
2032 618 2332 673 augustorumf
2362 623 2406 660 et

218 697 364 733 nostra
398 692 591 732 Romane
634 690 817 731 ecclesie
859 702 1063 729 concessa
1095 688 1306 729 violenter
1337 701 1360 727 a
1394 687 1516 727 nobis
1554 686 1845 742 postmodum,
1883 690 1931 727 ut
1961 688 2155 737 asseritg,
2187 692 2407 743 occupata,

217 760 268 801 de
304 760 593 801 cardinalibus
628 764 670 799 et
711 759 889 814 prelatis
923 758 1060 812 captis
1094 757 1147 798 ad
1181 756 1405 797 concilium
1441 755 1706 800 convocatis.
1753 754 1804 796 de
1846 754 2102 810 quibusdam
2136 756 2330 797 ecclesiis
2363 760 2406 798 et

213 829 489 870 ecclesiarum
531 826 752 883 prelatish.
795 826 923 867 rebus
967 830 1008 866 et
1051 825 1218 865 clericis
1262 824 1382 878 regni
1425 824 1558 864 nostri
1601 837 1680 878 per
1719 823 1924 864 officiales
1965 828 2156 876 nostros,
2196 825 2320 866 nobis
2351 824 2405 865 de

214 911 344 951 regno
385 896 657 938 absentibus.
703 893 905 950 violatis}
975 894 1014 934 A
1055 893 1210 948 quibus
1252 892 1349 933 nosi
1393 892 1728 947 incorruptibilis
1773 892 1930 932 veritas
1972 896 2015 933 et
2056 893 2228 948 publica
2266 893 2403 934 muni-

216 965 389 1007 mentak
422 965 680 1009 defendunt.
713 969 840 1019 prout
873 963 1063 1003 seriatim
1096 961 1194 1002 hoc¹
1230 960 1371 1017 [fidam
1403 961 1560 1002 relacio
1593 960 1767 1001 latoris11
1799 961 2063 1016 presentium
2097 959 2182 1017 et0]
2217 962 2405 1017 ipsorum

212 1035 575 1075 munimentorum
608 1038 733 1073 tenor
773 1031 1125 1072 manifestissime
1156 1030 1422 1085 profitetur-1³.
1465 1043 1723 1084 quamquam
1757 1028 1809 1069 ad
1842 1033 1929 1069 tam
1963 1029 2052 1070 dire
2085 1043 2197 1085 pene
2233 1034 2406 1071 senten-

214 1104 346 1143 tiam‘¹
370 1127 422 1132 —
445 1103 478 1142 si
511 1108 653 1143 tamen
688 1101 903 1141 sententia
936 1099 1020 1141 dici
1045 1104 1187 1154 potest
1210 1113 1292 1154 que
1316 1103 1465 1139 contra
1488 1111 1563 1138 nos
1595 1098 1853 1153 precipitata
1876 1097 2136 1139 dinosciturr
2158 1123 2212 1127 —
2235 1103 2408 1140 contras

213 1171 455 1212 Romanum
495 1170 728 1226 principem
773 1170 913 1210 omnia
957 1168 1153 1224 predicta.
1192 1168 1260 1208 vel
1308 1167 1499 1222 publicat
1540 1168 1714 1207 minime
1754 1167 2042 1210 suffecissent.
2160 1166 2226 1222 (8)
2266 1167 2406 1209 Mani-

213 1241 368 1282 festum
401 1253 584 1294 namque
618 1239 890 1293 precipitium
925 1242 1010 1278 ets*
1044 1251 1099 1278 ex
1134 1241 1424 1292 preconcepto
1457 1236 1541 1276 iam
1565 1235 1722 1276 dudum
1747 1236 1907 1276 animiu
1938 1235 2106 1277 furorev
2127 1236 2259 1277 fuisse
2282 1236 2402 1278 dino-

213 1311 343 1350 scitur
378 1310 419 1349 in
453 1308 708 1363 predictisw,
743 1307 842 1347 dum
877 1306 1171 1346 venerabilem
1201 1305 1524 1359 Frisingensem
1558 1305 1808 1360 episcopum
1824 1305 1850 1354 1,
1884 1304 2089 1346 dilectum
2120 1306 2403 1360 principem¹‚

213 1378 413 1419 fratremy
447 1376 525 1419 H.2
559 1377 810 1431 magistrum
845 1375 996 1415 domus
1030 1374 1297 1429 HospitalisZ
1332 1378 1478 1414 sancte
1511 1373 1672 1413 Mariea
1705 1372 2034 1414 Teotonicorum
2070 1378 2112 1414 et
2149 1376 2404 1429 magistrum

212 1446 415 1488 Petrumb
451 1445 502 1487 de
528 1446 668 1486 Vinea
700 1450 883 1499 magnec
916 1444 1031 1484 curie
1055 1448 1200 1484 nostre
1225 1441 1425 1490 iudicem.
1460 1441 1670 1483 dilectosd
1701 1441 1852 1483 fideles
1886 1447 2065 1492 nostros,
2102 1456 2206 1497 quos
2230 1443 2408 1484 ultimo⁶

211 1530 286 1572 pro
319 1514 565 1556 omnimoda
599 1513 1000 1555 consummacionee
1032 1516 1215 1553 tractate
1253 1510 1398 1566 pacisf
1428 1511 1481 1552 ad
1515 1511 1774 1552 concilium&
1805 1510 2101 1563 miseramuff,
2144 1512 2297 1553 saltem
2329 1525 2407 1568 per

213 1583 417 1626 triduumi
451 1597 640 1624 summus
674 1582 869 1638 pontifex
903 1582 1038 1622 noluit
1068 1579 1336 1636 prestolarik.

682 1663 735 1704 A.
765 1662 807 1705 O.

299 1733 397 1774 Non
430 1736 660 1789 expectato
695 1732 824 1772 etiam
856 1731 1064 1784 magistro
1097 1729 1275 1771 Gualte-

212 1801 298 1842 riol
332 1801 384 1843 de
410 1801 521 1843 Ocra
557 1800 851 1857 [capellanom.
885 1799 1050 1840 notario
1085 1803 1126 1840 et
1158 1798 1274 1840 fideli

213 1867 374 1924 nostro]
411 1871 481 1924 qui
524 1870 575 1910 de
611 1869 946 1910 conveniencian
979 1868 1134 1908 summi
1170 1881 1275 1922 pon-

214 1938 338 1979 tificis
375 1945 416 1979 ct
460 1938 725 1993 quorundam
760 1943 841 1978 ex0
875 1936 1080 1977 fratribus
1114 1935 1167 1975 ad
1199 1949 1274 1976 nos

212 2009 370 2049 missus
416 2021 494 2062 per
534 2007 788 2048 duodecimp
819 2005 911 2047 dies
944 2005 1167 2060 expectari
1199 2004 1273 2046 de-

213 2077 319 2118 buit.
353 2089 431 2116 nec
464 2076 543 2117 fuit
568 2074 834 2116 solummodo
867 2089 944 2129 per
967 2073 1157 2124 biduum,
1192 2087 1274 2128 quo

215 2152 409 2200 tempore
455 2145 634 2200 predicti
675 2150 938 2199 processusq
969 2142 1124 2196 iniquir
1155 2141 1272 2196 Lug-

212 2213 349 2254 dunos
391 2212 598 2263 distabat,
643 2211 695 2252 ad
741 2212 939 2251 multamt
983 2209 1187 2251 nobilium
1233 2215 1276 2250 et

213 2295 338 2337 quam
370 2282 597 2338 pluriumt'
619 2280 883 2336 prelatorum
917 2278 1170 2320 instanciam
1196 2292 1271 2319 ex-

211 2358 425 2405 pectatus.

351 2451 439 2485 262.
473 2454 497 2492 t)
524 2452 696 2485 sufficiant
720 2451 753 2484 Β
772 2451 802 2483 1.

210 2568 393 2600 Evidentes
424 2567 451 2599 Β
468 2567 498 2599 3.
517 2566 548 2598 4.

212 2631 330 2657 notant
348 2624 396 2663 B;
421 2636 523 2657 cause
549 2625 710 2657 denomnt
728 2624 796 2655 des.
817 2623 848 2654 A
866 2622 897 2655 4.

210 2693 298 2714 cum.

211 2740 358 2781 prestitis
386 2765 392 2771 .
413 2766 418 2771 .
445 2739 588 2771 servatis
614 2738 646 2770 B
664 2738 694 2770 4.
803 2735 832 2779 e)
859 2737 899 2768 de
925 2738 1038 2768 mania
1063 2736 1096 2767 Β
1114 2737 1150 2777 2;
1177 2737 1334 2769 demonia
1359 2735 1391 2767 B
1410 2735 1441 2768 4.

211 2797 277 2829 cles.
297 2796 329 2828 B
345 2796 375 2829 3.
401 2796 431 2828 4.
553 2794 587 2836 h)
614 2796 703 2828 deest
727 2795 759 2826 B
775 2793 805 2827 4.
915 2792 937 2835 i)
964 2794 1121 2826 omnibus
1147 2793 1188 2826 Β.

212 2855 323 2886 omnia
349 2854 391 2886 B.
509 2859 549 2893 m)
578 2854 672 2884 uncis
696 2853 830 2884 inclusa
855 2852 936 2884 add.
957 2852 999 2883 A.
1022 2851 1064 2884 Β.

212 2912 350 2944 fitentur
375 2912 405 2942 A
424 2909 523 2943 2-5.
551 2910 583 2941 Β
602 2910 629 2942 l.
649 2910 679 2941 2.
699 2910 728 2941 4.

212 3032 249 3058 et
276 3026 460 3068 singula.
546 3030 577 3065 ¹¹)
604 3026 656 3056 sui
676 3024 755 3055 add.
776 3023 806 3054 A
825 3022 854 3055 3.
882 3023 914 3055 Β
931 3022 962 3055 4.

213 3084 292 3115 add.
319 3082 350 3114 B
371 3083 397 3114 l.
424 3083 462 3119 2;
490 3082 547 3113 dil.
573 3082 757 3124 principem
784 3081 850 3112 (les.
869 3080 947 3112 B4.

215 3145 252 3173 A.
272 3142 299 3171 A
323 3143 352 3173 2.

1021 3080 1053 3121 y)
1079 3080 1171 3111 deest
1195 3079 1225 3110 A
1245 3078 1276 3111 2.

216 3210 315 3238 nsque
341 3200 628 3230 consummatione
655 3197 686 3229 Β
705 3198 738 3230 1;
767 3209 825 3239 pro
851 3197 971 3229 ultima
996 3202 1027 3228 et
1053 3197 1245 3228 omnimoda
1270 3197 1536 3229 confirmatione.

905 3252 929 3294 i)
955 3254 1073 3286 saltem
1094 3265 1153 3296 per
1171 3254 1318 3285 triduum
1340 3254 1512 3293 des.111;
1538 3254 1587 3286 ad
1613 3253 1837 3285 multorum
1863 3252 2068 3284 nobilium
2094 3256 2133 3283 et
2158 3250 2411 3293 quampluri-

214 3254 245 3295 ὓ)
272 3256 424 3287 misimus
446 3257 475 3287 A
495 3256 531 3292 ι’)ὲ,
557 3256 773 3287 mittebamus
791 3254 833 3286 Β.

215 3323 370 3344 morum
390 3310 655 3355 (quamplurium
670 3312 703 3351 3)
730 3313 982 3344 instantiam
1009 3312 1237 3353 prclatoru
1250 3322 1280 3341 m
1300 3310 1379 3342 add.
1392 3310 1434 3342 Β.

215 3370 298 3401 terio
326 3371 355 3400 A
379 3371 413 3408 lg
441 3370 589 3401 Waltero
609 3370 638 3400 A
655 3369 692 3407 '23
727 3370 935 3401 Gwaltherio
963 3369 993 3399 A
1012 3367 1046 3407 33
1077 3368 1213 3401 Galtero
1239 3367 1273 3399 A
1291 3367 1322 3399 4.

1014 3425 1047 3466 ν’)
1074 3426 1236 3468 viginti
1262 3424 1293 3455 A
1311 3424 1342 3457 3.
1361 3424 1398 3465 43
1425 3425 1488 3456 XX
1517 3425 1547 3455 A
1567 3423 1596 3457 1.
1615 3423 1646 3457 2.
1666 3424 1698 3457 5.

215 3488 241 3523 S)
268 3484 426 3524 Lugdun.
453 3484 496 3520 (J;
534 3484 694 3525 Lugduni
729 3485 774 3515 al.
801 3483 909 3525 Lugd'
930 3483 960 3514 A
983 3483 1016 3522 13
1054 3483 1262 3524 Lugdunum
1288 3481 1319 3512 A
1344 3480 1375 3513 2.
1393 3480 1425 3514 4.

1124 3540 1154 3580 v)
1181 3539 1302 3571 adiecit
1329 3537 1360 3569 Β
1380 3539 1407 3570 1.

214 3431 246 3464 ¹³)
274 3427 551 3457 conniventia
572 3428 612 3458 A.
685 3432 717 3467 0)
743 3427 782 3458 (le
811 3427 840 3458 A
862 3426 890 3458 1.
910 3426 939 3458 2.

214 3544 248 3579 ¹¹)
274 3539 424 3571 cessione
450 3538 482 3570 Β
498 3538 526 3570 2.
555 3538 592 3572 3:
620 3540 784 3572 solutione
813 3540 898 3572 male
922 3539 954 3570 B
974 3540 1002 3571 1.

213 3601 246 3637 Υ)
274 3597 471 3629 hodiernum
502 3597 529 3628 Β
551 3597 582 3629 4.

353 3677 368 3708 1
376 3691 386 3717 )
418 3674 628 3709 Conradmn.
745 3676 766 3708 2
770 3690 781 3718 y
810 3675 1030 3709 Heinricum.

874 2450 920 2492 t¹')
946 2456 1081 2483 tantum
1107 2450 1187 2482 add.
1209 2450 1241 2482 A
1259 2449 1290 2482 2.

210 2512 410 2543 sententiam
445 2510 553 2552 ipsam
586 2509 713 2541 nullam
743 2520 816 2541 esse
842 2508 874 2540 B
894 2508 928 2546 1;
967 2509 1040 2541 iure
1072 2508 1202 2540 nullam
1236 2507 1438 2540 sententiam
1473 2517 1547 2539 esse
1571 2505 1604 2538 B
1628 2504 1746 2538 2-4.

643 2569 675 2607 y)
702 2567 911 2609 precedentis
940 2566 971 2596 A
989 2564 1023 2606 3;
1052 2565 1269 2608 precedentes
1294 2564 1327 2597 Β
1345 2563 1375 2596 2.
1395 2563 1425 2597 3.

992 2620 1025 2663 b)
1053 2623 1124 2654 loco
1143 2632 1228 2664 quas
1247 2622 1281 2654 in
1300 2622 1332 2653 A
1352 2620 1388 2653 3:
1416 2632 1499 2664 que;
1524 2620 1557 2652 B
1573 2620 1610 2653 4:
1637 2633 1722 2663 quos
1739 2622 1792 2659 in3
1818 2620 1851 2653 B
1867 2619 1898 2653 2.
1917 2620 1950 2653 3:
1977 2632 2061 2663 quos
2086 2632 2180 2660 cum;
2206 2621 2239 2653 B
2257 2621 2294 2654 1:
2319 2622 2410 2664 quod

372 2686 402 2722 ο)
430 2683 522 2714 uncis
548 2682 679 2714 inclusa.
705 2681 786 2713 aad.
806 2680 854 2720 Β;
881 2681 1059 2722 multiplex
1083 2679 1270 2722 periurium
1296 2679 1559 2721 comprehendat
1582 2690 1676 2711 verso
1703 2679 1822 2711 ordine
1840 2678 1871 2709 B
1888 2678 1914 2710 1,

1301 2791 1334 2836 k)
1359 2805 1420 2826 nos
1447 2793 1528 2825 add.
1555 2793 1607 2824 hic
1632 2793 1665 2824 Β
1683 2793 1712 2825 1.
1732 2792 1763 2825 2.
1781 2792 1813 2824 4.

1182 2850 1216 2893 n)
1242 2851 1389 2884 latorum
1416 2851 1447 2881 A
1465 2849 1505 2890 33
1538 2851 1626 2883 lator
1651 2850 1683 2881 A
1701 2850 1732 2883 5.

816 2910 846 2949 q)
873 2920 994 2951 penam
1020 2909 1187 2941 sententie
1213 2908 1245 2940 Β
1270 2908 1296 2940 l.

212 2970 315 3001 fuisse
333 2969 519 3000 dinoscitur
537 2967 605 3000 cles.
622 2966 655 2998 Β
675 2965 777 3006 1—33
803 2971 919 2998 contra
936 2983 976 2987 —-
992 2966 1205 2997 suffecissent
1231 2965 1299 2997 des.
1319 2964 1351 2996 B
1367 2964 1397 2997 4.

1033 3023 1065 3064 V)
1092 3025 1267 3055 fervore
1287 3023 1330 3055 A.
1349 3022 1382 3054 Β
1401 3021 1432 3054 4.

426 3148 455 3181 C)
481 3152 604 3183 magne
629 3159 671 3162 —
698 3141 842 3173 iudicem
869 3141 936 3171 des.
956 3140 989 3171 Β
1009 3139 1112 3177 1—-3;
1140 3150 1261 3181 magne
1279 3139 1367 3171 deest
1384 3139 1416 3170 B
1433 3138 1465 3171 4.

1432 1729 1525 1771 Nec
1568 1729 1681 1784 quod
1724 1729 1775 1770 de
1820 1729 2090 1770 cessationeu
2133 1743 2289 1770 census
2332 1729 2407 1771 ad-

1349 1798 1501 1839 iciturv
1542 1812 1619 1853 pro
1668 1811 1799 1852 regno
1843 1797 2012 1847 Sicilie,
2059 1811 2136 1838 nos
2180 1797 2233 1838 ab
2273 1798 2408 1853 ipsius

1348 1867 1470 1921 regni
1505 1866 1692 1907 dominio
1727 1867 1795 1906 vel
1827 1867 1919 1907 iure
1953 1866 2148 1916 secludit⁷
2185 1880 2280 1907 cum
2304 1880 2404 1908 cen-

1348 1949 1440 1976 sum
1474 1940 1573 1975 ante
1597 1934 1854 1976 discordiam
1877 1935 1988 1976 inter
2010 1948 2086 1975 nos
2110 1939 2153 1976 et
2174 1935 2403 1976 ecclesiam

1348 2008 1578 2045 exortamW
1610 2004 1810 2045 absentes
1844 2018 1869 2045 a
1900 2002 2055 2058 Regno
2085 1998 2167 2058 per
2198 2003 2406 2046 officiales

1347 2078 1517 2113 nostros
1551 2073 1659 2113 solvi
1691 2072 2060 2123 mandaverimus,
2102 2075 2232 2127 prout
2261 2072 2404 2114 littere

1347 2148 1492 2182 nostre
1515 2141 1627 2181 inter
1650 2140 1839 2181 rationes
1862 2141 2139 2181 rationalium
2162 2146 2408 2182 nostrorum

1348 2210 1521 2250 invente
1554 2209 1784 2249 manifeste
1808 2208 2044 2260 declarant,
2077 2213 2120 2249 et
2142 2223 2284 2264 quem,
2316 2208 2406 2250 Do-

1346 2279 1458 2319 mino
1489 2282 1622 2327 teste,
1654 2290 1730 2332 pro
1763 2282 1957 2332 tempore
1992 2276 2237 2332 supradicto
2270 2291 2407 2333 usque

1345 2347 1417 2387 inx
1448 2350 1725 2401 presentemy
1757 2346 1868 2386 diem
1902 2344 2114 2387 credimus
2149 2347 2408 2398 exsolutum,

1374 2449 1408 2490 u)
1435 2450 1565 2492 ipsam
1590 2449 1672 2481 add.
1690 2449 1733 2481 A.
1751 2448 1794 2481 B.
1866 2449 1898 2489 V)
1924 2451 1995 2482 fore
2020 2449 2102 2481 add.
2120 2448 2153 2480 B
2171 2448 2200 2481 1.
2271 2450 2311 2490 W)
2337 2450 2412 2482 iure

1885 2506 1918 2546 x)
1955 2506 2138 2538 Evidenter
2164 2506 2195 2537 A
2219 2505 2249 2539 3.
2275 2505 2308 2538 B
2326 2506 2356 2539 1.
2373 2505 2411 2547 2ς

1521 2563 1549 2606 z)
1574 2568 1686 2596 nostre
1711 2563 1793 2596 add.
1811 2562 1844 2594 B
1862 2563 1891 2596 1.
1910 2561 1931 2595 4
1954 2563 2053 2596 male.
2149 2563 2180 2604 a)
2206 2564 2343 2596 denoffit
2369 2562 2411 2602 C:

2011 2676 2043 2719 d)
2070 2679 2293 2712 sacramentis
2317 2679 2410 2722 pacis

1556 2733 1585 2775 s)
1613 2736 1851 2778 imperatorum
1878 2735 1960 2767 add.
1979 2734 2011 2766 B
2029 2734 2060 2767 4.
2167 2738 2200 2775 g)
2225 2741 2264 2768 ut
2288 2736 2410 2768 asserit

1924 2790 1949 2834 l)
1974 2792 2037 2824 hec
2062 2792 2094 2824 A
2115 2792 2143 2824 1.
2169 2791 2202 2825 2.
2227 2792 2258 2826 3.
2284 2792 2322 2834 ὃς
2347 2793 2411 2826 hec

1850 2851 1881 2892 0)
1905 2850 1997 2882 deest
2020 2849 2050 2880 A
2074 2850 2100 2882 l.
2127 2849 2169 2883 B.
2278 2849 2311 2893 Ρ)
2335 2862 2409 2894 pro-

1380 2907 1408 2950 r)
1435 2909 1467 2940 in
1495 2908 1651 2951 predictis
1676 2907 1729 2939 hic
1751 2912 1885 2949 ponunt
1900 2906 1932 2938 Β
1949 2906 1980 2939 3.
1998 2906 2029 2939 4.
2113 2908 2140 2948 Β)
2167 2912 2284 2940 contra
2306 2918 2409 2949 usque

1472 2966 1521 3004 θ’)
1549 2965 1639 2997 deest
1656 2963 1687 2996 A
1708 2963 1738 2996 2.
1753 2963 1783 2997 5.
1857 2964 1880 3005 t)
1909 2964 1981 2996 loco
1998 2964 2052 2996 vel
2075 2964 2215 3007 publica
2228 2964 2260 2995 A
2277 2964 2412 2996 melius.-

1506 3022 1543 3063 w)
1571 3023 1605 3054 in
1632 3023 1790 3065 predictis
1808 3022 1861 3054 hic
1877 3022 1945 3054 des.
1963 3021 1996 3054 B
2013 3021 2043 3054 3.
2062 3021 2092 3054 4.
2164 3020 2198 3064 x)
2224 3027 2411 3055 nostrum

1349 3079 1377 3121 Z)
1405 3079 1495 3111 deest
1519 3079 1560 3111 B.
1644 3078 1674 3119 a)
1698 3083 1812 3110 sancte
1837 3079 1945 3111 Marie
1970 3079 2036 3110 des.
2056 3078 2086 3109 A
2107 3078 2136 3110 1.
2207 3077 2239 3120 b)
2265 3079 2300 3111 P.
2320 3078 2352 3110 A
2373 3078 2409 3120 1;

1537 3137 1569 3179 (Γ)
1594 3139 1650 3171 dil.
1675 3139 1730 3170 fid.
1749 3143 1881 3170 nostros
1900 3138 1967 3171 des.
1987 3137 2019 3169 B
2035 3137 2066 3170 4.
2139 3136 2169 3177 θ)
2194 3136 2266 3168 loco
2290 3136 2410 3168 ultimo

1632 3194 1662 3238 s)
1689 3196 1783 3238 pacis
1807 3200 1951 3227 tractate
1975 3194 2018 3227 B.
2108 3192 2141 3236 8)
2168 3193 2346 3225 consilium
2371 3191 2407 3224 0.

1505 3308 1538 3350 k)
1559 3315 1736 3352 expectare
1753 3309 1786 3341 Β
1799 3309 1830 3342 4.
1900 3308 1925 3350 l)
1944 3310 1990 3341 sic
2005 3308 2036 3340 A
2051 3308 2088 3349 53
2113 3309 2150 3341 C.
2169 3309 2230 3350 leq.
2249 3307 2290 3346 C';
2314 3307 2408 3340 Wal-

1417 3367 1459 3407 m)
1484 3368 1579 3399 uncis
1605 3368 1737 3399 inclusa
1762 3367 1843 3399 add.
1863 3367 1894 3397 A
1903 3378 1914 3405 ;
1945 3377 2017 3408 cap.
2043 3366 2169 3398 vicario
2195 3370 2308 3397 nostro
2326 3364 2359 3396 A
2377 3362 2408 3397 2.

1737 3446 1742 3450 .
1769 3422 1801 3466 (1)
1828 3424 1996 3466 processio
2018 3422 2049 3454 A
2069 3422 2098 3455 1.
2172 3428 2200 3462 ι“)
2226 3422 2316 3454 deest
2331 3420 2409 3454 A4.

1985 3480 2030 3520 1’”)
2057 3479 2202 3512 aliorum
2226 3478 2308 3510 add.
2328 3477 2360 3509 A
2376 3476 2407 3510 2.

2197 3537 2232 3576 x)
2257 3535 2302 3567 ad
2326 3534 2359 3566 B
2379 3533 2407 3567 1.

1543 3482 1569 3520 t)
1602 3482 1708 3513 multa
1735 3481 1768 3513 C.
1787 3481 1817 3511 A
1839 3481 1867 3513 1.

1526 3538 1564 3577 w)
1589 3543 1696 3570 ortam
1722 3537 1806 3579 B43
1832 3537 1922 3569 deest
1944 3536 1976 3567 Β
1992 3536 2022 3568 2.
2049 3535 2080 3569 3.

2442 905 2474 929 10

2442 1245 2474 1270 15

2443 1593 2477 1619 20

2439 1953 2473 1979 25

2445 2296 2478 2322 30

2446 2633 2478 2658 35

2443 3203 2476 3228 45

2443 3474 2476 3510 5⁰
