2912 4368
407 355 486 392 204
882 347 1123 382 FRIDERICI
1149 348 1192 381 II.
1222 345 1650 381 CONSTITUTIONES.
1704 346 1800 380 1232.
1848 346 1912 380 Nr.
1933 346 2006 380 166.
2035 346 2106 380 167.

827 495 925 536 166.
967 492 1450 534 PROPOSITIONES
1492 491 1945 534 CARDINALIUM.
1997 492 2171 544 (Mart.)

550 576 764 628 Loquntw·
793 575 830 618 1)
856 575 896 613 in
922 573 1113 625 Reqistro
1138 572 1332 624 Greqorii
1348 572 1430 612 IX.
1457 573 1633 612 insertae
1655 572 1933 623 compromissi
1951 572 2223 613 instrumento
2240 570 2378 624 (infra
2395 574 2585 622 m·.168)‚

407 660 425 685 υ
456 658 534 696 Quo
574 645 654 684 iam
697 643 824 683 edidit
856 642 1015 683 Savioli
1045 641 1222 682 ‘Annali
1251 640 1484 692 Roloyncsi'
1517 640 1605 689 ΙΙΙ,
1627 642 1665 689 2,
1690 640 1792 689 115,·
1825 639 1868 694 2)
1903 640 1947 679 in
1975 639 2103 680 Libro
2125 639 2298 689 Poteris,
2330 639 2401 680 uba·
2421 639 2586 680 lemma:

407 712 664 766 Exemplum
701 710 982 764 capitulorum
1015 709 1136 749 nobis
1160 709 1304 749 datum
1339 722 1415 763 per
1437 708 1697 758 cardinales,
1733 722 1861 763 super
1893 708 2046 762 quibus
2076 707 2199 748 nobis
2231 707 2390 757 dicunt,
2422 712 2469 748 ut
2492 722 2587 749 cum

409 781 666 835 imperatore
690 778 923 819 debeamus
946 778 1088 818 facere
1113 791 1283 832 pacem:
1314 776 1442 816 edidit
1467 775 1679 817 Valentini
1699 790 1739 827 p.
1760 778 1834 826 7:3‚·
1865 775 1909 830 3)
1936 776 1979 815 in
2001 775 2236 816 Illuratorii
2256 775 2590 827 Antiquitatibus
2642 788 2656 812 5

408 848 569 889 Italieis
596 847 624 886 I
633 846 672 888 Γ.
695 847 775 886 327
812 847 987 886 ize-sertae
1015 845 1293 896 compromissi
1323 845 1605 893 instrumento,
1637 844 1744 897 quod
1773 845 2004 884 commerear
2026 844 2072 884 in
2092 843 2267 885 arbitrio
2292 843 2484 896 Grcqorii
2505 843 2587 886 IX.

407 917 462 957 αι]
499 919 667 956 reem-vs
698 915 911 955 Societatis
950 914 1045 954 (lato
1085 915 1271 954 «.1:233.
1312 913 1408 956 Ima,
1434 916 1469 962 ι’»,
1517 913 1559 952 iaz
1602 915 1852 954 travzssnmz‘o
1895 912 2097 953 tabularii
2136 911 2324 952 Estensis
2362 913 2593 962 asservato,-

415 999 444 1025 ι’.
480 984 592 1035 infra
626 996 690 1024 ην.
716 986 797 1022 177
827 982 900 1023 sub
922 982 973 1023 B.
1006 1007 1059 1011 —
1091 981 1539 1023 Humani-Bre‘hollcs
1569 980 1765 1031 112348.
2238 978 2310 1032 (P.
2331 979 2449 1030 295.)

554 1086 660 1127 Cum
693 1086 888 1127 dominus
911 1084 1154 1125 Fridericus
1186 1085 1419 1139 imperator
1452 1084 1706 1138 gravissime
1737 1098 1761 1124 a
1785 1083 2001 1124 Societate
2023 1081 2300 1132 Lombardie,
2333 1081 2523 1123 Marchie
2547 1085 2590 1123 et
2834 1079 2847 1103 ³³¹

410 1156 620 1196 Romanie.
653 1159 819 1195 asserat
852 1168 898 1194 se
931 1153 1158 1198 offensum,
1192 1166 1267 1207 pro
1302 1166 1352 1193 eo
1386 1151 1588 1193 videlicet
1620 1151 1732 1206 quod
1766 1152 1925 1192 curiam
1959 1165 2093 1202 suam,
2127 1164 2252 1205 quam
2283 1150 2492 1191 Ravenne
2523 1151 2587 1191 in·
2626 1165 2660 1189 10
2862 1130 2907 1170 Μ

410 1224 576 1264 dixerat
608 1237 682 1278 pro
716 1236 921 1262 succursu
954 1221 1087 1262 Terre
1122 1220 1299 1263 Sancte.
1332 1221 1611 1275 dispositione
1652 1220 1816 1275 imperii
1849 1223 1892 1260 et
1923 1219 2017 1260 aliis
2051 1218 2303 1273 quibusdam
2338 1219 2593 1260 necessariis

411 1297 452 1331 et
496 1292 705 1332 honestis.
751 1290 1059 1345 impedierunt.
1099 1295 1145 1330 ut
1187 1289 1310 1339 dicit,
1354 1303 1436 1329 non
1479 1288 1767 1343 permittendo
1802 1287 1946 1328 venire
1986 1287 2118 1327 filium
2149 1300 2271 1327 suum
2304 1290 2346 1327 et
2376 1287 2593 1342 principes
2863 1279 2905 1322 p:

411 1360 691 1400 Alamannie²¹
735 1373 810 1413 per
848 1359 939 1398 vias
981 1359 1072 1398 sive
1118 1361 1272 1399 stratas
1314 1357 1559 1412 imperiales
1604 1356 1657 1397 ad
1698 1357 1837 1411 ipsum
1880 1369 1959 1396 nec
2001 1354 2139 1395 adhuc
2181 1355 2453 1409 permittant,
2494 1355 2595 1410 quin
2863 1350 2906 1375 “³'‘

412 1430 538 1469 immo
580 1429 651 1468 etb
695 1426 773 1467 sibi
813 1431 855 1466 et
894 1427 980 1466 suis
1024 1426 1249 1466 transitum
1296 1425 1570 1480 impediant⁰⁷
1610 1429 1657 1465 ut
1694 1424 1913 1479 proponit;
1955 1422 2193 1464 econtrario
2233 1423 2364 1464 verob
2398 1423 2593 1465 Societas
2833 1418 2909 1478 ¹³5f²²

414 1496 579 1537 dicatur
612 1496 762 1535 timere
785 1493 837 1534 de
862 1494 966 1548 ipso,
1000 1507 1052 1534 ne
1076 1494 1178 1535 velit
1209 1494 1366 1534 malum
1400 1493 1468 1534 etd
1500 1507 1733 1547 gravamen
1755 1492 1956 1533 inducere
1979 1504 2106 1546 super
2128 1504 2214 1542 eos,
2247 1494 2290 1532 et
2310 1491 2420 1541 ideo,
2453 1491 2488 1532 si
2511 1505 2595 1545 qua
2632 1504 2663 1530 15
2862 1475 2901 1515 5

411 1565 573 1605 faciunt
605 1564 670 1604 vel
703 1563 913 1607 fecerunt,
946 1576 1023 1616 pro
1056 1561 1307 1602 defensione
1332 1576 1407 1602 sua
1431 1576 1477 1603 se
1500 1562 1645 1603 facere
1669 1564 1890 1602 asserant⁰
1923 1563 1965 1601 et
1992 1559 2172 1607 fecisse;
2205 1563 2247 1601 et
2269 1559 2465 1600 dominus
2486 1573 2598 1615 papa
2724 1583 2726 1585 ·
2861 1552 2896 1583 ΠΨ

413 1647 507 1673 eum
550 1632 750 1672 fratribus
790 1631 877 1671 suis
917 1629 1166 1675 attendens„
1212 1631 1323 1685 quod
1355 1644 1409 1671 ex
1449 1631 1530 1671 hoc
1563 1631 1662 1671 talis
1694 1634 1736 1671 et
1767 1633 1888 1670 tanta
1919 1632 2065 1683 posset
2097 1627 2312 1669 discordia
2344 1643 2522 1684 surgere
2555 1634 2599 1671 et
2862 1626 2906 1653 (Ἥ

412 1702 493 1741 iam
529 1715 624 1742 esse
657 1701 698 1741 in
731 1700 869 1740 ianuis
902 1699 1149 1749 videbatur,
1182 1712 1263 1753 que
1295 1703 1442 1754 posset
1474 1700 1553 1740 toti
1586 1698 1889 1740 christianitati
1921 1711 2053 1752 grave
2086 1696 2360 1751 dispendium
2392 1697 2598 1751 irrogare,

412 1770 615 1825 precipue
649 1773 822 1823 propter
855 1767 1207 1823 impedimentum
1241 1768 1423 1808 subsidii
1456 1767 1589 1809 Terre
1615 1767 1786 1819 Sancte,
1820 1781 1869 1808 ac
1892 1766 2041 1807 volens
2071 1766 2200 1807 tantis
2221 1765 2423 1820 periculis
2446 1779 2596 1820 preca-

413 1852 535 1879 vere.
577 1837 793 1877 dominum
826 1836 1030 1877 Iacobum
1062 1835 1384 1877 Penestrinums
1414 1837 1600 1877 electum
1643 1840 1685 1877 et
1718 1835 1923 1877 Ottonem
1958 1834 2105 1875 Sancti
2134 1834 2303 1875 Nicolai
2335 1834 2377 1874 in
2411 1832 2597 1876 Oarcere
2633 1845 2666 1870 20

413 1907 611 1947 Tulliano
652 1905 871 1947 diaconem
914 1904 1175 1945 cardinalem
1214 1904 1267 1944 ad
1309 1909 1452 1959 partes
1494 1905 1598 1945 istas
1631 1918 1726 1945 cum
1766 1904 1893 1959 plene
1931 1903 2162 1958 legationis
2197 1902 2330 1944 offitio
2363 1902 2599 1955 destinarit,
2720 1890 2773 1946 ῗζῐ.
2833 1894 2847 1918 ²³
2889 1877 2912 1918 w

415 1976 524 2016 sicut
556 1976 596 2015 in
621 1988 695 2015 sue
721 1974 948 2028 legationis
971 1972 1155 2014 litteris&
1187 1973 1357 2028 plenius
1382 1973 1643 2014 continetur:
1678 1971 1927 2027 requirunth
1948 1972 2104 2027 prefati
2130 1970 2372 2012 cardinales
2396 1975 2600 2025 tanquam

415 2044 543 2097 legati
578 2043 690 2083 sedis
723 2042 959 2097 apostolice
993 2046 1034 2082 et
1066 2046 1241 2096 propter
1271 2041 1432 2082 factum
1465 2042 1584 2096 pacis
1619 2041 1868 2096 specialiter
1900 2040 2115 2092 destinati,
2148 2045 2194 2080 ut
2226 2054 2356 2094 super
2387 2039 2602 2081 discordia

417 2111 660 2166 supradicta
694 2110 815 2166 ipsisi
849 2111 1002 2165 legatis
1036 2109 1140 2150 suok
1172 2111 1344 2151 nomine
1379 2114 1421 2151 et
1453 2110 1647 2151 Romane
1682 2109 1864 2151 ecclesie
1898 2109 2094 2150 dominus
2117 2109 2349 2164 imperator
2370 2111 2413 2148 et
2433 2108 2602 2163 prefata
2861 2094 2912 2136 Pi&

421 2180 615 2221 Societas
641 2179 699 2221 et¹
733 2179 928 2219 civitates
963 2178 1157 2219 eiusdem
1181 2178 1411 2220 Societatis
1444 2179 1590 2219 taliter
1614 2192 1659 2220 se
1684 2178 2000 2229 committantm,
2035 2177 2198 2233 scilicet
2220 2176 2362 2232 quod11
2394 2176 2447 2218 de
2471 2177 2596 2217 satis—
2634 2190 2666 2216 25
2862 2164 2912 2205 ²0⁹¹OE

420 2249 607 2289 factione
651 2247 809 2289 idonea
854 2247 1103 2302 imperatori
1154 2246 1404 2302 prestanda,
1452 2247 1531 2288 de0
1578 2247 1812 2288 securitate
1856 2246 2025 2288 eidemP
2071 2245 2276 2287 Societati
2317 2244 2517 2286 facienda
2561 2248 2605 2286 et
2720 2254 2775 2304 ss'i‘
2834 2248 2845 2273 ²³

418 2316 623 2357 firmanda
663 2320 704 2356 et
745 2314 870 2356 modo
909 2315 1152 2356 adhibendo
1195 2315 1368 2366 idoneo,
1411 2316 1445 2356 si
1484 2316 1719 2371 imperator
1750 2316 1852 2357 velit
1892 2316 1978 2357 filio
2012 2329 2088 2356 suo
2123 2319 2164 2355 et
2200 2313 2465 2369 principibus
2498 2313 2603 2354 Ala—
2724 2301 2770 2354 ἶ

418 2385 617 2425 mannie³
657 2384 931 2424 venientibus
973 2382 1026 2424 ad
1073 2385 1212 2438 ipsum
1257 2398 1281 2424 a
1323 2383 1437 2424 dicta
1471 2383 1689 2425 Societate
1728 2383 1908 2424 liberum
1946 2383 2171 2423 transitum
2213 2382 2429 2431 exhiberi,
2469 2383 2605 2437 primo
2754 2391 2802 2440 ζ]
2859 2397 2912 2438 iffi

424 2458 628 2493 tractetur
660 2466 736 2506 per
768 2452 884 2506 ipsos
917 2452 1083 2506 legatos
1116 2452 1227 2493 inter
1259 2452 1563 2507 imperatorem
1597 2456 1639 2492 et
1663 2451 1925 2493 Societatem
1956 2451 2208 2506 prefatamq.
2268 2450 2326 2491 Et
2353 2451 2387 2491 si
2410 2450 2463 2491 de
2487 2463 2600 2491 com-
2859 2463 2912 2506 Μ,

421 2522 533 2561 muni
580 2534 791 2561 consensu
834 2520 991 2575 poterit
1032 2521 1255 2574 negotium
1297 2520 1513 2575 expediri,
1557 2520 1652 2561 Deo
1684 2519 1820 2574 gratie
1859 2520 2118 2567 referantur3
2164 2519 2228 2559 sin
2267 2523 2433 2570 autem,
2475 2517 2603 2559 iidem
2639 2531 2672 2557 30
2719 2517 2774 2564 ·,]
2859 2538 2909 2578 ,Q

419 2590 551 2643 legati
584 2589 774 2629 habeant
806 2592 1081 2643 potestatem,
1113 2592 1160 2628 ut
1192 2589 1402 2643 expositis
1436 2589 1632 2630 omnibus
1656 2602 1738 2643 que
1762 2587 2062 2629 difficultatem
2089 2587 2278 2628 habeant
2300 2587 2472 2628 domino
2494 2600 2605 2642 pape
2749 2607 2774 2649 1}
2834 2584 2912 2646 »Pia

420 2663 461 2699 et
494 2657 696 2698 fratribus
730 2657 829 2705 suis,
861 2658 983 2697 iuxta
1014 2657 1149 2712 ipsius
1183 2656 1431 2697 mandatum
1465 2661 1508 2698 et
1540 2657 1767 2698 consilium
1797 2656 2047 2711 precipiant,
2080 2655 2280 2696 ordinent
2312 2658 2354 2696 et
2377 2654 2604 2710 disponant
2769 2673 2774 2702 1
2859 2672 2908 2717 duan

420 2725 620 2780 quicquid
652 2725 705 2766 ad
737 2724 970 2765 sedandam
1002 2724 1261 2766 discordiam
1295 2730 1338 2766 et
1383 2739 1534 2780 pacem
1566 2725 1818 2767 firmandam
1850 2725 2061 2766 viderint¹
2090 2724 2308 2779 pertinere
2342 2737 2470 2778 super
2501 2724 2604 2764 arti·
2715 2773 2717 2779 y
2753 2732 2771 2743 ¹*
2858 2740 2912 2786 Βθῃᾷ

420 2795 525 2835 culis
559 2793 827 2849 supradictis.
890 2792 947 2833 Et
977 2793 1010 2833 si
1042 2793 1152 2834 inter
1183 2794 1486 2848 imperatorem
1520 2798 1563 2835 et
1594 2798 1876 2835 memoratam
1900 2793 2162 2834 Societatem
2195 2792 2323 2846 aliqui
2351 2792 2444 2832 aliiS
2476 2792 2605 2832 etiam
2859 2813 2898 2850 m

421 2863 587 2902 articuli
620 2866 890 2917 apparerent,
924 2876 978 2902 ex
1012 2862 1166 2916 quibus
1197 2866 1346 2916 posset
1368 2862 1583 2903 discordia
1614 2863 1815 2916 generari
1839 2863 1906 2903 vel
1939 2861 2073 2903 foveri
2099 2864 2322 2914 concepta,
2355 2860 2525 2915 placeat
2555 2863 2602 2900 ut
2638 2878 2670 2904 35
2858 2878 2910 2923 def

422 2931 574 2971 codem
608 2929 733 2971 modo
766 2935 808 2970 et
840 2929 987 2971 ordine
1020 2931 1254 2985 sopiantur.

2835 2962 2912 2995 :senff

426 3076 523 3119 167.
569 3076 1114 3119 PROCURATORIUM
1148 3076 1576 3120 IMPERATORIS
1617 3076 1943 3120 MAGISTRO
1979 3076 2334 3118 HERMANNO
2369 3073 2608 3118 DATUM.

1414 3146 1524 3187 Mai.
1548 3148 1613 3186 10.

567 3214 739 3266 Εσῃίίιιν
776 3214 813 3267 1)
849 3215 892 3253 in
917 3213 1107 3266 Reyistro
1133 3214 1326 3266 Grcqorz'i
1346 3214 1431 3257 IX.
1453 3215 1656 3255 inscrtum
1678 3216 1930 3254 trcmsszmzto
1952 3213 2120 3263 notarii,
2151 3212 2259 3265 quod
2278 3213 2324 3254 in
2344 3212 2608 3253 adnotatione

420 3282 740 3333 proponimus¹;
776 3282 818 3335 2)
851 3282 895 3320 in
927 3281 1054 3321 Libro
1087 3281 1246 3322 Poteris
1272 3281 1350 3336 fol.
1373 3283 1469 3331 297,
1500 3283 1572 3323 ubi
1592 3283 1761 3323 lemma:
1794 3281 2053 3337 Exemplum
2076 3281 2390 3335 procurationis
2413 3279 2604 3334 magistri
2639 3297 2672 3323 40

427 3349 666 3390 Hermanni
700 3349 812 3404 quod
845 3350 904 3390 sic
936 3350 1106 3405 incipit:
1138 3363 1157 3387 e
1188 3364 1266 3401 quo
1293 3350 1420 3390 edidit
1450 3350 1663 3392 Valentini
1687 3364 1730 3402 p.
1756 3352 1821 3392 66.
1857 3374 1909 3380 --
1942 3348 2391 3390 IIuillmd-quholles
2409 3347 2490 3398 IV,
2511 3347 2608 3389 345.

2893 3346 2909 3367 Ξ
2857 3236 2893 3272 ε

427 3417 621 3466 Bassum,
653 3417 753 3469 Rcss.
789 3418 882 3469 imp.
915 3417 958 3467 V,
982 3419 1103 3458 1981.
2257 3415 2326 3470 (Ρ.
2347 3417 2467 3466 298.)
2858 3402 2909 3479 ,HJ

563 3519 646 3553 166.
681 3525 711 3560 a)
742 3521 931 3553 Allamanie
955 3520 985 3552 2.
1135 3519 1166 3562 b)
1203 3521 1294 3553 deest
1317 3520 1348 3554 2.
1491 3521 1520 3563 c)
1560 3522 1749 3565 impediunt
1773 3519 1802 3553 2.
1945 3518 1978 3561 d)
2017 3520 2071 3552 vel
2096 3517 2128 3552 2.
2269 3517 2299 3562 e)
2337 3524 2494 3551 asserunt
2518 3517 2548 3550 2.
2572 3516 2606 3550 3.
2858 3506 2912 3541 siml-'⁴

425 3575 451 3617 f)
476 3577 708 3608 Prcnestinum
735 3576 765 3609 2.
888 3582 920 3617 3)
947 3578 1009 3609 litt.
1036 3589 1096 3610 sue
1123 3578 1188 3619 leg.
1215 3576 1246 3610 2.
1387 3576 1421 3618 h)
1448 3579 1668 3619 requiruntur
1693 3577 1723 3610 2.
1848 3575 1872 3617 i)
1901 3577 1935 3608 in
1961 3577 2040 3619 ipsis
2065 3575 2096 3608 2.
2213 3573 2247 3616 k)
2273 3586 2334 3607 suo
2359 3593 2400 3598 —
2427 3576 2606 3618 imperator
2710 3582 2720 3617 ,ζ
2857 3566 2911 3603 ffif'l‘*

426 3639 456 3663 et
483 3633 549 3665 (les.
568 3634 606 3666 2:
633 3635 766 3665 nominc
792 3646 852 3665 suo
877 3639 909 3665 ct
936 3635 1068 3665 nomine
1094 3635 1242 3666 Romane
1268 3633 1298 3666 3.
1392 3633 1418 3674 Γ)
1444 3640 1477 3666 et
1502 3653 1546 3658 ——-
1571 3635 1746 3667 societatis
1771 3634 1838 3665 cles.
1859 3633 1889 3665 ⁶2.
1973 3628 2041 3673 *²¹1)
2067 3632 2251 3664 committat
2276 3630 2306 3664 2.
2400 3632 2434 3671 ¹¹)
2459 3631 2549 3664 deest
2572 3629 2604 3663 2.
2639 3637 2670 3662 45
2712 3636 2733 3674 ζ·
2834 3618 2882 3649 (ᾗ)

427 3694 457 3730 0)
485 3697 515 3721 et
541 3691 580 3720 dc
605 3689 635 3721 2.
755 3696 785 3729 ν)
812 3691 959 3722 eiusdem
986 3689 1017 3722 2.
1136 3698 1169 3731 ¹1)
1195 3692 1334 3723 eandem
1360 3690 1391 3724 2.
1509 3698 1536 3733 l')
1566 3692 1685 3724 viderit
1714 3690 1742 3724 1.
1859 3691 1885 3730 s)
1910 3690 1999 3721 deest
2023 3688 2054 3722 3.
2708 3683 2730 3748 ,Ξ
2858 3680 2891 3711 ³¹51

565 3768 597 3807 1)
626 3766 665 3799 In
692 3767 837 3800 nomine
865 3767 1008 3801 Domini
1035 3778 1152 3802 amen.
1194 3769 1300 3801 Anno
1319 3768 1479 3802 eiusdem
1497 3768 1743 3810 MCCXXXII,
1769 3767 1877 3801 indic.
1905 3767 1944 3801 V.
1966 3767 2024 3800 die
2043 3766 2150 3806 Iovis,
2177 3765 2274 3800 XIII.
2292 3765 2455 3799 intrante
2472 3764 2606 3804 Madio,
2856 3739 2912 3827 ἓξὲξ

2894 3818 2910 3832 ¹·

428 3823 464 3856 in
492 3823 642 3857 civitate
670 3824 802 3858 Padue,
830 3824 866 3857 in
893 3825 969 3857 sala
995 3825 1122 3858 domus
1149 3825 1288 3858 domini
1314 3825 1431 3859 Laudi
1458 3825 1624 3860 canonici
1651 3825 1828 3868 Paduani,
1854 3823 2084 3868 presentibus
2110 3821 2266 3857 testibus
2291 3821 2441 3866 rogatis,
2467 3821 2608 3856 scilicet
