2558 3970
157 186 235 225 495
652 179 851 214 ALFONSI
881 178 1018 213 REGIS
1044 177 1471 212 CONSTITUTIONES.
1520 176 1618 210 1256.
1668 175 1731 210 Nr.
1749 177 1827 211 395.

478 339 578 381 395.
616 338 878 381 ELECTIO
910 337 1030 379 PER
1062 336 1518 380 MASSILIENSES
1544 336 1765 379 FACTA.
1817 336 1926 388 Sept.
1953 339 2017 379 13.

300 422 423 462 Ihdit
464 421 645 461 Bramm-
688 421 809 460 Acla
848 419 1011 472 imperii
1056 419 1213 459 sclccz‘a'
1245 422 1328 459 (578
1369 416 1434 458 nr.
1460 418 1543 457 973
1589 430 1638 457 cx
1684 415 1921 469 apoyraplw
1957 430 2098 457 coaevo
2139 417 2341 458 tabularii

160 491 451 532 Jlassilsvnsis.
517 490 582 544 Cf.
615 489 738 529 ctiam
778 489 863 529 tria
900 488 1056 539 scripta
1096 487 1143 527 de
1170 487 1336 541 foedere
1370 487 1476 526 inter
1508 485 1733 539 Alfonsnm
1772 487 1809 525 ct
1840 484 2132 526 Blassibc'enscs
2164 486 2247 527 iam
2276 485 2341 526 die

165 565 222 602 Ιῖ.
256 559 407 599 mensis
445 557 645 598 Ianuarii
688 557 809 605 inito,
851 570 956 608 {sacac
997 555 1125 597 edidit
1156 554 1592 606 Scltcslcr-Boichorst
1624 554 1651 596 l.
1674 568 1705 596 c.
1727 555 1887 606 2413(sp
1927 578 1979 583 —-
2018 553 2210 604 Bfflmwr,
2241 554 2340 608 Ray.

159 630 252 681 [nep.
285 628 328 677 l',
353 629 473 667 5450:
1960 621 2033 675 (P.
2054 622 2196 672 deest.)

302 741 348 781 ln
382 741 550 781 nomine
583 739 678 790 Dei,
712 753 849 780 amen.
913 739 1039 779 Anno
1071 738 1374 779 incarnationis
1406 736 1597 778 ciusdem
1631 736 1859 777 millesimo
1886 735 2196 788 ducentesimo·
2216 737 2338 792 quin-

158 810 408 864 quagesimo
443 814 578 858 sexto,
613 808 846 849 indictione
871 808 1021 859 XIIII,
1055 807 1156 848 Idus
1190 806 1472 862 Septembris.
1595 805 1660 860 (1)
1694 805 1762 845 Ad
1794 804 1998 846 honorem
2021 805 2105 846 Dei
2139 810 2182 846 et
2213 805 2341 847 beate

159 879 292 919 Mario
327 893 497 933 semper
530 878 705 931 virginis
740 882 781 918 et
815 877 1003 917 omnium
1039 880 1282 917 sanctornm
1317 876 1410 916 eius
1435 878 1478 916 ct
1501 874 1553 915 ad
1576 874 1783 915 honorem
1806 874 2160 915 excellentissimi
2184 874 2344 915 domini

160 948 334 988 Anfossi
358 947 438 987 Dei
471 947 615 1000 gracia.
648 947 761 1001 regis
786 945 994 997 Castillie,
1027 944 1245 999 Legionis,
1278 943 1486 993 Gallecie,
1513 942 1677 994 Sibilic,
1702 941 1914 992 Cordube,
1938 942 2102 983 Murcie
2127 946 2170 984 et
2192 943 2343 984 Iaheni

159 1031 234 1057 nos
276 1016 429 1057 Petrus
462 1015 644 1056 vetulus
685 1015 937 1055 Albertinus
984 1014 1035 1055 de
1080 1014 1274 1054 Lavania
1320 1013 1589 1067 iurisperitus
1633 1015 1675 1052 et
1718 1010 1936 1052 Iohannes
1977 1011 2183 1065 magister
2226 1012 2342 1053 cives

159 1085 344 1125 civitatis
377 1085 683 1125 vicccomitalis
715 1083 1011 1131 Massiliensis,
1046 1082 1213 1137 syndici
1246 1086 1288 1122 et
1321 1081 1598 1122 arbitratores
1632 1079 1827 1121 eiusdem
1850 1080 2035 1120 civitatis
2058 1080 2343 1121 Massiliensis

161 1155 239 1194 site
272 1155 311 1193 in
346 1153 526 1208 imperio
559 1157 601 1194 ct
635 1153 713 1193 sub
745 1153 923 1207 imperio
956 1151 1178 1202 Romano,
1218 1149 1541 1191 considerantes
1574 1153 1617 1189 et
1648 1148 1924 1189 attendentes
1956 1149 2246 1202 nobilitatem,
2279 1149 2344 1190 in-

159 1223 377 1263 dustriam.
412 1222 725 1265 strenuitatem,
759 1221 1021 1276 sapienciain
1055 1224 1098 1261 et
1130 1218 1425 1274 prudenciam,
1458 1217 1584 1258 fidem
1609 1221 1652 1258 et
1674 1217 1915 1272 potenciam
1941 1223 1983 1258 et
2006 1217 2164 1258 claram
2186 1219 2343 1259 famam

161 1292 313 1347 prefati
356 1291 512 1332 domini
556 1291 686 1345 regiS,
732 1304 780 1330 ac
814 1291 953 1345 ipsum
988 1288 1204 1329 dominum
1249 1302 1395 1342 regem
1430 1301 1527 1328 essc
1561 1286 1966 1327 christianissimum
1999 1301 2048 1327 ac
2081 1288 2347 1342 processisse

160 1361 211 1402 de
257 1362 387 1415 stirpe
430 1360 642 1415 imperiali
683 1364 769 1400 tam
801 1359 997 1399 Romana
1037 1361 1080 1399 ct
1113 1356 1590 1411 Constantinopolitana
1622 1369 1750 1410 quam
1783 1354 1979 1411 Yspana3
2023 1355 2346 1398 considerantes

161 1431 296 1471 eciam
331 1429 571 1470 Romanum
603 1429 828 1483 imperium
863 1428 934 1469 diu
958 1441 1137 1468 vacasse
1160 1430 1203 1468 et
1235 1430 1463 1481 propterca
1493 1426 1605 1465 inter
1629 1424 1847 1465 subiectos
1871 1426 1911 1466 in
1937 1425 2167 1466 christiano
2188 1426 2347 1481 populo

161 1499 332 1540 domino
372 1504 566 1539 carentes
609 1499 846 1539 sediciones
887 1502 929 1539 et
971 1510 1148 1552 guerras
1187 1495 1449 1550 multiplices
1496 1494 1633 1534 factas
1672 1508 1768 1534 esse
1810 1508 1859 1534 ac
1901 1493 2029 1535 cedes
2070 1494 2348 1549 gravissimas

162 1578 202 1609 et
237 1574 405 1623 strages
440 1568 657 1608 hominum
692 1581 739 1608 ac
772 1568 950 1608 hereses
983 1566 1175 1606 diversas
1209 1568 1251 1605 et
1284 1564 1496 1619 pessimas
1522 1566 1636 1603 ortas
1669 1576 1781 1614 esse,
1816 1567 1859 1604 et
1881 1563 1994 1618 quod
2025 1567 2199 1619 propter
2221 1577 2348 1604 vaca-

162 1639 327 1679 cionem
361 1637 596 1693 predictam
630 1638 769 1677 cultus
811 1637 981 1677 divinus
1022 1634 1226 1675 minuitur
1258 1638 1300 1674 et
1332 1647 1513 1674 censure
1549 1637 1592 1672 et
1625 1632 1769 1673 claves
1803 1633 2096 1674 ecclesiastice
2129 1636 2349 1687 contemp-

163 1713 331 1747 nuntur.
373 1722 420 1747 ac
454 1708 588 1747 eciam
627 1705 734 1747 fides
768 1707 880 1746 inter
912 1705 1097 1745 vasallos
1130 1708 1173 1744 et
1205 1702 1399 1743 dominos
1432 1702 1604 1757 penitus
1639 1702 1898 1751 annullatur,
1942 1716 2019 1757 per
2050 1716 2178 1757 quam
2210 1705 2348 1742 status

163 1776 309 1816 mundi
343 1776 512 1830 quietus
545 1775 723 1816 deberet
747 1775 948 1825 existere,
983 1778 1025 1814 et
1057 1772 1170 1828 quod
1202 1786 1278 1827 per
1309 1771 1474 1811 nullum
1497 1770 1626 1811 alium
1659 1770 1895 1825 principem
1918 1770 2164 1825 respublica
2187 1769 2352 1812 Roma-

164 1859 310 1885 norum
346 1850 388 1885 et
418 1845 644 1899 imperium
676 1844 915 1885 Romanum
948 1842 1152 1897 inspectis
1177 1846 1220 1882 ct
1242 1840 1524 1881 consideratis
1550 1839 1745 1880 omnibus
1780 1843 1926 1894 posset
1947 1840 2138 1894 reparari
2163 1843 2205 1881 et
2225 1839 2352 1880 modo

162 1914 306 1954 debito
354 1914 444 1967 regi
487 1919 530 1954 et
569 1914 742 1954 iusticia
782 1913 1011 1967 gubernari
1055 1918 1097 1952 et
1137 1910 1406 1959 conservari,
1451 1909 1587 1949 eciam
1630 1909 1901 1962 augmentari
1942 1908 1995 1949 ad
2036 1909 2353 1950 exaltacionem

163 1983 347 2023 ecclesie
394 1987 436 2023 et
483 1982 648 2036 imperii
692 1986 734 2022 et
780 1981 960 2022 nominis
1004 1979 1243 2021 christiani:
1294 1993 1371 2019 nos
1416 1979 1573 2033 quippe
1619 1977 1723 2018 dicti
1762 1977 1924 2032 syndici
1970 1978 2141 2019 nomine
2186 1981 2229 2019 et
2259 1978 2352 2019 vice

163 2052 398 2092 conmmnis
433 2056 474 2091 et
506 2051 800 2091 universitatis
834 2050 1051 2090 hominum
1084 2049 1196 2089 dicte
1229 2048 1414 2088 civitatis
1440 2046 1749 2087 viceconiitalis
1782 2046 2065 2087 Massiliensis
2099 2050 2142 2087 et
2162 2046 2352 2100 gerendo

164 2122 204 2160 in
248 2120 323 2159 hae
366 2124 488 2175 parte
530 2120 691 2160 utiliter
731 2119 953 2173 negocium
994 2119 1132 2158 tocius
1174 2117 1340 2172 imperii
1384 2115 1604 2157 christiani
1645 2119 1688 2155 et
1727 2115 1818 2156 eius
1859 2115 2027 2156 nomine
2071 2115 2353 2167 nominamus,

165 2190 380 2230 volumus.
423 2189 626 2243 petimus,
666 2189 935 2243 postulamus
980 2192 1023 2229 ct
1055 2187 1254 2241 eligimus
1298 2185 1539 2241 predictum
1573 2183 1790 2225 dominum
1825 2183 2061 2225 Anfossum
2094 2183 2177 2225 Dei
2208 2184 2355 2239 gracia

166 2273 311 2312 regem
347 2258 538 2308 Castilic,
563 2257 718 2307 Toleti,
752 2256 969 2311 LegioniS,
1003 2256 1212 2306 Gallecie,
1246 2255 1412 2306 Sibilie,
1436 2253 1648 2304 Cordube,
1680 2253 1844 2294 Murcie
1869 2258 1911 2294 et
1932 2253 2084 2294 Iaheni
2106 2258 2355 2308 presentem

166 2328 204 2367 in
252 2328 553 2382 imperatorem
596 2331 808 2372 nostrum,
851 2332 898 2366 ut
937 2325 990 2366 de
1033 2330 1176 2366 cetero
1214 2338 1292 2380 per
1329 2338 1425 2364 cum
1460 2323 1702 2364 Romanum
1744 2322 1970 2377 imperium
2001 2322 2282 2377 gubernetur,
2313 2327 2357 2365 et

167 2397 424 2437 electionem
458 2395 510 2436 dc
544 2396 635 2451 ipso
669 2410 746 2450 per
777 2395 910 2436 alios¹
945 2395 1102 2435 factam
1125 2394 1297 2434 nomine
1328 2392 1495 2448 imperii
1519 2395 1811 2446 acceptamus,
1847 2392 2107 2432 ratificamus
2131 2396 2174 2432 et
2198 2406 2353 2447 appro-

169 2467 341 2505 bamus.
375 2466 676 2520 promittentes
711 2464 850 2505 eidem
884 2464 1076 2518 legitimo
1108 2463 1400 2503 Romanorum
1434 2461 1682 2516 imperatori
1715 2460 1946 2512 adherere,
1982 2460 2157 2501 obedire
2191 2465 2233 2502 et
2266 2475 2356 2502 ser-

170 2536 270 2575 vire.
304 2541 390 2575 tam
425 2535 505 2575 sibi
540 2548 664 2588 quam
699 2534 784 2574 filio
818 2534 909 2575 eius
934 2538 976 2574 ct
1008 2532 1156 2574 heredi
1180 2533 1223 2572 in
1247 2532 1327 2573 hoc
1350 2532 1513 2572 honore
1537 2529 1800 2580 succedenti,
1834 2544 1883 2570 ac
1905 2530 2046 2584 ipsum
2069 2533 2111 2570 et
2133 2530 2357 2585 imperium

168 2618 242 2658 pro
286 2619 335 2644 eo
377 2609 657 2644 manutenere
701 2607 742 2643 et
781 2602 1014 2643 defendere
1056 2606 1099 2642 et
1142 2601 1293 2642 fideles
1334 2601 1372 2641 ei
1415 2600 1605 2641 existere
1648 2603 1691 2640 et
1729 2599 1872 2639 omnia
1910 2603 1953 2640 et
1986 2599 2156 2652 singula
2187 2613 2270 2654 que
2301 2599 2355 2640 ad

171 2687 315 2712 veram
347 2672 600 2713 fidelitatem
635 2676 833 2727 spectant
864 2671 1118 2721 observare,
1163 2671 1292 2711 salvis
1323 2675 1467 2711 tamen
1498 2668 1663 2709 iuribus
1697 2672 1740 2709 et
1772 2667 2154 2718 convencionibus,
2198 2682 2279 2722 que
2312 2671 2356 2709 et

170 2756 275 2796 quas
319 2741 515 2781 dominus
557 2756 699 2781 comes
740 2745 782 2781 et
825 2739 995 2780 domina
1035 2740 1253 2779 comitissa
1290 2738 1517 2778 Provineic
1560 2738 1601 2777 in
1643 2737 1815 2778 civitate
1854 2736 2118 2778 Massiliensi
2159 2741 2202 2778 et
2244 2737 2357 2778 circa

171 2825 265 2851 eam
315 2810 475 2851 liabent
514 2810 581 2851 vel
627 2810 787 2850 habere
834 2809 1157 2863 dignoscuntur.
1287 2806 1349 2861 (2)
1398 2806 1479 2853 Qui
1520 2806 1712 2861 prefatus
1754 2805 1950 2846 dominus
2000 2820 2078 2846 rex
2121 2805 2357 2861 predictam

173 2880 533 2930 nominaeioncm,
575 2880 852 2934 peticionem,
898 2878 1241 2933 postulacionem
1284 2881 1326 2917 et
1366 2876 1622 2916 electionem
1662 2875 1874 2930 recipiens
1917 2874 2111 2929 promisit
2149 2874 2357 2926 eisdem2,

173 2949 342 2988 nomine
385 2948 482 2988 dicti
525 2948 691 3002 imperii
732 2953 775 2988 ct
813 2947 996 2988 civitatis
1038 2947 1170 2996 dicte,
1218 2945 1378 2986 dictum
1418 2945 1640 2999 imperium
1681 2948 1724 2984 et
1766 2945 1859 2984 iura
1898 2944 2034 2999 ipsius
2074 2943 2277 2997 consequi
2316 2948 2359 2984 et

174 3022 452 3057 manutenere
487 3021 527 3057 et
559 3016 745 3058 fideliter
775 3017 1031 3071 gubernare.
1151 3014 1212 3068 (3)
1246 3014 1396 3054 Eciam
1430 3013 1531 3053 dicti
1555 3012 1721 3068 syndici
1744 3012 1937 3065 predicta
1960 3012 2101 3052 omnia
2123 3015 2165 3052 et
2188 3011 2358 3066 singula

174 3086 396 3127 attendere
431 3091 473 3127 ct
506 3087 720 3140 complere
755 3086 867 3125 bona
899 3085 982 3125 fide
1017 3084 1187 3125 nomine
1221 3083 1323 3124 dicti
1357 3081 1593 3124 communis
1626 3082 1876 3122 iuraverunt
1908 3081 2195 3122 sacrosanctis
2224 3093 2353 3121 evan-

176 3156 296 3204 geliis
331 3155 383 3195 ab
417 3156 517 3209 ipsis
550 3155 827 3209 corporaliter
866 3154 1135 3194 manutactiS.
1197 3152 1254 3192 Et
1292 3151 1485 3206 predicta
1525 3151 1667 3191 omnia
1705 3155 1747 3191 et
1787 3149 1958 3204 singula
1990 3149 2277 3204 promiserunt
2309 3163 2355 3190 se

178 3226 363 3264 facturos
409 3230 449 3264 et
488 3228 730 3274 curaturos,
780 3222 890 3277 quod
931 3223 1152 3262 consilium
1194 3221 1381 3261 civitatis
1414 3220 1700 3261 Massiliensis
1742 3218 1907 3269 laudet,
1957 3218 2167 3273 approbet
2205 3223 2247 3259 et
2279 3232 2356 3259 suo

182 3293 320 3346 sigillo
355 3291 555 3346 pendenti
590 3291 781 3347 predicta
814 3291 1089 3332 corroboreta
1121 3295 1163 3331 et
1196 3290 1428 3330 confirmet.

320 3360 475 3401 Actum
510 3360 694 3414 Segovie
726 3361 768 3401 in
801 3361 967 3415 capella
1001 3359 1184 3400 ecclesie
1218 3357 1492 3408 cathedralis,
1527 3357 1569 3397 in
1602 3356 1829 3412 presencia
1861 3360 1903 3396 et
1931 3354 2176 3395 testimonio
2198 3353 2358 3394 domini

181 3430 350 3484 Sugerii
383 3429 656 3470 Zamorensis
689 3430 891 3484 episcopi,
925 3429 1067 3469 fratris
1100 3427 1329 3468 Laurencii
1360 3426 1493 3481 legati
1517 3425 1678 3466 domini
1710 3438 1822 3479 pape
1845 3423 1886 3463 in
1911 3422 2118 3478 Yspania,
2152 3422 2355 3464 Iohannis

315 3542 401 3576 395.
433 3548 463 3584 a„
489 3545 677 3575 corroberet
702 3544 752 3576 ed.

318 3646 348 3677 1³
377 3658 395 3676 ι.
415 3655 441 3677 e.
471 3644 626 3677 Pisanos.
745 3648 779 3678 22»
808 3645 826 3677 i.
843 3655 866 3677 e.
893 3644 1026 3677 aeluulms
1051 3643 1205 3677 &iudicis

2382 1023 2414 1047 10

2386 1365 2416 1389 15

2387 1709 2420 1734 20

2389 2051 2421 2077 25

2391 2405 2426 2429 30

2393 2749 2425 2773 35

2393 3101 2426 3127 40

2393 3444 2426 3471 45
