2558 3970
95 948 128 972 10

96 1292 127 1316 15

94 1641 127 1667 20

91 1986 124 2011 25

91 2329 124 2355 30

91 2674 124 2701 ³5

91 3019 126 3046 40

92 3374 125 3399 45

93 3715 128 3747 50

720 203 813 237 PAX
841 202 1121 236 COMITATL'S
1150 202 1453 236 llAlNOENSlS.
1508 204 1604 238 1200.
1655 203 1717 237 Nr.
1737 204 1817 236 425.
2285 207 2365 244 567

310 320 349 360 4.
383 316 427 357 Si
461 318 588 358 homo
622 319 837 359 hominem
875 319 1141 359 interfecerit
1174 322 1217 358 et
1248 318 1319 358 ille
1349 317 1564 358 homicida
1588 319 1819 369 aufugerit.
1854 319 1947 359 eius
1972 319 2096 359 amici
2121 323 2163 359 et
2188 319 2367 374 proximi

167 400 264 427 eum
307 386 506 428 abiurare
550 392 593 427 et
635 388 843 429 foriurare
876 386 1056 434 debent,
1102 385 1235 427 etsie
1276 400 1427 440 pacem
1469 385 1628 427 habere
1667 386 1841 427 debent.
1905 388 1987 434 Qui
2023 402 2123 428 vero
2157 387 2367 427 foriurare

168 454 364 503 noluerit,
399 456 495 496 talis
528 456 609 497 erit
632 456 770 511 qualis
794 460 838 496 et
867 454 1096 500 homicida,
1131 455 1202 509 qui
1228 455 1459 508 aufugerit,
1493 468 1717 509 quousque
1742 469 1838 495 cum
1865 456 2151 496 foi-iuraverit.
2203 456 2247 496 Si
2272 455 2366 509 quis

166 536 261 564 cum
295 522 508 565 homicida
542 524 713 579 fugerit,
749 523 814 564 vel
838 523 1064 564 occasione
1089 524 1161 564 illa
1186 538 1233 564 se
1257 523 1552 563 absentaverit
1575 529 1616 563 et
1641 524 1820 577 patriam
1847 525 2017 573 exierit,
2051 524 2162 579 quod
2188 524 2366 564 homici-

165 590 263 631 dam
296 591 494 632 abiurare
528 593 728 641 noluerit,
762 593 873 633 infra
905 605 1063 632 annum
1098 590 1239 632 redire
1273 596 1417 645 potest
1450 596 1493 630 et
1526 591 1850 631 foriurationem
1886 591 2044 641 facere,
2081 597 2177 647 post
2207 606 2365 633 annum

164 674 263 701 vero
295 674 378 701 non
411 660 506 715 plus
540 661 678 702 redire
713 667 874 717 potest,
919 675 1046 716 quam
1082 660 1152 701 ille
1187 660 1258 714 qui
1293 660 1572 699 malefactum
1615 661 1949 714 perpetraverit,
1993 666 2035 700 et
2066 661 2173 701 infra
2208 675 2364 701 annum

164 728 296 780 illum,
328 727 525 770 dominus
559 730 600 770 in
634 730 755 771 cuius
788 730 957 771 iusticia
990 729 1210 779 manserit,
1244 728 1423 769 mobilia
1456 728 1570 768 illius
1605 727 1781 768 habebit
1813 728 2071 784 ubicumque
2103 730 2262 770 fuerint
2295 730 2364 770 illa

164 798 206 838 in
241 797 447 838 comitatu
479 798 733 840 IIainoensi.

307 869 347 907 5.
389 866 528 908 Amici
561 871 706 908 autem
740 872 783 908 et
815 867 988 921 cognati
1022 866 1136 907 illius
1171 865 1377 912 hominis,
1418 865 1490 919 qui
1526 865 1693 906 occisus
1728 865 1875 916 fuerit,
1920 865 2080 907 debent
2113 881 2366 907 assecurare

165 949 316 976 omnes
347 935 545 977 homines
578 937 675 977 illos
705 937 776 991 qui
809 935 1067 977 homicidam
1101 934 1420 985 foriuraverint,
1455 934 1651 988 quivero
1686 934 1782 974 illos
1807 948 2060 975 assecurare
2094 935 2291 979 noluerit,
2327 936 2365 976 in

165 1003 318 1046 eodem
352 1009 510 1059 puncto
544 1005 638 1055 erit,
671 1019 753 1060 quo
785 1009 828 1045 et
858 1005 928 1046 ille
953 1005 1023 1059 qui
1047 1004 1324 1045 malefactum
1350 1003 1529 1052 fecerat,
1564 1002 1642 1043 hoc
1667 1008 1809 1043 tamen
1834 1002 1978 1043 addito
2003 1003 2113 1058 quod
2141 1010 2366 1059 postquam

164 1072 426 1114 ammonitus
460 1073 589 1115 fuerit
617 1073 670 1114 de
701 1074 1024 1115 assecuratione
1058 1073 1132 1113 illa
1161 1071 1374 1122 facienda,
1407 1070 1461 1112 de
1483 1070 1550 1112 dic
1572 1071 1613 1111 in
1639 1072 1875 1112 crastinum
1899 1086 2035 1126 usquc
2062 1072 2115 1113 ad
2141 1087 2366 1127 vesperam

163 1141 346 1197 patriam
379 1145 524 1198 potest
556 1142 690 1193 exire,
725 1147 768 1184 et
791 1141 990 1183 dominus
1015 1142 1057 1183 in
1082 1142 1204 1183 cuius
1238 1141 1407 1182 iusticia
1429 1141 1653 1192 manserit,
1687 1141 1862 1182 mobilia
1887 1141 2001 1182 illius
2035 1141 2224 1192 habebit,
2258 1143 2368 1182 sicut

162 1209 405 1266 predictum
438 1215 518 1252 est.
582 1209 627 1252 Si
659 1225 762 1253 vero
796 1216 893 1266 post
925 1211 1278 1252 ammonitionem
1318 1210 1502 1265 patriam
1535 1224 1619 1251 non
1654 1210 1809 1251 exierit
1851 1210 1904 1251 dc
1937 1209 2007 1252 die
2042 1211 2084 1251 in
2117 1210 2369 1259 crastinum,

165 1279 218 1321 de
251 1293 302 1321 eo
333 1279 407 1320 fiet
439 1279 574 1331 idem,
615 1279 729 1334 quod
762 1279 815 1322 de
849 1280 921 1321 illo
955 1279 1136 1322 deberet
1166 1279 1278 1329 fieri,
1320 1279 1390 1334 qui
1425 1278 1702 1320 malefactum
1736 1283 2086 1335 perpetraverat;
2135 1279 2203 1320 hic
2237 1280 2366 1320 etiam

163 1348 276 1390 infra
308 1362 468 1390 annum
500 1348 643 1390 redire
676 1353 820 1405 potest
852 1349 905 1391 ad
940 1349 1312 1391 assecurationem
1346 1347 1603 1389 faciendam.

306 1419 344 1458 6.
378 1417 445 1460 De
478 1418 658 1459 menbro
691 1417 836 1460 ablato
870 1418 952 1460 erit
983 1417 1038 1459 ad
1070 1431 1223 1473 pacem
1247 1416 1401 1458 eodem
1434 1416 1562 1458 modo
1596 1416 1650 1458 ad
1675 1416 1908 1458 valentiam
1939 1417 2054 1469 facti,
2088 1416 2292 1458 videlicet
2315 1416 2367 1458 de

162 1485 384 1528 ablatione
417 1487 587 1529 menbri
621 1491 664 1529 et
697 1486 750 1529 de
782 1486 1065 1528 foriuratione
1098 1490 1142 1528 et
1174 1486 1227 1528 de
1259 1485 1594 1527 assecuratione.

307 1558 344 1598 7.
376 1555 620 1608 Homicide,
654 1556 726 1612 qui
751 1556 923 1611 fugerit,
947 1561 991 1597 et
1014 1556 1128 1597 illius
1152 1555 1350 1607 hominis,
1375 1555 1447 1610 qui
1471 1555 1545 1596 alii
1569 1555 1794 1596 menbrum
1819 1555 2047 1597 abstulerit
2070 1560 2113 1596 ct
2135 1555 2367 1609 aufugerit,

166 1623 377 1677 dominus,
407 1625 451 1666 in
475 1625 594 1666 cuius
618 1624 789 1666 iusticia
810 1625 1032 1677 manserit,
1065 1624 1243 1665 mobilia
1266 1623 1412 1665 omnia
1433 1623 1696 1678 ubicumque
1719 1624 1879 1665 fuerint
1901 1624 1942 1665 in
1967 1625 2173 1665 comitatu
2196 1624 2362 1665 IIaino-

161 1694 254 1735 ensi
286 1698 330 1736 et
360 1694 524 1736 fructus
556 1699 672 1737 terre
704 1694 832 1735 unius
865 1695 966 1735 anni
999 1693 1191 1736 habebit.
1254 1693 1445 1748 Fugitivi
1479 1692 1649 1748 quidem
1684 1693 1751 1734 vel
1791 1693 1957 1735 banniti
1991 1693 2175 1734 hominis
2210 1698 2366 1734 terram

160 1763 275 1804 ultra
313 1777 472 1805 annum
513 1763 712 1806 dominus
754 1767 906 1805 tenere
948 1776 1034 1804 non
1073 1766 1234 1819 potest,
1277 1762 1353 1804 sed
1390 1766 1611 1803 transacto
1644 1775 1757 1803 anno
1791 1762 2058 1818 propinquus
2091 1762 2217 1804 heres
2251 1763 2365 1804 illius

161 1831 449 1874 hereditatem
483 1836 527 1874 et
558 1836 716 1874 terram
749 1833 842 1874 eius
875 1832 1067 1885 habebit,
1100 1833 1136 1874 si
1170 1845 1269 1874 eum
1301 1831 1583 1873 abiuraverit.

307 1903 347 1946 8.
386 1901 455 1944 De
496 1902 640 1944 occiso
683 1902 857 1944 homine
898 1906 1110 1944 mortuam
1149 1915 1323 1944 manum
1372 1900 1533 1942 habeat
1573 1900 1666 1952 ille,
1707 1900 1829 1942 cuius
1871 1912 2021 1941 servus
2054 1899 2123 1941 vel
2155 1899 2207 1941 de
2240 1900 2362 1941 cuius

162 1970 389 2013 advocatia
418 1971 563 2014 fuerit.

304 2042 343 2082 9.
377 2040 423 2082 Si
445 2040 570 2083 homo
593 2040 818 2096 fugitivus,
850 2041 922 2096 qui
954 2040 1171 2082 hominem
1194 2039 1464 2081 interfecerit
1485 2039 1556 2080 vel
1580 2038 1742 2080 homini
1772 2037 1997 2080 menbrum
2024 2038 2264 2090 abstulerit,
2297 2039 2367 2080 vel

162 2108 363 2152 bannitus
396 2109 439 2151 in
471 2110 656 2166 patriam
688 2109 880 2161 redierit,
913 2108 1034 2150 nulla
1059 2108 1163 2149 villa
1194 2108 1334 2149 libera
1366 2107 1597 2163 nullusque
1629 2106 1829 2148 dominus
1852 2107 1921 2148 vel
1951 2106 2078 2148 homo
2109 2107 2227 2148 illum
2250 2107 2361 2148 tueri

159 2178 229 2220 vel
260 2180 478 2234 garantire
507 2184 665 2236 potest,
699 2179 801 2235 quin
822 2178 1066 2232 ubicunque
1088 2177 1290 2218 inventus
1312 2176 1442 2218 fuerit
1465 2189 1563 2218 eum
1587 2190 1744 2232 capere
1767 2176 1905 2232 possit
1928 2176 2080 2229 omnis,
2114 2176 2185 2232 qui
2209 2190 2361 2232 pacem

160 2247 385 2297 iuraverit;
417 2252 591 2304 captum
623 2262 724 2290 vero
757 2247 890 2290 debet
921 2251 1173 2303 presentare
1206 2246 1281 2297 illi,
1315 2259 1446 2301 supra
1469 2245 1589 2287 cuius
1621 2245 1835 2287 iusticiam
1864 2250 2017 2301 captus
2041 2246 2184 2298 fuerit,
2217 2250 2264 2286 ut
2288 2246 2361 2287 ille

160 2316 260 2359 inde
293 2317 508 2360 iusticiam
539 2322 583 2360 et
605 2317 838 2360 vindictam
871 2316 1112 2372 predictam
1144 2315 1289 2358 faciat.
1342 2314 1465 2362 Quod
1499 2315 1534 2356 si
1564 2315 1638 2357 ille
1671 2329 1756 2356 non
1787 2314 1939 2356 fecerit
1960 2315 2175 2356 iusticiam
2199 2318 2242 2357 et
2264 2315 2358 2356 vin-

161 2384 335 2438 dictam,
367 2386 568 2428 dominus
601 2400 747 2429 comes
779 2385 1043 2428 Hainoensis
1077 2398 1172 2426 eam
1204 2384 1349 2426 facere
1384 2383 1528 2426 debet.

309 2458 373 2497 10.
417 2455 463 2498 Si
502 2456 630 2498 homo
669 2456 920 2497 vulneratus
960 2454 1091 2496 fuerit
1130 2454 1199 2496 vel
1240 2453 1431 2508 graviter
1474 2453 1613 2505 lesus,
1658 2452 1771 2494 unde
1813 2452 1866 2494 (16
1906 2457 2045 2494 1110116
2085 2453 2155 2494 vel
2198 2451 2365 2494 menbri

162 2523 402 2580 perditione
435 2524 669 2576 dubitetur,
701 2525 951 2566 vulnerator
974 2523 1044 2566 vel
1076 2523 1191 2565 lesor
1222 2521 1436 2564 tenendus
1459 2525 1526 2563 est
1550 2526 1593 2563 et
1618 2521 1943 2573 custodiendus,
1977 2535 2202 2577 quousque
2227 2522 2363 2563 visum

159 2593 308 2646 fuerit,
349 2593 452 2650 quid
490 2593 544 2636 de
578 2595 755 2636 vulnere
788 2593 862 2634 illo
895 2593 963 2634 vel
994 2592 1161 2633 lesione
1194 2591 1406 2633 evenerit.
1470 2590 1515 2632 Si
1549 2591 1673 2633 miles
1713 2590 1933 2632 hominem
1967 2590 2086 2631 illum
2120 2594 2287 2632 tentum
2322 2590 2363 2631 in

163 2662 361 2705 custodia
400 2662 601 2705 habuerit
640 2667 684 2705 et
722 2663 761 2704 ei
800 2662 1007 2715 evaserit,
1047 2661 1171 2703 miles
1211 2661 1352 2702 iurare
1394 2659 1524 2702 debet
1556 2674 1601 2702 se
1641 2660 1774 2702 tercio
1807 2660 2011 2711 militum,
2053 2660 2166 2715 quod
2199 2660 2363 2715 absque

160 2732 288 2788 culpa
325 2746 404 2774 sua
446 2733 485 2774 ei
528 2732 737 2784 evaserit,
779 2732 901 2773 salva
937 2736 1083 2773 tamen
1122 2730 1236 2772 bona
1274 2730 1392 2786 pacis
1426 2729 1623 2772 veritate.
1686 2728 1732 2770 Si
1774 2732 1919 2770 autem
1951 2729 2094 2770 villico
2132 2728 2261 2770 alicui
2293 2729 2360 2770 vel

159 2801 303 2843 baiulo
326 2802 394 2843 vel
416 2801 595 2843 cuilibet
617 2801 795 2852 homini,
827 2801 899 2856 qui
922 2800 1047 2842 miles
1071 2813 1155 2841 non
1176 2799 1321 2851 fuerit,
1345 2798 1472 2840 homo
1495 2798 1568 2840 1116
1592 2801 1738 2839 tentus
1763 2802 1806 2839 et
1829 2796 2136 2839 custodiendus
2160 2797 2361 2849 evaserit,

160 2883 207 2912 se
240 2871 424 2927 septimo
457 2871 680 2912 hominum
712 2871 836 2923 iuret,
870 2869 984 2925 quod
1015 2869 1179 2925 absque
1211 2868 1340 2924 culpa
1373 2882 1453 2910 sua
1478 2868 1518 2910 ei
1542 2867 1744 2919 evaserit,
1777 2867 1899 2908 salva
1928 2871 2074 2908 tamen
2095 2865 2211 2907 bona
2244 2866 2363 2921 pacis

159 2939 361 2982 veritate.

310 3012 374 3052 11.
408 3009 493 3057 Qui
525 3009 747 3051 cultellum
779 3022 878 3050 cum
910 3011 1072 3064 puncta
1102 3006 1355 3063 portaverit,
1389 3006 1470 3047 nisi
1505 3006 1560 3047 sit
1581 3009 1763 3047 venator
1786 3005 1853 3046 vel
1878 3018 2041 3060 coquus
2064 3005 2134 3046 vel
2156 3004 2361 3045 macella-

161 3078 249 3120 rius
282 3078 352 3120 vel
391 3078 560 3120 alienus
603 3078 730 3120 homo
768 3077 984 3119 transiens
1026 3090 1103 3132 per
1144 3075 1349 3132 patriam,
1390 3074 1623 3117 emendare
1656 3073 1788 3115 debet
1828 3087 1906 3129 per
1938 3073 2168 3128 sexaginta
2201 3072 2362 3114 solidos

161 3146 435 3189 denariorum
466 3148 540 3200 illi,
574 3147 618 3188 in
651 3147 771 3188 cuius
800 3147 971 3188 iusticia
999 3146 1201 3187 inventus
1223 3145 1372 3194 fuerit;
1406 3144 1442 3186 si
1464 3148 1610 3186 autem
1632 3157 1708 3199 pre
1731 3146 1990 3199 paupertate
2015 3142 2362 3184 emendationem

160 3215 277 3257 illam
309 3217 476 3258 solvere
507 3231 590 3258 non
623 3215 828 3272 potuerit,
862 3215 978 3257 auris
1012 3215 1050 3257 ei
1083 3217 1346 3270 amputetur.

308 3286 372 3327 12.
411 3285 670 3328 Emendatio
712 3285 1040 3327 malefactorum
1079 3284 1123 3325 in
1155 3283 1353 3325 omnibus
1386 3282 1520 3335 villis,
1559 3283 1601 3323 in
1642 3281 1797 3338 quibus
1830 3281 1967 3322 forum
2000 3294 2086 3322 non
2119 3280 2269 3333 currit,
2308 3280 2361 3323 de

163 3354 302 3395 vicino
344 3354 514 3396 scilicet
553 3359 701 3396 contra
731 3355 935 3406 vicinum,
980 3357 1069 3394 tam
1108 3353 1152 3394 in
1189 3352 1435 3394 hominibus
1469 3351 1631 3393 domini
1674 3351 1842 3392 comitis
1875 3364 2001 3406 quam
2043 3349 2243 3402 aliorum,
2283 3350 2362 3391 hec

162 3426 248 3463 est:
287 3422 354 3463 De
393 3423 566 3464 homine
606 3423 796 3465 roisnato
827 3422 897 3464 vel
934 3421 986 3462 de
1027 3421 1207 3462 menbro
1248 3420 1384 3462 fracto
1417 3420 1730 3475 quinquaginta
1763 3418 1890 3461 solidi
1923 3418 2198 3461 denariorum
2231 3419 2362 3461 dandi

162 3494 274 3542 sunt,
307 3491 422 3533 unde
454 3492 582 3534 homo
615 3492 733 3534 lesus
765 3491 944 3547 triginta
966 3489 1122 3531 solidos
1153 3489 1324 3542 habeat,
1359 3489 1555 3531 dominus
1583 3502 1702 3542 ver0,
1735 3489 1778 3530 in
1810 3488 1932 3529 cuius
1965 3489 2134 3530 iusticia
2156 3489 2363 3530 manserit

161 3560 287 3601 homo
328 3562 468 3613 lesus,
509 3562 660 3617 viginti
701 3560 883 3609 solidos;
925 3559 978 3601 de
1020 3559 1232 3601 effusione
1274 3559 1498 3614 sanguinis
1542 3558 1720 3613 triginta
1761 3557 1909 3609 solidi,
1948 3557 2001 3599 de
2034 3557 2189 3613 quibus
2231 3558 2359 3599 homo

161 3628 277 3670 lesus
309 3629 589 3672 medietatem
622 3630 801 3683 11311631,
835 3629 1032 3671 (1011111103
1064 3641 1186 3680 vem,
1217 3628 1261 3668 in
1294 3628 1416 3669 cuius
1455 3628 1627 3669 iusticia
1659 3627 1866 3683 mans-erit
1897 3626 2022 3668 homo
2054 3627 2189 3680 lesus,
2231 3627 2360 3668 aliam

163 3697 459 3747 Ι1116(1161316111;
503 3699 557 3740 (16
603 3700 878 3760 capillatione
921 3698 990 3739 vel
1041 3696 1322 3756 percussione
1372 3698 1464 3739 sine
1513 3697 1724 3754 sanguine
1773 3695 2017 3753 quindecim
2057 3694 2202 3748 solidi,
2245 3694 2359 3738 unde
