<?xml version="1.0" encoding="UTF-8"?>
<!DOCTYPE html PUBLIC "-//W3C//DTD XHTML 1.0 Transitional//EN"
    "http://www.w3.org/TR/xhtml1/DTD/xhtml1-transitional.dtd">
<html xmlns="http://www.w3.org/1999/xhtml" xml:lang="en" lang="en">
 <head>
  <title>
</title>
<meta http-equiv="Content-Type" content="text/html;charset=utf-8" />
  <meta name='ocr-system' content='tesseract 3.04.00' />
  <meta name='ocr-capabilities' content='ocr_page ocr_carea ocr_par ocr_line ocrx_word'/>
</head>
<body>
  <div class='ocr_page' id='page_1' title='image "./monumentager02geseuoft_0381.png"; bbox 0 0 2558 3970; ppageno 0'>
   <div class='ocr_carea' id='block_1_1' title="bbox 127 939 159 964">
    <p class='ocr_par' dir='ltr' id='par_1_1' title="bbox 127 939 159 964">
     <span class='ocr_line' id='line_1_1' title="bbox 127 939 159 964; baseline -0.063 0"><span class='ocrx_word' id='word_1_1' title='bbox 127 939 159 964; x_wconf 84' lang='lat'>10</span> 
     </span>
    </p>
   </div>
   <div class='ocr_carea' id='block_1_2' title="bbox 122 1285 154 1309">
    <p class='ocr_par' dir='ltr' id='par_1_2' title="bbox 122 1285 154 1309">
     <span class='ocr_line' id='line_1_2' title="bbox 122 1285 154 1309; baseline 0.031 -1"><span class='ocrx_word' id='word_1_2' title='bbox 122 1285 154 1309; x_wconf 83' lang='lat'>15</span> 
     </span>
    </p>
   </div>
   <div class='ocr_carea' id='block_1_3' title="bbox 121 1629 155 1655">
    <p class='ocr_par' dir='ltr' id='par_1_3' title="bbox 121 1629 155 1655">
     <span class='ocr_line' id='line_1_3' title="bbox 121 1629 155 1655; baseline 0.029 -1"><span class='ocrx_word' id='word_1_3' title='bbox 121 1629 155 1655; x_wconf 81' lang='lat'>20</span> 
     </span>
    </p>
   </div>
   <div class='ocr_carea' id='block_1_4' title="bbox 119 1980 151 2006">
    <p class='ocr_par' dir='ltr' id='par_1_4' title="bbox 119 1980 151 2006">
     <span class='ocr_line' id='line_1_4' title="bbox 119 1980 151 2006; baseline 0 0"><span class='ocrx_word' id='word_1_4' title='bbox 119 1980 151 2006; x_wconf 83' lang='lat'>25</span> 
     </span>
    </p>
   </div>
   <div class='ocr_carea' id='block_1_5' title="bbox 119 2326 152 2352">
    <p class='ocr_par' dir='ltr' id='par_1_5' title="bbox 119 2326 152 2352">
     <span class='ocr_line' id='line_1_5' title="bbox 119 2326 152 2352; baseline -0.03 0"><span class='ocrx_word' id='word_1_5' title='bbox 119 2326 152 2352; x_wconf 83' lang='lat'>30</span> 
     </span>
    </p>
   </div>
   <div class='ocr_carea' id='block_1_6' title="bbox 117 2669 148 2695">
    <p class='ocr_par' dir='ltr' id='par_1_6' title="bbox 117 2669 148 2695">
     <span class='ocr_line' id='line_1_6' title="bbox 117 2669 148 2695; baseline 0 0"><span class='ocrx_word' id='word_1_6' title='bbox 117 2669 148 2695; x_wconf 84' lang='lat'>35</span> 
     </span>
    </p>
   </div>
   <div class='ocr_carea' id='block_1_7' title="bbox 115 3019 150 3044">
    <p class='ocr_par' dir='ltr' id='par_1_7' title="bbox 115 3019 150 3044">
     <span class='ocr_line' id='line_1_7' title="bbox 115 3019 150 3044; baseline 0 0"><span class='ocrx_word' id='word_1_7' title='bbox 115 3019 150 3044; x_wconf 79' lang='lat'>40</span> 
     </span>
    </p>
   </div>
   <div class='ocr_carea' id='block_1_8' title="bbox 115 3301 148 3326">
    <p class='ocr_par' dir='ltr' id='par_1_8' title="bbox 115 3301 148 3326">
     <span class='ocr_line' id='line_1_8' title="bbox 115 3301 148 3326; baseline 0 0"><span class='ocrx_word' id='word_1_8' title='bbox 115 3301 148 3326; x_wconf 81' lang='lat'>45</span> 
     </span>
    </p>
   </div>
   <div class='ocr_carea' id='block_1_9' title="bbox 736 128 2400 184">
    <p class='ocr_par' dir='ltr' id='par_1_9' title="bbox 736 128 2400 184">
     <span class='ocr_line' id='line_1_9' title="bbox 736 128 2400 184; baseline 0.013 -22"><span class='ocrx_word' id='word_1_9' title='bbox 736 128 977 164; x_wconf 67' lang='lat' dir='ltr'>FRIDERIGI</span> <span class='ocrx_word' id='word_1_10' title='bbox 1006 131 1050 166; x_wconf 89' lang='grc' dir='ltr'><strong>ΙΙ.</strong></span> <span class='ocrx_word' id='word_1_11' title='bbox 1077 131 1509 170; x_wconf 62' lang='lat' dir='ltr'>CoNs&#39;rl&#39;rU&#39;rloNES.</span> <span class='ocrx_word' id='word_1_12' title='bbox 1562 138 1659 172; x_wconf 71' lang='lat'>1244.</span> <span class='ocrx_word' id='word_1_13' title='bbox 1711 137 1869 174; x_wconf 68' lang='lat' dir='ltr'>N1·.‘244.</span> <span class='ocrx_word' id='word_1_14' title='bbox 2320 146 2400 184; x_wconf 82' lang='grc'>333</span> 
     </span>
    </p>
   </div>
   <div class='ocr_carea' id='block_1_10' title="bbox 197 241 2404 448">
    <p class='ocr_par' dir='ltr' id='par_1_10' title="bbox 197 241 2404 448">
     <span class='ocr_line' id='line_1_10' title="bbox 197 241 2404 310; baseline 0.007 -28"><span class='ocrx_word' id='word_1_15' title='bbox 197 241 303 284; x_wconf 79' lang='lat' dir='ltr'>duae</span> <span class='ocrx_word' id='word_1_16' title='bbox 326 245 474 295; x_wconf 76' lang='lat' dir='ltr'>partes</span> <span class='ocrx_word' id='word_1_17' title='bbox 495 246 629 285; x_wconf 73' lang='lat' dir='ltr'>lamen</span> <span class='ocrx_word' id='word_1_18' title='bbox 659 245 824 296; x_wconf 74' lang='lat' dir='ltr'>pariter</span> <span class='ocrx_word' id='word_1_19' title='bbox 846 249 969 298; x_wconf 68' lang='grc' dir='ltr'><em>αἶψα]</em></span> <span class='ocrx_word' id='word_1_20' title='bbox 993 248 1034 286; x_wconf 76' lang='lat' dir='ltr'>in</span> <span class='ocrx_word' id='word_1_21' title='bbox 1059 248 1189 287; x_wconf 61' lang='lat' dir='ltr'>rodino</span> <span class='ocrx_word' id='word_1_22' title='bbox 1213 252 1238 288; x_wconf 74' lang='lat'>-1</span> <span class='ocrx_word' id='word_1_23' title='bbox 1270 250 1588 294; x_wconf 69' lang='lat' dir='ltr'>‹lesi‹l‹›rautm·.·</span> <span class='ocrx_word' id='word_1_24' title='bbox 1623 257 1667 306; x_wconf 78' lang='lat'>4)</span> <span class='ocrx_word' id='word_1_25' title='bbox 1690 254 1814 294; x_wconf 60' lang='lat' dir='ltr'>eodm·</span> <span class='ocrx_word' id='word_1_26' title='bbox 1840 256 2199 310; x_wconf 62' lang='lat' dir='ltr'>(iecelsvrbylanus</span> <span class='ocrx_word' id='word_1_27' title='bbox 2221 258 2328 310; x_wconf 70' lang='grc' dir='ltr'><strong>Λιᾳι.</strong></span> <span class='ocrx_word' id='word_1_28' title='bbox 2349 261 2374 298; x_wconf 70' lang='grc'><em>4</em></span> <span class='ocrx_word' id='word_1_29' title='bbox 2388 263 2404 282; x_wconf 84' lang='lat'>⁰</span> 
     </span>
     <span class='ocr_line' id='line_1_11' title="bbox 200 311 2401 378; baseline 0.006 -25"><span class='ocrx_word' id='word_1_30' title='bbox 200 311 336 355; x_wconf 88' lang='lat' dir='ltr'><strong><em>XIII.</em></strong></span> <span class='ocrx_word' id='word_1_31' title='bbox 356 314 394 362; x_wconf 86' lang='lat'>3,</span> <span class='ocrx_word' id='word_1_32' title='bbox 420 311 501 366; x_wconf 80' lang='lat' dir='ltr'>fol.</span> <span class='ocrx_word' id='word_1_33' title='bbox 526 314 579 353; x_wconf 79' lang='lat'>51</span> <span class='ocrx_word' id='word_1_34' title='bbox 611 327 671 365; x_wconf 79' lang='lat' dir='ltr'>ep.</span> <span class='ocrx_word' id='word_1_35' title='bbox 694 316 761 354; x_wconf 65' lang='lat'>20.</span> <span class='ocrx_word' id='word_1_36' title='bbox 813 314 987 367; x_wconf 70' lang='lat' dir='ltr'>Leyilm·</span> <span class='ocrx_word' id='word_1_37' title='bbox 1007 316 1129 356; x_wconf 75' lang='lat' dir='ltr'>ctiam</span> <span class='ocrx_word' id='word_1_38' title='bbox 1158 319 1200 357; x_wconf 75' lang='lat' dir='ltr'>in</span> <span class='ocrx_word' id='word_1_39' title='bbox 1223 319 1353 360; x_wconf 73' lang='lat' dir='ltr'>codiee</span> <span class='ocrx_word' id='word_1_40' title='bbox 1386 320 1691 361; x_wconf 67' lang='lat' dir='ltr'>Vindobonensi</span> <span class='ocrx_word' id='word_1_41' title='bbox 1713 324 1795 361; x_wconf 68' lang='lat'>-109</span> <span class='ocrx_word' id='word_1_42' title='bbox 1824 323 1998 374; x_wconf 67' lang='lat' dir='ltr'>(Philol.</span> <span class='ocrx_word' id='word_1_43' title='bbox 2028 327 2102 378; x_wconf 71' lang='lat'>151)</span> <span class='ocrx_word' id='word_1_44' title='bbox 2131 327 2203 377; x_wconf 79' lang='lat' dir='ltr'>sol.</span> <span class='ocrx_word' id='word_1_45' title='bbox 2230 330 2283 367; x_wconf 84' lang='lat'>77</span> <span class='ocrx_word' id='word_1_46' title='bbox 2300 329 2323 367; x_wconf 92' lang='lat'>¹.</span> <span class='ocrx_word' id='word_1_47' title='bbox 2350 353 2401 358; x_wconf 80' lang='lat'>—-</span> 
     </span>
     <span class='ocr_line' id='line_1_12' title="bbox 197 380 2257 448; baseline 0.005 -27"><span class='ocrx_word' id='word_1_48' title='bbox 197 380 663 423; x_wconf 58' lang='lat' dir='ltr'>Huillard-Breholles</span> <span class='ocrx_word' id='word_1_49' title='bbox 698 382 768 433; x_wconf 85' lang='lat' dir='ltr'>VI,</span> <span class='ocrx_word' id='word_1_50' title='bbox 794 386 888 426; x_wconf 71' lang='lat'>168.</span> <span class='ocrx_word' id='word_1_51' title='bbox 951 385 1146 435; x_wconf 61' lang='lat' dir='ltr'>Bobium,</span> <span class='ocrx_word' id='word_1_52' title='bbox 1182 386 1279 439; x_wconf 66' lang='lat' dir='ltr'>chj.</span> <span class='ocrx_word' id='word_1_53' title='bbox 1316 388 1408 439; x_wconf 77' lang='lat' dir='ltr'>imp.</span> <span class='ocrx_word' id='word_1_54' title='bbox 1449 389 1489 438; x_wconf 82' lang='lat' dir='ltr'>V,</span> <span class='ocrx_word' id='word_1_55' title='bbox 1512 392 1637 430; x_wconf 60' lang='lat'><strong><em>3412.</em></strong></span> <span class='ocrx_word' id='word_1_56' title='bbox 2042 393 2114 446; x_wconf 82' lang='lat' dir='ltr'>(P.</span> <span class='ocrx_word' id='word_1_57' title='bbox 2139 398 2257 448; x_wconf 55' lang='lat'>340)</span> 
     </span>
    </p>
   </div>
   <div class='ocr_carea' id='block_1_11' title="bbox 183 507 2401 2774">
    <p class='ocr_par' dir='ltr' id='par_1_11' title="bbox 342 507 1493 569">
     <span class='ocr_line' id='line_1_13' title="bbox 342 507 1493 569; baseline 0.006 -21"><span class='ocrx_word' id='word_1_58' title='bbox 342 507 627 549; x_wconf 78' lang='lat' dir='ltr'>Fredericus¹¹</span> <span class='ocrx_word' id='word_1_59' title='bbox 662 514 742 549; x_wconf 87' lang='lat' dir='ltr'>etc.</span> <span class='ocrx_word' id='word_1_60' title='bbox 779 508 1120 552; x_wconf 64' lang='lat' dir='ltr'>Wormatiensib</span> <span class='ocrx_word' id='word_1_61' title='bbox 1155 513 1358 569; x_wconf 86' lang='lat' dir='ltr'>episcopo</span> <span class='ocrx_word' id='word_1_62' title='bbox 1394 520 1493 555; x_wconf 77' lang='lat' dir='ltr'>etc-,⁰</span> 
     </span>
    </p>

    <p class='ocr_par' dir='ltr' id='par_1_12' title="bbox 183 576 2401 2774">
     <span class='ocr_line' id='line_1_14' title="bbox 342 576 2399 639; baseline 0.005 -22"><span class='ocrx_word' id='word_1_63' title='bbox 342 576 644 619; x_wconf 79' lang='lat' dir='ltr'>Accedentes¹¹</span> <span class='ocrx_word' id='word_1_64' title='bbox 679 577 730 618; x_wconf 81' lang='lat' dir='ltr'>ad</span> <span class='ocrx_word' id='word_1_65' title='bbox 764 580 1030 633; x_wconf 82' lang='lat' dir='ltr'>presentiam</span> <span class='ocrx_word' id='word_1_66' title='bbox 1055 585 1273 622; x_wconf 83' lang='lat' dir='ltr'>nostram⁰</span> <span class='ocrx_word' id='word_1_67' title='bbox 1297 583 1586 624; x_wconf 77' lang='lat' dir='ltr'>venerabiliss</span> <span class='ocrx_word' id='word_1_68' title='bbox 1608 584 1972 639; x_wconf 63' lang='lat' dir='ltr'>Bumbcrgensisss</span> <span class='ocrx_word' id='word_1_69' title='bbox 1996 588 2191 629; x_wconf 48' lang='lat' dir='ltr'>olm-tum·</span> <span class='ocrx_word' id='word_1_70' title='bbox 2216 589 2399 630; x_wconf 76' lang='lat' dir='ltr'>dilectus</span> 
     </span>
     <span class='ocr_line' id='line_1_15' title="bbox 194 646 2399 702; baseline 0.006 -16"><span class='ocrx_word' id='word_1_71' title='bbox 194 646 392 701; x_wconf 90' lang='lat' dir='ltr'>princeps</span> <span class='ocrx_word' id='word_1_72' title='bbox 425 651 571 687; x_wconf 87' lang='lat' dir='ltr'>noster</span> <span class='ocrx_word' id='word_1_73' title='bbox 603 652 645 687; x_wconf 86' lang='lat' dir='ltr'>et</span> <span class='ocrx_word' id='word_1_74' title='bbox 668 646 953 702; x_wconf 68' lang='lat' dir='ltr'>C(on1·adus)i</span> <span class='ocrx_word' id='word_1_75' title='bbox 986 647 1066 688; x_wconf 82' lang='lat' dir='ltr'>dek</span> <span class='ocrx_word' id='word_1_76' title='bbox 1090 649 1317 690; x_wconf 76' lang='lat' dir='ltr'>Hoonloeh</span> <span class='ocrx_word' id='word_1_77' title='bbox 1351 650 1532 692; x_wconf 72' lang='lat' dir='ltr'>dilectus</span> <span class='ocrx_word' id='word_1_78' title='bbox 1565 653 1722 693; x_wconf 74' lang='lat' dir='ltr'>tidelis¹</span> <span class='ocrx_word' id='word_1_79' title='bbox 1757 660 1902 695; x_wconf 76' lang='lat' dir='ltr'>noster</span> <span class='ocrx_word' id='word_1_80' title='bbox 1935 664 2078 696; x_wconf 73' lang='lat' dir='ltr'>nostro</span> <span class='ocrx_word' id='word_1_81' title='bbox 2103 658 2276 698; x_wconf 80' lang='lat' dir='ltr'><strong>culmini</strong></span> <span class='ocrx_word' id='word_1_82' title='bbox 2302 659 2399 699; x_wconf 86' lang='lat' dir='ltr'>inti-</span> 
     </span>
     <span class='ocr_line' id='line_1_16' title="bbox 193 718 2399 780; baseline 0.005 -24"><span class='ocrx_word' id='word_1_83' title='bbox 193 719 365 756; x_wconf 86' lang='lat' dir='ltr'>marunt</span> <span class='ocrx_word' id='word_1_84' title='bbox 398 720 506 756; x_wconf 87' lang='lat' dir='ltr'>tua¹¹¹</span> <span class='ocrx_word' id='word_1_85' title='bbox 539 720 869 771; x_wconf 85' lang='lat' dir='ltr'>ceterorumque</span> <span class='ocrx_word' id='word_1_86' title='bbox 910 718 1150 772; x_wconf 76' lang='lat' dir='ltr'>principum</span> <span class='ocrx_word' id='word_1_87' title='bbox 1185 718 1236 759; x_wconf 87' lang='lat' dir='ltr'>ad</span> <span class='ocrx_word' id='word_1_88' title='bbox 1272 719 1377 759; x_wconf 74' lang='lat' dir='ltr'>lioc¹¹</span> <span class='ocrx_word' id='word_1_89' title='bbox 1411 720 1627 762; x_wconf 68' lang='lat' dir='ltr'>desideria</span> <span class='ocrx_word' id='word_1_90' title='bbox 1660 723 1955 776; x_wconf 63' lang='lat' dir='ltr'>potissimum*</span> <span class='ocrx_word' id='word_1_91' title='bbox 1988 726 2229 780; x_wconf 67' lang='lat' dir='ltr'>us1›i1·ar‹·¹·¹.</span> <span class='ocrx_word' id='word_1_92' title='bbox 2270 733 2314 767; x_wconf 88' lang='lat' dir='ltr'>ut</span> <span class='ocrx_word' id='word_1_93' title='bbox 2347 728 2399 769; x_wconf 84' lang='lat' dir='ltr'>ad</span> 
     </span>
     <span class='ocr_line' id='line_1_17' title="bbox 193 783 2401 846; baseline 0.006 -22"><span class='ocrx_word' id='word_1_94' title='bbox 193 783 384 825; x_wconf 87' lang='lat' dir='ltr'>sedanda</span> <span class='ocrx_word' id='word_1_95' title='bbox 407 783 597 835; x_wconf 82' lang='lat' dir='ltr'>dissidia,</span> <span class='ocrx_word' id='word_1_96' title='bbox 628 798 710 839; x_wconf 91' lang='lat' dir='ltr'>que</span> <span class='ocrx_word' id='word_1_97' title='bbox 735 790 892 826; x_wconf 83' lang='lat' dir='ltr'>statum</span> <span class='ocrx_word' id='word_1_98' title='bbox 919 786 1087 841; x_wconf 87' lang='lat' dir='ltr'>imperii</span> <span class='ocrx_word' id='word_1_99' title='bbox 1114 795 1225 828; x_wconf 87' lang='lat' dir='ltr'>non¹¹</span> <span class='ocrx_word' id='word_1_100' title='bbox 1250 789 1463 829; x_wconf 88' lang='lat' dir='ltr'>modicum</span> <span class='ocrx_word' id='word_1_101' title='bbox 1489 791 1623 830; x_wconf 89' lang='lat' dir='ltr'>multo</span> <span class='ocrx_word' id='word_1_102' title='bbox 1648 798 1841 846; x_wconf 84' lang='lat' dir='ltr'>tempore</span> <span class='ocrx_word' id='word_1_103' title='bbox 1865 794 2158 836; x_wconf 76' lang='lat' dir='ltr'>turbaverunt.</span> <span class='ocrx_word' id='word_1_104' title='bbox 2191 797 2302 837; x_wconf 85' lang='lat' dir='ltr'>inter</span> <span class='ocrx_word' id='word_1_105' title='bbox 2324 812 2401 837; x_wconf 83' lang='lat' dir='ltr'>nos</span> 
     </span>
     <span class='ocr_line' id='line_1_18' title="bbox 194 853 2398 914; baseline 0.003 -19"><span class='ocrx_word' id='word_1_106' title='bbox 194 857 238 895; x_wconf 87' lang='lat' dir='ltr'>et</span> <span class='ocrx_word' id='word_1_107' title='bbox 270 853 497 894; x_wconf 84' lang='lat' dir='ltr'>ecclesiam</span> <span class='ocrx_word' id='word_1_108' title='bbox 532 853 762 895; x_wconf 85' lang='lat' dir='ltr'>concordia</span> <span class='ocrx_word' id='word_1_109' title='bbox 795 854 1064 896; x_wconf 78' lang='lat' dir='ltr'><strong>reformetur.</strong></span> <span class='ocrx_word' id='word_1_110' title='bbox 1129 856 1242 897; x_wconf 83' lang='lat' dir='ltr'>Sane</span> <span class='ocrx_word' id='word_1_111' title='bbox 1277 872 1371 899; x_wconf 91' lang='lat' dir='ltr'>cum</span> <span class='ocrx_word' id='word_1_112' title='bbox 1407 858 1458 899; x_wconf 84' lang='lat' dir='ltr'>ad</span> <span class='ocrx_word' id='word_1_113' title='bbox 1493 860 1811 914; x_wconf 87' lang='lat' dir='ltr'>reprimendum</span> <span class='ocrx_word' id='word_1_114' title='bbox 1839 862 2071 902; x_wconf 76' lang='lat' dir='ltr'>violencias</span> <span class='ocrx_word' id='word_1_115' title='bbox 2106 865 2289 905; x_wconf 67' lang='lat' dir='ltr'>ecclesie</span> <span class='ocrx_word' id='word_1_116' title='bbox 2326 880 2398 905; x_wconf 75' lang='lat' dir='ltr'>nos</span> 
     </span>
     <span class='ocr_line' id='line_1_19' title="bbox 196 923 2398 984; baseline 0.006 -22"><span class='ocrx_word' id='word_1_117' title='bbox 196 929 306 963; x_wconf 71' lang='lat' dir='ltr'>non‘¹</span> <span class='ocrx_word' id='word_1_118' title='bbox 338 923 534 971; x_wconf 79' lang='lat' dir='ltr'>moverit,</span> <span class='ocrx_word' id='word_1_119' title='bbox 568 923 707 978; x_wconf 79' lang='lat' dir='ltr'>quodr</span> <span class='ocrx_word' id='word_1_120' title='bbox 739 923 954 978; x_wconf 85' lang='lat' dir='ltr'>quondam</span> <span class='ocrx_word' id='word_1_121' title='bbox 989 938 1095 980; x_wconf 83' lang='lat' dir='ltr'>papa</span> <span class='ocrx_word' id='word_1_122' title='bbox 1124 925 1386 981; x_wconf 77' lang='lat' dir='ltr'>Gregorius⁸</span> <span class='ocrx_word' id='word_1_123' title='bbox 1421 927 1472 968; x_wconf 87' lang='lat' dir='ltr'>ad</span> <span class='ocrx_word' id='word_1_124' title='bbox 1504 943 1656 984; x_wconf 80' lang='lat' dir='ltr'>preces</span> <span class='ocrx_word' id='word_1_125' title='bbox 1682 934 1724 969; x_wconf 81' lang='lat' dir='ltr'>ct</span> <span class='ocrx_word' id='word_1_126' title='bbox 1748 931 1983 971; x_wconf 73' lang='lat' dir='ltr'>instancias</span> <span class='ocrx_word' id='word_1_127' title='bbox 2010 932 2398 975; x_wconf 67' lang='lat' dir='ltr'>Illcdiolunensium</span> 
     </span>
     <span class='ocr_line' id='line_1_20' title="bbox 192 992 2399 1047; baseline 0.005 -16"><span class='ocrx_word' id='word_1_128' title='bbox 192 993 254 1032; x_wconf 69' lang='lat' dir='ltr'>ett</span> <span class='ocrx_word' id='word_1_129' title='bbox 297 992 554 1047; x_wconf 83' lang='lat' dir='ltr'>complicum</span> <span class='ocrx_word' id='word_1_130' title='bbox 599 1005 794 1043; x_wconf 84' lang='lat' dir='ltr'>suorum,</span> <span class='ocrx_word' id='word_1_131' title='bbox 836 998 1078 1034; x_wconf 87' lang='lat' dir='ltr'>nostrorum</span> <span class='ocrx_word' id='word_1_132' title='bbox 1124 995 1405 1037; x_wconf 82' lang='lat' dir='ltr'>infideliun1&#39;¹.</span> <span class='ocrx_word' id='word_1_133' title='bbox 1449 999 1910 1040; x_wconf 80' lang='lat' dir='ltr'>exconnnunicationis</span> <span class='ocrx_word' id='word_1_134' title='bbox 1952 1002 2210 1042; x_wconf 78' lang='lat' dir='ltr'>sententiam</span> <span class='ocrx_word' id='word_1_135' title='bbox 2253 1009 2399 1043; x_wconf 66' lang='lat' dir='ltr'>contra</span> 
     </span>
     <span class='ocr_line' id='line_1_21' title="bbox 190 1060 2398 1126; baseline 0.005 -25"><span class='ocrx_word' id='word_1_136' title='bbox 190 1068 294 1101; x_wconf 76' lang='lat' dir='ltr'>nosv</span> <span class='ocrx_word' id='word_1_137' title='bbox 328 1075 381 1101; x_wconf 86' lang='lat' dir='ltr'>ex</span> <span class='ocrx_word' id='word_1_138' title='bbox 427 1065 544 1102; x_wconf 90' lang='lat' dir='ltr'>motu</span> <span class='ocrx_word' id='word_1_139' title='bbox 588 1060 814 1116; x_wconf 83' lang='lat' dir='ltr'>inprovide</span> <span class='ocrx_word' id='word_1_140' title='bbox 857 1061 1121 1110; x_wconf 78' lang='lat' dir='ltr'>fulminavit,</span> <span class='ocrx_word' id='word_1_141' title='bbox 1166 1063 1241 1104; x_wconf 88' lang='lat' dir='ltr'>sed</span> <span class='ocrx_word' id='word_1_142' title='bbox 1289 1066 1431 1120; x_wconf 83' lang='lat' dir='ltr'>potius</span> <span class='ocrx_word' id='word_1_143' title='bbox 1466 1080 1640 1107; x_wconf 78' lang='lat' dir='ltr'>causam</span> <span class='ocrx_word' id='word_1_144' title='bbox 1690 1067 1810 1108; x_wconf 89' lang='lat' dir='ltr'>nobis</span> <span class='ocrx_word' id='word_1_145' title='bbox 1844 1068 2012 1109; x_wconf 84' lang='lat' dir='ltr'>dederit</span> <span class='ocrx_word' id='word_1_146' title='bbox 2046 1075 2181 1111; x_wconf 75' lang='lat' dir='ltr'>terras</span> <span class='ocrx_word' id='word_1_147' title='bbox 2217 1072 2398 1126; x_wconf 86' lang='lat' dir='ltr'>imperii,</span> 
     </span>
     <span class='ocr_line' id='line_1_22' title="bbox 191 1130 2399 1194; baseline 0.005 -25"><span class='ocrx_word' id='word_1_148' title='bbox 191 1143 296 1186; x_wconf 85' lang='lat' dir='ltr'>quas</span> <span class='ocrx_word' id='word_1_149' title='bbox 342 1130 542 1171; x_wconf 87' lang='lat' dir='ltr'>iniuriose</span> <span class='ocrx_word' id='word_1_150' title='bbox 587 1130 764 1171; x_wconf 86' lang='lat' dir='ltr'>tenebat</span> <span class='ocrx_word' id='word_1_151' title='bbox 802 1131 1036 1181; x_wconf 71' lang='lat' dir='ltr'>ecclesiaw,</span> <span class='ocrx_word' id='word_1_152' title='bbox 1080 1132 1134 1173; x_wconf 91' lang='lat' dir='ltr'>ad</span> <span class='ocrx_word' id='word_1_153' title='bbox 1168 1133 1232 1173; x_wconf 89' lang='lat' dir='ltr'>ius</span> <span class='ocrx_word' id='word_1_154' title='bbox 1267 1139 1309 1174; x_wconf 90' lang='lat' dir='ltr'>et</span> <span class='ocrx_word' id='word_1_155' title='bbox 1341 1133 1579 1175; x_wconf 90' lang='lat' dir='ltr'>dominium</span> <span class='ocrx_word' id='word_1_156' title='bbox 1621 1136 1785 1192; x_wconf 89' lang='lat' dir='ltr'>imperii</span> <span class='ocrx_word' id='word_1_157' title='bbox 1820 1138 2095 1181; x_wconf 65' lang='lat' dir='ltr'>revocandix.</span> <span class='ocrx_word' id='word_1_158' title='bbox 2140 1139 2252 1194; x_wconf 87' lang='lat' dir='ltr'>quod</span> <span class='ocrx_word' id='word_1_159' title='bbox 2287 1140 2399 1181; x_wconf 87' lang='lat' dir='ltr'>idem</span> 
     </span>
     <span class='ocr_line' id='line_1_23' title="bbox 191 1198 2395 1256; baseline 0.005 -18"><span class='ocrx_word' id='word_1_160' title='bbox 191 1212 320 1255; x_wconf 84' lang='lat' dir='ltr'>papa,</span> <span class='ocrx_word' id='word_1_161' title='bbox 364 1198 609 1254; x_wconf 85' lang='lat' dir='ltr'>G(regorio)</span> <span class='ocrx_word' id='word_1_162' title='bbox 651 1199 704 1240; x_wconf 91' lang='lat' dir='ltr'>de</span> <span class='ocrx_word' id='word_1_163' title='bbox 743 1200 1023 1256; x_wconf 87' lang='lat' dir='ltr'>Montelongo</span> <span class='ocrx_word' id='word_1_164' title='bbox 1073 1201 1216 1256; x_wconf 84' lang='lat' dir='ltr'>legato</span> <span class='ocrx_word' id='word_1_165' title='bbox 1265 1217 1342 1244; x_wconf 89' lang='lat' dir='ltr'>suo</span> <span class='ocrx_word' id='word_1_166' title='bbox 1387 1209 1536 1245; x_wconf 84' lang='lat' dir='ltr'>contra</span> <span class='ocrx_word' id='word_1_167' title='bbox 1580 1219 1655 1245; x_wconf 90' lang='lat' dir='ltr'>nos</span> <span class='ocrx_word' id='word_1_168' title='bbox 1702 1206 1742 1246; x_wconf 93' lang='lat' dir='ltr'>in</span> <span class='ocrx_word' id='word_1_169' title='bbox 1787 1206 2095 1248; x_wconf 79' lang='lat' dir='ltr'>Lombardiam</span> <span class='ocrx_word' id='word_1_170' title='bbox 2135 1209 2187 1249; x_wconf 86' lang='lat' dir='ltr'>ad</span> <span class='ocrx_word' id='word_1_171' title='bbox 2231 1208 2395 1250; x_wconf 82' lang='lat' dir='ltr'>Medio-</span> 
     </span>
     <span class='ocr_line' id='line_1_24' title="bbox 191 1267 2397 1332; baseline 0.005 -23"><span class='ocrx_word' id='word_1_172' title='bbox 191 1268 396 1310; x_wconf 90' lang='lat' dir='ltr'>lanenses</span> <span class='ocrx_word' id='word_1_173' title='bbox 437 1267 652 1324; x_wconf 87' lang='lat' dir='ltr'>predictos</span> <span class='ocrx_word' id='word_1_174' title='bbox 693 1273 949 1324; x_wconf 89' lang='lat' dir='ltr'>ceterosque</span> <span class='ocrx_word' id='word_1_175' title='bbox 993 1269 1179 1312; x_wconf 79' lang='lat' dir='ltr'><strong>rebelles</strong></span> <span class='ocrx_word' id='word_1_176' title='bbox 1220 1276 1392 1313; x_wconf 87' lang='lat' dir='ltr'>nostros</span> <span class='ocrx_word' id='word_1_177' title='bbox 1427 1273 1577 1324; x_wconf 89' lang='lat' dir='ltr'>misso,</span> <span class='ocrx_word' id='word_1_178' title='bbox 1624 1288 1720 1315; x_wconf 88' lang='lat' dir='ltr'>cum</span> <span class='ocrx_word' id='word_1_179' title='bbox 1754 1276 1884 1316; x_wconf 88' lang='lat' dir='ltr'>armis</span> <span class='ocrx_word' id='word_1_180' title='bbox 1917 1275 2222 1332; x_wconf 84' lang='lat' dir='ltr'>depopulando</span> <span class='ocrx_word' id='word_1_181' title='bbox 2260 1282 2397 1319; x_wconf 82' lang='lat' dir='ltr'>terras</span> 
     </span>
     <span class='ocr_line' id='line_1_25' title="bbox 190 1337 2398 1402; baseline 0.005 -25"><span class='ocrx_word' id='word_1_182' title='bbox 190 1341 360 1378; x_wconf 86' lang='lat' dir='ltr'>nostras</span> <span class='ocrx_word' id='word_1_183' title='bbox 402 1342 444 1378; x_wconf 92' lang='lat' dir='ltr'>et</span> <span class='ocrx_word' id='word_1_184' title='bbox 486 1350 634 1378; x_wconf 90' lang='lat' dir='ltr'>eorum</span> <span class='ocrx_word' id='word_1_185' title='bbox 678 1337 887 1378; x_wconf 89' lang='lat' dir='ltr'>incendiis</span> <span class='ocrx_word' id='word_1_186' title='bbox 928 1338 1144 1380; x_wconf 89' lang='lat' dir='ltr'>hostiliter</span> <span class='ocrx_word' id='word_1_187' title='bbox 1185 1344 1251 1381; x_wconf 89' lang='lat' dir='ltr'>est</span> <span class='ocrx_word' id='word_1_188' title='bbox 1291 1349 1571 1396; x_wconf 65' lang='lat' dir='ltr'>aggressusy:</span> <span class='ocrx_word' id='word_1_189' title='bbox 1617 1357 1714 1384; x_wconf 91' lang='lat' dir='ltr'>cum</span> <span class='ocrx_word' id='word_1_190' title='bbox 1756 1345 1900 1400; x_wconf 86' lang='lat' dir='ltr'>itaque</span> <span class='ocrx_word' id='word_1_191' title='bbox 1941 1346 2114 1387; x_wconf 84' lang='lat' dir='ltr'>liceretz</span> <span class='ocrx_word' id='word_1_192' title='bbox 2157 1347 2280 1387; x_wconf 87' lang='lat' dir='ltr'>nobis</span> <span class='ocrx_word' id='word_1_193' title='bbox 2323 1362 2398 1402; x_wconf 90' lang='lat' dir='ltr'>pro</span> 
     </span>
     <span class='ocr_line' id='line_1_26' title="bbox 191 1405 2400 1470; baseline 0.005 -23"><span class='ocrx_word' id='word_1_194' title='bbox 191 1405 474 1448; x_wconf 75' lang='lat' dir='ltr'>defensione⁸</span> <span class='ocrx_word' id='word_1_195' title='bbox 506 1406 746 1448; x_wconf 70' lang='lat' dir='ltr'>bonorumb</span> <span class='ocrx_word' id='word_1_196' title='bbox 780 1411 823 1448; x_wconf 85' lang='lat' dir='ltr'>et</span> <span class='ocrx_word' id='word_1_197' title='bbox 856 1407 1037 1448; x_wconf 80' lang='lat' dir='ltr'>iuriume</span> <span class='ocrx_word' id='word_1_198' title='bbox 1069 1408 1237 1464; x_wconf 89' lang='lat' dir='ltr'>imperii</span> <span class='ocrx_word' id='word_1_199' title='bbox 1271 1414 1357 1451; x_wconf 86' lang='lat' dir='ltr'>tam</span> <span class='ocrx_word' id='word_1_200' title='bbox 1392 1415 1593 1453; x_wconf 84' lang='lat' dir='ltr'><strong>recentes</strong></span> <span class='ocrx_word' id='word_1_201' title='bbox 1629 1413 1806 1454; x_wconf 85' lang='lat' dir='ltr'>iniurias</span> <span class='ocrx_word' id='word_1_202' title='bbox 1840 1419 2021 1465; x_wconf 85' lang='lat' dir='ltr'>nostras,</span> <span class='ocrx_word' id='word_1_203' title='bbox 2056 1429 2162 1470; x_wconf 75' lang='lat' dir='ltr'>quas</span> <span class='ocrx_word' id='word_1_204' title='bbox 2186 1416 2400 1457; x_wconf 83' lang='lat' dir='ltr'>inferebat</span> 
     </span>
     <span class='ocr_line' id='line_1_27' title="bbox 191 1474 2397 1539; baseline 0.005 -23"><span class='ocrx_word' id='word_1_205' title='bbox 191 1474 416 1525; x_wconf 61' lang='lat' dir='ltr'>ecclesiast,</span> <span class='ocrx_word' id='word_1_206' title='bbox 451 1475 618 1516; x_wconf 91' lang='lat' dir='ltr'>iniuriis</span> <span class='ocrx_word' id='word_1_207' title='bbox 652 1476 927 1531; x_wconf 75' lang='lat' dir='ltr'>propulsare,</span> <span class='ocrx_word' id='word_1_208' title='bbox 965 1491 1042 1517; x_wconf 89' lang='lat' dir='ltr'>nos</span> <span class='ocrx_word' id='word_1_209' title='bbox 1076 1477 1247 1518; x_wconf 89' lang='lat' dir='ltr'>sublato</span> <span class='ocrx_word' id='word_1_210' title='bbox 1282 1478 1334 1519; x_wconf 90' lang='lat' dir='ltr'>de</span> <span class='ocrx_word' id='word_1_211' title='bbox 1368 1479 1510 1521; x_wconf 90' lang='lat' dir='ltr'>medio</span> <span class='ocrx_word' id='word_1_212' title='bbox 1544 1480 1657 1522; x_wconf 89' lang='lat' dir='ltr'>dicto</span> <span class='ocrx_word' id='word_1_213' title='bbox 1690 1496 1803 1538; x_wconf 88' lang='lat' dir='ltr'>papa</span> <span class='ocrx_word' id='word_1_214' title='bbox 1836 1481 1901 1533; x_wconf 84' lang='lat' dir='ltr'>G.,</span> <span class='ocrx_word' id='word_1_215' title='bbox 1937 1485 2006 1538; x_wconf 95' lang='lat' dir='ltr'>qui</span> <span class='ocrx_word' id='word_1_216' title='bbox 2040 1484 2198 1539; x_wconf 79' lang='lat' dir='ltr'>publici</span> <span class='ocrx_word' id='word_1_217' title='bbox 2233 1484 2397 1526; x_wconf 78' lang='lat' dir='ltr'>dissidii</span> 
     </span>
     <span class='ocr_line' id='line_1_28' title="bbox 191 1543 2400 1602; baseline 0.005 -18"><span class='ocrx_word' id='word_1_218' title='bbox 191 1543 397 1585; x_wconf 87' lang='lat' dir='ltr'>scandala</span> <span class='ocrx_word' id='word_1_219' title='bbox 437 1544 731 1595; x_wconf 82' lang='lat' dir='ltr'>ministrabat,</span> <span class='ocrx_word' id='word_1_220' title='bbox 776 1552 952 1600; x_wconf 78' lang='lat' dir='ltr'>pacem⁰</span> <span class='ocrx_word' id='word_1_221' title='bbox 992 1560 1163 1602; x_wconf 90' lang='lat' dir='ltr'>semper</span> <span class='ocrx_word' id='word_1_222' title='bbox 1205 1548 1504 1590; x_wconf 84' lang='lat' dir='ltr'>affectavimus</span> <span class='ocrx_word' id='word_1_223' title='bbox 1549 1555 1593 1591; x_wconf 90' lang='lat' dir='ltr'>et</span> <span class='ocrx_word' id='word_1_224' title='bbox 1634 1551 1916 1592; x_wconf 80' lang='lat' dir='ltr'>affectamuss</span> <span class='ocrx_word' id='word_1_225' title='bbox 1946 1567 2040 1594; x_wconf 90' lang='lat' dir='ltr'>cum</span> <span class='ocrx_word' id='word_1_226' title='bbox 2083 1558 2220 1594; x_wconf 87' lang='lat' dir='ltr'>matre</span> <span class='ocrx_word' id='word_1_227' title='bbox 2254 1559 2400 1595; x_wconf 86' lang='lat' dir='ltr'>nostra</span> 
     </span>
     <span class='ocr_line' id='line_1_29' title="bbox 192 1613 2395 1677; baseline 0.005 -23"><span class='ocrx_word' id='word_1_228' title='bbox 192 1613 378 1655; x_wconf 90' lang='lat' dir='ltr'>ecclesia</span> <span class='ocrx_word' id='word_1_229' title='bbox 417 1613 633 1665; x_wconf 87' lang='lat' dir='ltr'>obtinere,</span> <span class='ocrx_word' id='word_1_230' title='bbox 677 1614 787 1654; x_wconf 86' lang='lat' dir='ltr'>sicut</span> <span class='ocrx_word' id='word_1_231' title='bbox 819 1628 897 1670; x_wconf 91' lang='lat' dir='ltr'>per</span> <span class='ocrx_word' id='word_1_232' title='bbox 929 1614 1267 1658; x_wconf 70' lang='lat' dir='ltr'>liberacionemss</span> <span class='ocrx_word' id='word_1_233' title='bbox 1301 1617 1582 1659; x_wconf 85' lang='lat' dir='ltr'>cardinalium</span> <span class='ocrx_word' id='word_1_234' title='bbox 1617 1624 1658 1660; x_wconf 90' lang='lat' dir='ltr'>et</span> <span class='ocrx_word' id='word_1_235' title='bbox 1690 1621 1974 1674; x_wconf 76' lang='lat' dir='ltr'>prelatorum,</span> <span class='ocrx_word' id='word_1_236' title='bbox 2017 1637 2123 1677; x_wconf 88' lang='lat' dir='ltr'>quos</span> <span class='ocrx_word' id='word_1_237' title='bbox 2157 1623 2210 1663; x_wconf 85' lang='lat' dir='ltr'>ad</span> <span class='ocrx_word' id='word_1_238' title='bbox 2245 1638 2395 1665; x_wconf 85' lang='lat' dir='ltr'>manus</span> 
     </span>
     <span class='ocr_line' id='line_1_30' title="bbox 187 1682 2396 1745; baseline 0.005 -22"><span class='ocrx_word' id='word_1_239' title='bbox 187 1687 358 1724; x_wconf 87' lang='lat' dir='ltr'>nostras</span> <span class='ocrx_word' id='word_1_240' title='bbox 393 1683 494 1724; x_wconf 89' lang='lat' dir='ltr'>iusti</span> <span class='ocrx_word' id='word_1_241' title='bbox 527 1683 630 1724; x_wconf 92' lang='lat' dir='ltr'>belli</span> <span class='ocrx_word' id='word_1_242' title='bbox 663 1697 793 1724; x_wconf 83' lang='lat' dir='ltr'>causa</span> <span class='ocrx_word' id='word_1_243' title='bbox 825 1682 1081 1732; x_wconf 78' lang='lat' dir='ltr'>deduxerat,</span> <span class='ocrx_word' id='word_1_244' title='bbox 1116 1690 1159 1726; x_wconf 86' lang='lat' dir='ltr'>et</span> <span class='ocrx_word' id='word_1_245' title='bbox 1193 1686 1278 1727; x_wconf 88' lang='lat' dir='ltr'>alia</span> <span class='ocrx_word' id='word_1_246' title='bbox 1309 1687 1445 1728; x_wconf 87' lang='lat' dir='ltr'>multa</span> <span class='ocrx_word' id='word_1_247' title='bbox 1469 1701 1551 1742; x_wconf 90' lang='lat' dir='ltr'>que</span> <span class='ocrx_word' id='word_1_248' title='bbox 1574 1688 1770 1737; x_wconf 89' lang='lat' dir='ltr'>fecimus,</span> <span class='ocrx_word' id='word_1_249' title='bbox 1804 1690 1965 1745; x_wconf 91' lang='lat' dir='ltr'>liquido</span> <span class='ocrx_word' id='word_1_250' title='bbox 1991 1691 2233 1735; x_wconf 88' lang='lat' dir='ltr'>innotescit.</span> <span class='ocrx_word' id='word_1_251' title='bbox 2289 1692 2396 1734; x_wconf 87' lang='lat' dir='ltr'>Cum</span> 
     </span>
     <span class='ocr_line' id='line_1_31' title="bbox 188 1751 2398 1813; baseline 0.004 -20"><span class='ocrx_word' id='word_1_252' title='bbox 188 1752 231 1793; x_wconf 92' lang='lat' dir='ltr'>in</span> <span class='ocrx_word' id='word_1_253' title='bbox 264 1752 359 1793; x_wconf 89' lang='lat' dir='ltr'>loco</span> <span class='ocrx_word' id='word_1_254' title='bbox 391 1751 619 1808; x_wconf 89' lang='lat' dir='ltr'>prescripti</span> <span class='ocrx_word' id='word_1_255' title='bbox 651 1766 762 1808; x_wconf 88' lang='lat' dir='ltr'>pape</span> <span class='ocrx_word' id='word_1_256' title='bbox 786 1751 838 1793; x_wconf 84' lang='lat' dir='ltr'>G.</span> <span class='ocrx_word' id='word_1_257' title='bbox 873 1757 1022 1808; x_wconf 88' lang='lat' dir='ltr'>pastor</span> <span class='ocrx_word' id='word_1_258' title='bbox 1056 1753 1252 1808; x_wconf 80' lang='lat' dir='ltr'>ydoneus</span> <span class='ocrx_word' id='word_1_259' title='bbox 1288 1756 1560 1806; x_wconf 88' lang='lat' dir='ltr'>successerit,</span> <span class='ocrx_word' id='word_1_260' title='bbox 1596 1771 1723 1811; x_wconf 89' lang='lat' dir='ltr'>quem</span> <span class='ocrx_word' id='word_1_261' title='bbox 1756 1759 1876 1813; x_wconf 86' lang='lat' dir='ltr'>pacis</span> <span class='ocrx_word' id='word_1_262' title='bbox 1911 1764 1952 1800; x_wconf 89' lang='lat' dir='ltr'>et</span> <span class='ocrx_word' id='word_1_263' title='bbox 1985 1760 2152 1801; x_wconf 88' lang='lat' dir='ltr'>iusticie</span> <span class='ocrx_word' id='word_1_264' title='bbox 2184 1761 2398 1802; x_wconf 79' lang='lat' dir='ltr'>credimus</span> 
     </span>
     <span class='ocr_line' id='line_1_32' title="bbox 188 1820 2397 1885; baseline 0.004 -23"><span class='ocrx_word' id='word_1_265' title='bbox 188 1821 443 1872; x_wconf 85' lang='lat' dir='ltr'>zelatorem,</span> <span class='ocrx_word' id='word_1_266' title='bbox 488 1835 635 1862; x_wconf 92' lang='lat' dir='ltr'>secum</span> <span class='ocrx_word' id='word_1_267' title='bbox 677 1820 731 1862; x_wconf 87' lang='lat' dir='ltr'>ad</span> <span class='ocrx_word' id='word_1_268' title='bbox 773 1821 974 1862; x_wconf 89' lang='lat' dir='ltr'>salutaris</span> <span class='ocrx_word' id='word_1_269' title='bbox 1009 1823 1236 1865; x_wconf 85' lang='lat' dir='ltr'>concordie</span> <span class='ocrx_word' id='word_1_270' title='bbox 1280 1823 1420 1866; x_wconf 89' lang='lat' dir='ltr'>redire</span> <span class='ocrx_word' id='word_1_271' title='bbox 1466 1826 1749 1881; x_wconf 88' lang='lat' dir='ltr'>proponimus</span> <span class='ocrx_word' id='word_1_272' title='bbox 1791 1827 1999 1869; x_wconf 88' lang='lat' dir='ltr'>unitatem</span> <span class='ocrx_word' id='word_1_273' title='bbox 2043 1834 2173 1870; x_wconf 82' lang='lat' dir='ltr'>etex</span> <span class='ocrx_word' id='word_1_274' title='bbox 2208 1831 2397 1885; x_wconf 89' lang='lat' dir='ltr'>presenti</span> 
     </span>
     <span class='ocr_line' id='line_1_33' title="bbox 187 1890 2396 1954; baseline 0.004 -23"><span class='ocrx_word' id='word_1_275' title='bbox 187 1894 394 1941; x_wconf 85' lang='lat' dir='ltr'>tractatu,</span> <span class='ocrx_word' id='word_1_276' title='bbox 436 1890 507 1946; x_wconf 92' lang='lat' dir='ltr'>qui</span> <span class='ocrx_word' id='word_1_277' title='bbox 545 1890 656 1932; x_wconf 89' lang='lat' dir='ltr'>inter</span> <span class='ocrx_word' id='word_1_278' title='bbox 693 1903 769 1931; x_wconf 90' lang='lat' dir='ltr'>nos</span> <span class='ocrx_word' id='word_1_279' title='bbox 820 1894 862 1931; x_wconf 88' lang='lat' dir='ltr'>et</span> <span class='ocrx_word' id='word_1_280' title='bbox 910 1891 1139 1933; x_wconf 88' lang='lat' dir='ltr'>ecclesiam</span> <span class='ocrx_word' id='word_1_281' title='bbox 1187 1907 1262 1948; x_wconf 92' lang='lat' dir='ltr'>per</span> <span class='ocrx_word' id='word_1_282' title='bbox 1307 1894 1507 1935; x_wconf 84' lang='lat' dir='ltr'>comitem</span> <span class='ocrx_word' id='word_1_283' title='bbox 1556 1894 1882 1936; x_wconf 87' lang='lat' dir='ltr'>Tholosanumh</span> <span class='ocrx_word' id='word_1_284' title='bbox 1927 1900 2120 1940; x_wconf 88' lang='lat' dir='ltr'>vertitur.</span> <span class='ocrx_word' id='word_1_285' title='bbox 2171 1913 2396 1954; x_wconf 83' lang='lat' dir='ltr'>speramus</span> 
     </span>
     <span class='ocr_line' id='line_1_34' title="bbox 190 1960 2397 2022; baseline 0.004 -22"><span class='ocrx_word' id='word_1_286' title='bbox 190 1964 379 2016; x_wconf 84' lang='lat' dir='ltr'>optatam</span> <span class='ocrx_word' id='word_1_287' title='bbox 413 1974 563 2016; x_wconf 86' lang='lat' dir='ltr'>pacem</span> <span class='ocrx_word' id='word_1_288' title='bbox 597 1960 640 2000; x_wconf 93' lang='lat' dir='ltr'>in</span> <span class='ocrx_word' id='word_1_289' title='bbox 671 1960 866 2015; x_wconf 80' lang='lat' dir='ltr'>proximo</span> <span class='ocrx_word' id='word_1_290' title='bbox 906 1974 1219 2003; x_wconf 86' lang='lat' dir='ltr'>successuram.</span> <span class='ocrx_word' id='word_1_291' title='bbox 1274 1962 1408 2004; x_wconf 88' lang='lat' dir='ltr'>Porro</span> <span class='ocrx_word' id='word_1_292' title='bbox 1442 1977 1537 2004; x_wconf 90' lang='lat' dir='ltr'>cum</span> <span class='ocrx_word' id='word_1_293' title='bbox 1571 1964 1742 2020; x_wconf 90' lang='lat' dir='ltr'>imperii</span> <span class='ocrx_word' id='word_1_294' title='bbox 1774 1965 1989 2022; x_wconf 88' lang='lat' dir='ltr'>principes</span> <span class='ocrx_word' id='word_1_295' title='bbox 2020 1966 2181 2008; x_wconf 88' lang='lat' dir='ltr'>nobilia</span> <span class='ocrx_word' id='word_1_296' title='bbox 2204 1967 2397 2008; x_wconf 87' lang='lat' dir='ltr'>membra</span> 
     </span>
     <span class='ocr_line' id='line_1_35' title="bbox 187 2028 2393 2091; baseline 0.005 -23"><span class='ocrx_word' id='word_1_297' title='bbox 187 2028 271 2069; x_wconf 91' lang='lat' dir='ltr'>sint</span> <span class='ocrx_word' id='word_1_298' title='bbox 310 2029 500 2085; x_wconf 90' lang='lat' dir='ltr'>corporis</span> <span class='ocrx_word' id='word_1_299' title='bbox 540 2029 694 2080; x_wconf 86' lang='lat' dir='ltr'>nostri,</span> <span class='ocrx_word' id='word_1_300' title='bbox 739 2029 782 2069; x_wconf 91' lang='lat' dir='ltr'>in</span> <span class='ocrx_word' id='word_1_301' title='bbox 815 2029 970 2084; x_wconf 81' lang='lat' dir='ltr'>quibus</span> <span class='ocrx_word' id='word_1_302' title='bbox 1010 2030 1246 2086; x_wconf 89' lang='lat' dir='ltr'>imperialis</span> <span class='ocrx_word' id='word_1_303' title='bbox 1281 2031 1418 2073; x_wconf 88' lang='lat' dir='ltr'>sedisi</span> <span class='ocrx_word' id='word_1_304' title='bbox 1451 2033 1642 2088; x_wconf 86' lang='lat' dir='ltr'>iungitur</span> <span class='ocrx_word' id='word_1_305' title='bbox 1673 2033 1914 2089; x_wconf 73' lang='lat' dir='ltr'>potestask‚</span> <span class='ocrx_word' id='word_1_306' title='bbox 1959 2035 2018 2077; x_wconf 90' lang='lat' dir='ltr'>et¹</span> <span class='ocrx_word' id='word_1_307' title='bbox 2051 2049 2117 2086; x_wconf 81' lang='lat' dir='ltr'>ea,</span> <span class='ocrx_word' id='word_1_308' title='bbox 2155 2050 2236 2091; x_wconf 90' lang='lat' dir='ltr'>que</span> <span class='ocrx_word' id='word_1_309' title='bbox 2269 2037 2393 2077; x_wconf 88' lang='lat' dir='ltr'>nobis</span> 
     </span>
     <span class='ocr_line' id='line_1_36' title="bbox 188 2097 2393 2161; baseline 0.004 -23"><span class='ocrx_word' id='word_1_310' title='bbox 188 2097 456 2150; x_wconf 85' lang='lat' dir='ltr'>incumbunt,</span> <span class='ocrx_word' id='word_1_311' title='bbox 492 2098 782 2153; x_wconf 76' lang='lat' dir='ltr'>contingantnn</span> <span class='ocrx_word' id='word_1_312' title='bbox 814 2099 1040 2154; x_wconf 85' lang='lat' dir='ltr'>imperium</span> <span class='ocrx_word' id='word_1_313' title='bbox 1075 2105 1117 2141; x_wconf 90' lang='lat' dir='ltr'>et</span> <span class='ocrx_word' id='word_1_314' title='bbox 1150 2101 1400 2156; x_wconf 85' lang='lat' dir='ltr'>specialiter</span> <span class='ocrx_word' id='word_1_315' title='bbox 1433 2102 1627 2156; x_wconf 84' lang='lat' dir='ltr'>singulos</span> <span class='ocrx_word' id='word_1_316' title='bbox 1659 2117 1707 2143; x_wconf 86' lang='lat' dir='ltr'>ac</span> <span class='ocrx_word' id='word_1_317' title='bbox 1737 2104 2001 2158; x_wconf 88' lang='lat' dir='ltr'>generaliter</span> <span class='ocrx_word' id='word_1_318' title='bbox 2023 2105 2262 2155; x_wconf 56' lang='lat' dir='ltr'>universos</span> <span class='ocrx_word' id='word_1_319' title='bbox 2298 2120 2393 2161; x_wconf 90' lang='lat' dir='ltr'>pre-</span> 
     </span>
     <span class='ocr_line' id='line_1_37' title="bbox 189 2166 2396 2230; baseline 0.005 -24"><span class='ocrx_word' id='word_1_320' title='bbox 189 2166 379 2207; x_wconf 86' lang='lat' dir='ltr'>senciam</span> <span class='ocrx_word' id='word_1_321' title='bbox 414 2168 602 2208; x_wconf 88' lang='lat' dir='ltr'>omnium</span> <span class='ocrx_word' id='word_1_322' title='bbox 637 2172 864 2209; x_wconf 80' lang='lat' dir='ltr'>tenemurn</span> <span class='ocrx_word' id='word_1_323' title='bbox 895 2169 1129 2210; x_wconf 88' lang='lat' dir='ltr'>instantius</span> <span class='ocrx_word' id='word_1_324' title='bbox 1154 2184 1351 2218; x_wconf 84' lang='lat' dir='ltr'>evocare,</span> <span class='ocrx_word' id='word_1_325' title='bbox 1385 2176 1431 2212; x_wconf 91' lang='lat' dir='ltr'>ut</span> <span class='ocrx_word' id='word_1_326' title='bbox 1453 2171 1566 2226; x_wconf 89' lang='lat' dir='ltr'>quod</span> <span class='ocrx_word' id='word_1_327' title='bbox 1590 2173 1731 2228; x_wconf 84' lang='lat' dir='ltr'>tangit</span> <span class='ocrx_word' id='word_1_328' title='bbox 1752 2187 1915 2225; x_wconf 85' lang='lat' dir='ltr'>omnes,</span> <span class='ocrx_word' id='word_1_329' title='bbox 1940 2175 1993 2216; x_wconf 87' lang='lat' dir='ltr'>ab</span> <span class='ocrx_word' id='word_1_330' title='bbox 2017 2175 2214 2216; x_wconf 90' lang='lat' dir='ltr'>omnibus</span> <span class='ocrx_word' id='word_1_331' title='bbox 2237 2189 2396 2230; x_wconf 88' lang='lat' dir='ltr'>appro—</span> 
     </span>
     <span class='ocr_line' id='line_1_38' title="bbox 187 2235 2394 2296; baseline 0.004 -20"><span class='ocrx_word' id='word_1_332' title='bbox 187 2235 327 2277; x_wconf 90' lang='lat' dir='ltr'>betur.</span> <span class='ocrx_word' id='word_1_333' title='bbox 389 2236 651 2278; x_wconf 87' lang='lat' dir='ltr'>Industriam</span> <span class='ocrx_word' id='word_1_334' title='bbox 691 2242 808 2278; x_wconf 89' lang='lat' dir='ltr'>tuam</span> <span class='ocrx_word' id='word_1_335' title='bbox 850 2237 1073 2279; x_wconf 85' lang='lat' dir='ltr'>hortamur</span> <span class='ocrx_word' id='word_1_336' title='bbox 1117 2244 1301 2291; x_wconf 85' lang='lat' dir='ltr'>attente,</span> <span class='ocrx_word' id='word_1_337' title='bbox 1346 2245 1579 2296; x_wconf 87' lang='lat' dir='ltr'>quatenus,</span> <span class='ocrx_word' id='word_1_338' title='bbox 1622 2249 1747 2282; x_wconf 82' lang='lat' dir='ltr'>cun1⁰</span> <span class='ocrx_word' id='word_1_339' title='bbox 1785 2243 1839 2284; x_wconf 88' lang='lat' dir='ltr'>ad</span> <span class='ocrx_word' id='word_1_340' title='bbox 1881 2248 2109 2285; x_wconf 87' lang='lat' dir='ltr'>tractatum</span> <span class='ocrx_word' id='word_1_341' title='bbox 2144 2244 2195 2285; x_wconf 92' lang='lat' dir='ltr'>de</span> <span class='ocrx_word' id='word_1_342' title='bbox 2230 2246 2394 2285; x_wconf 89' lang='lat' dir='ltr'>comuni</span> 
     </span>
     <span class='ocr_line' id='line_1_39' title="bbox 187 2303 2394 2369; baseline 0.005 -24"><span class='ocrx_word' id='word_1_343' title='bbox 187 2303 351 2346; x_wconf 91' lang='lat' dir='ltr'>honore</span> <span class='ocrx_word' id='word_1_344' title='bbox 384 2309 427 2346; x_wconf 90' lang='lat' dir='ltr'>et</span> <span class='ocrx_word' id='word_1_345' title='bbox 457 2306 644 2348; x_wconf 85' lang='lat' dir='ltr'>utilitate</span> <span class='ocrx_word' id='word_1_346' title='bbox 678 2311 827 2348; x_wconf 87' lang='lat' dir='ltr'>nostra</span> <span class='ocrx_word' id='word_1_347' title='bbox 859 2311 901 2348; x_wconf 93' lang='lat' dir='ltr'>et</span> <span class='ocrx_word' id='word_1_348' title='bbox 933 2308 1179 2364; x_wconf 87' lang='lat' dir='ltr'>principum</span> <span class='ocrx_word' id='word_1_349' title='bbox 1212 2311 1464 2364; x_wconf 86' lang='lat' dir='ltr'>generalem</span> <span class='ocrx_word' id='word_1_350' title='bbox 1498 2311 1659 2352; x_wconf 88' lang='lat' dir='ltr'>curiam</span> <span class='ocrx_word' id='word_1_351' title='bbox 1693 2312 1806 2367; x_wconf 89' lang='lat' dir='ltr'>apud</span> <span class='ocrx_word' id='word_1_352' title='bbox 1830 2312 2049 2354; x_wconf 86' lang='lat' dir='ltr'>Veronam</span> <span class='ocrx_word' id='word_1_353' title='bbox 2083 2312 2272 2354; x_wconf 88' lang='lat' dir='ltr'>indicere</span> <span class='ocrx_word' id='word_1_354' title='bbox 2296 2328 2394 2369; x_wconf 90' lang='lat' dir='ltr'>pro-</span> 
     </span>
     <span class='ocr_line' id='line_1_40' title="bbox 185 2374 2392 2437; baseline 0.004 -23"><span class='ocrx_word' id='word_1_355' title='bbox 185 2387 410 2429; x_wconf 87' lang='lat' dir='ltr'>ponamus,</span> <span class='ocrx_word' id='word_1_356' title='bbox 443 2378 490 2415; x_wconf 91' lang='lat' dir='ltr'>ut</span> <span class='ocrx_word' id='word_1_357' title='bbox 522 2374 564 2415; x_wconf 94' lang='lat' dir='ltr'>in</span> <span class='ocrx_word' id='word_1_358' title='bbox 598 2379 684 2416; x_wconf 89' lang='lat' dir='ltr'>tam</span> <span class='ocrx_word' id='word_1_359' title='bbox 719 2375 949 2432; x_wconf 91' lang='lat' dir='ltr'>sollempni</span> <span class='ocrx_word' id='word_1_360' title='bbox 983 2381 1026 2417; x_wconf 90' lang='lat' dir='ltr'>et</span> <span class='ocrx_word' id='word_1_361' title='bbox 1059 2376 1192 2418; x_wconf 88' lang='lat' dir='ltr'>arduo</span> <span class='ocrx_word' id='word_1_362' title='bbox 1218 2378 1413 2433; x_wconf 86' lang='lat' dir='ltr'>negocio,</span> <span class='ocrx_word' id='word_1_363' title='bbox 1448 2379 1559 2434; x_wconf 91' lang='lat' dir='ltr'>quod</span> <span class='ocrx_word' id='word_1_364' title='bbox 1585 2384 1651 2421; x_wconf 88' lang='lat' dir='ltr'>est</span> <span class='ocrx_word' id='word_1_365' title='bbox 1674 2381 1848 2436; x_wconf 91' lang='lat' dir='ltr'>proprie</span> <span class='ocrx_word' id='word_1_366' title='bbox 1871 2382 2088 2437; x_wconf 84' lang='lat' dir='ltr'>proprium</span> <span class='ocrx_word' id='word_1_367' title='bbox 2113 2383 2392 2437; x_wconf 79' lang='lat' dir='ltr'>singulorum,</span> 
     </span>
     <span class='ocr_line' id='line_1_41' title="bbox 184 2443 2392 2507; baseline 0.004 -24"><span class='ocrx_word' id='word_1_368' title='bbox 184 2443 423 2497; x_wconf 88' lang='lat' dir='ltr'>presencia,</span> <span class='ocrx_word' id='word_1_369' title='bbox 458 2444 639 2485; x_wconf 91' lang='lat' dir='ltr'>consilio</span> <span class='ocrx_word' id='word_1_370' title='bbox 676 2449 718 2485; x_wconf 90' lang='lat' dir='ltr'>et</span> <span class='ocrx_word' id='word_1_371' title='bbox 750 2459 935 2486; x_wconf 89' lang='lat' dir='ltr'>assensu</span> <span class='ocrx_word' id='word_1_372' title='bbox 967 2446 1208 2502; x_wconf 88' lang='lat' dir='ltr'>principum</span> <span class='ocrx_word' id='word_1_373' title='bbox 1243 2448 1554 2503; x_wconf 69' lang='lat' dir='ltr'>perfruamurp,</span> <span class='ocrx_word' id='word_1_374' title='bbox 1588 2448 1642 2490; x_wconf 87' lang='lat' dir='ltr'>ad</span> <span class='ocrx_word' id='word_1_375' title='bbox 1676 2449 1859 2491; x_wconf 89' lang='lat' dir='ltr'>eandem</span> <span class='ocrx_word' id='word_1_376' title='bbox 1884 2451 2045 2492; x_wconf 88' lang='lat' dir='ltr'>curiam</span> <span class='ocrx_word' id='word_1_377' title='bbox 2080 2452 2392 2507; x_wconf 74' lang='lat' dir='ltr'>sollempniter,</span> 
     </span>
     <span class='ocr_line' id='line_1_42' title="bbox 186 2511 2388 2575; baseline 0.005 -24"><span class='ocrx_word' id='word_1_378' title='bbox 186 2511 297 2552; x_wconf 85' lang='lat' dir='ltr'>sicut</span> <span class='ocrx_word' id='word_1_379' title='bbox 328 2516 495 2553; x_wconf 89' lang='lat' dir='ltr'>tantum</span> <span class='ocrx_word' id='word_1_380' title='bbox 520 2512 646 2554; x_wconf 91' lang='lat' dir='ltr'>decet</span> <span class='ocrx_word' id='word_1_381' title='bbox 667 2513 919 2569; x_wconf 89' lang='lat' dir='ltr'>principem,</span> <span class='ocrx_word' id='word_1_382' title='bbox 952 2528 1159 2570; x_wconf 90' lang='lat' dir='ltr'>prepares</span> <span class='ocrx_word' id='word_1_383' title='bbox 1191 2520 1233 2557; x_wconf 90' lang='lat' dir='ltr'>te</span> <span class='ocrx_word' id='word_1_384' title='bbox 1256 2521 1498 2569; x_wconf 87' lang='lat' dir='ltr'>venturum,</span> <span class='ocrx_word' id='word_1_385' title='bbox 1532 2522 1578 2557; x_wconf 93' lang='lat' dir='ltr'>ut</span> <span class='ocrx_word' id='word_1_386' title='bbox 1608 2518 1650 2558; x_wconf 93' lang='lat' dir='ltr'>in</span> <span class='ocrx_word' id='word_1_387' title='bbox 1674 2519 1871 2567; x_wconf 85' lang='lat' dir='ltr'>termino,</span> <span class='ocrx_word' id='word_1_388' title='bbox 1905 2533 2032 2573; x_wconf 93' lang='lat' dir='ltr'>quem</span> <span class='ocrx_word' id='word_1_389' title='bbox 2056 2520 2097 2560; x_wconf 93' lang='lat' dir='ltr'>in</span> <span class='ocrx_word' id='word_1_390' title='bbox 2121 2520 2388 2575; x_wconf 87' lang='lat' dir='ltr'>subsequen-</span> 
     </span>
     <span class='ocr_line' id='line_1_43' title="bbox 186 2579 2391 2644; baseline 0.005 -24"><span class='ocrx_word' id='word_1_391' title='bbox 186 2579 301 2621; x_wconf 91' lang='lat' dir='ltr'>tibus</span> <span class='ocrx_word' id='word_1_392' title='bbox 333 2580 488 2622; x_wconf 87' lang='lat' dir='ltr'>litteris</span> <span class='ocrx_word' id='word_1_393' title='bbox 523 2581 601 2622; x_wconf 91' lang='lat' dir='ltr'>tibi</span> <span class='ocrx_word' id='word_1_394' title='bbox 634 2581 837 2623; x_wconf 82' lang='lat' dir='ltr'>duximus</span> <span class='ocrx_word' id='word_1_395' title='bbox 869 2583 1184 2638; x_wconf 86' lang='lat' dir='ltr'>prefigendum,</span> <span class='ocrx_word' id='word_1_396' title='bbox 1217 2586 1489 2640; x_wconf 87' lang='lat' dir='ltr'>presenciam</span> <span class='ocrx_word' id='word_1_397' title='bbox 1514 2591 1630 2627; x_wconf 87' lang='lat' dir='ltr'>tuam</span> <span class='ocrx_word' id='word_1_398' title='bbox 1653 2587 1706 2628; x_wconf 87' lang='lat' dir='ltr'>ad</span> <span class='ocrx_word' id='word_1_399' title='bbox 1732 2587 1947 2629; x_wconf 84' lang='lat' dir='ltr'>eandemq</span> <span class='ocrx_word' id='word_1_400' title='bbox 1982 2595 2068 2629; x_wconf 86' lang='lat' dir='ltr'>tam</span> <span class='ocrx_word' id='word_1_401' title='bbox 2092 2590 2238 2630; x_wconf 88' lang='lat' dir='ltr'>utilem</span> <span class='ocrx_word' id='word_1_402' title='bbox 2263 2603 2391 2644; x_wconf 86' lang='lat' dir='ltr'>quam</span> 
     </span>
     <span class='ocr_line' id='line_1_44' title="bbox 185 2650 2386 2711; baseline 0.004 -21"><span class='ocrx_word' id='word_1_403' title='bbox 185 2650 475 2691; x_wconf 87' lang='lat' dir='ltr'>necessariam</span> <span class='ocrx_word' id='word_1_404' title='bbox 507 2650 668 2692; x_wconf 89' lang='lat' dir='ltr'>habere</span> <span class='ocrx_word' id='word_1_405' title='bbox 700 2651 941 2707; x_wconf 84' lang='lat' dir='ltr'>possimusr</span> <span class='ocrx_word' id='word_1_406' title='bbox 974 2656 1017 2693; x_wconf 89' lang='lat' dir='ltr'>et</span> <span class='ocrx_word' id='word_1_407' title='bbox 1048 2653 1246 2694; x_wconf 87' lang='lat' dir='ltr'>instantis</span> <span class='ocrx_word' id='word_1_408' title='bbox 1279 2653 1468 2696; x_wconf 77' lang='lat' dir='ltr'>dissidii⁹</span> <span class='ocrx_word' id='word_1_409' title='bbox 1505 2656 1702 2696; x_wconf 79' lang='lat' dir='ltr'>tractatit</span> <span class='ocrx_word' id='word_1_410' title='bbox 1734 2658 1991 2711; x_wconf 87' lang='lat' dir='ltr'>composicio</span> <span class='ocrx_word' id='word_1_411' title='bbox 2022 2658 2236 2699; x_wconf 79' lang='lat' dir='ltr'>feliciter¹¹</span> <span class='ocrx_word' id='word_1_412' title='bbox 2269 2672 2386 2699; x_wconf 88' lang='lat' dir='ltr'>com-</span> 
     </span>
     <span class='ocr_line' id='line_1_45' title="bbox 183 2719 367 2774; baseline 0 -15"><span class='ocrx_word' id='word_1_413' title='bbox 183 2719 367 2774; x_wconf 86' lang='lat' dir='ltr'>pleatur.</span> 
     </span>
    </p>
   </div>
   <div class='ocr_carea' id='block_1_12' title="bbox 320 2831 2389 2885">
    <p class='ocr_par' dir='ltr' id='par_1_13' title="bbox 320 2831 2389 2885">
     <span class='ocr_line' id='line_1_46' title="bbox 320 2831 2389 2885; baseline 0.004 -18"><span class='ocrx_word' id='word_1_414' title='bbox 320 2831 407 2868; x_wconf 76' lang='lat'>244.</span> <span class='ocrx_word' id='word_1_415' title='bbox 442 2836 473 2877; x_wconf 69' lang='lat'>⁸)</span> <span class='ocrx_word' id='word_1_416' title='bbox 510 2835 684 2878; x_wconf 66' lang='lat' dir='ltr'>inscriptio</span> <span class='ocrx_word' id='word_1_417' title='bbox 722 2836 811 2870; x_wconf 67' lang='lat' dir='ltr'>deest</span> <span class='ocrx_word' id='word_1_418' title='bbox 842 2836 872 2869; x_wconf 87' lang='lat'>3.</span> <span class='ocrx_word' id='word_1_419' title='bbox 900 2836 937 2876; x_wconf 90' lang='lat'>4;</span> <span class='ocrx_word' id='word_1_420' title='bbox 976 2838 1012 2870; x_wconf 75' lang='lat' dir='ltr'>in</span> <span class='ocrx_word' id='word_1_421' title='bbox 1044 2837 1065 2870; x_wconf 91' lang='lat'>4</span> <span class='ocrx_word' id='word_1_422' title='bbox 1102 2838 1225 2881; x_wconf 63' lang='lat' dir='ltr'>legitur</span> <span class='ocrx_word' id='word_1_423' title='bbox 1256 2839 1414 2871; x_wconf 77' lang='lat' dir='ltr'>rubrica:</span> <span class='ocrx_word' id='word_1_424' title='bbox 1450 2840 1585 2872; x_wconf 88' lang='lat' dir='ltr'>Recitat</span> <span class='ocrx_word' id='word_1_425' title='bbox 1629 2841 1909 2883; x_wconf 88' lang='lat' dir='ltr'>supplicationem</span> <span class='ocrx_word' id='word_1_426' title='bbox 1948 2843 2139 2885; x_wconf 89' lang='lat' dir='ltr'>principum</span> <span class='ocrx_word' id='word_1_427' title='bbox 2179 2843 2389 2875; x_wconf 76' lang='lat' dir='ltr'>Alamannis.</span> 
     </span>
    </p>
   </div>
   <div class='ocr_carea' id='block_1_13' title="bbox 181 2888 2391 3457">
    <p class='ocr_par' dir='ltr' id='par_1_14' title="bbox 181 2888 2391 3457">
     <span class='ocr_line' id='line_1_47' title="bbox 181 2888 2391 2941; baseline 0.004 -18"><span class='ocrx_word' id='word_1_428' title='bbox 181 2888 213 2931; x_wconf 79' lang='lat' dir='ltr'>b)</span> <span class='ocrx_word' id='word_1_429' title='bbox 238 2891 326 2924; x_wconf 82' lang='lat' dir='ltr'>vom&#39;</span> <span class='ocrx_word' id='word_1_430' title='bbox 354 2891 383 2925; x_wconf 87' lang='grc'><strong>1.</strong></span> <span class='ocrx_word' id='word_1_431' title='bbox 409 2891 442 2926; x_wconf 88' lang='grc'>2.</span> <span class='ocrx_word' id='word_1_432' title='bbox 561 2894 591 2934; x_wconf 77' lang='lat'>⁰)</span> <span class='ocrx_word' id='word_1_433' title='bbox 617 2893 707 2926; x_wconf 68' lang='lat' dir='ltr'>deest</span> <span class='ocrx_word' id='word_1_434' title='bbox 734 2895 761 2928; x_wconf 93' lang='grc'><strong>1.</strong></span> <span class='ocrx_word' id='word_1_435' title='bbox 788 2893 819 2926; x_wconf 90' lang='grc'>2.</span> <span class='ocrx_word' id='word_1_436' title='bbox 949 2893 982 2937; x_wconf 85' lang='lat' dir='ltr'>d)</span> <span class='ocrx_word' id='word_1_437' title='bbox 1009 2897 1174 2929; x_wconf 85' lang='lat' dir='ltr'>accedens</span> <span class='ocrx_word' id='word_1_438' title='bbox 1199 2895 1229 2929; x_wconf 84' lang='lat'>3.</span> <span class='ocrx_word' id='word_1_439' title='bbox 1255 2896 1286 2929; x_wconf 88' lang='lat'>4.</span> <span class='ocrx_word' id='word_1_440' title='bbox 1418 2899 1448 2937; x_wconf 82' lang='lat' dir='ltr'>e)</span> <span class='ocrx_word' id='word_1_441' title='bbox 1474 2897 1563 2930; x_wconf 78' lang='lat' dir='ltr'>deest</span> <span class='ocrx_word' id='word_1_442' title='bbox 1588 2896 1626 2938; x_wconf 93' lang='grc'><strong>2;</strong></span> <span class='ocrx_word' id='word_1_443' title='bbox 1654 2904 1738 2931; x_wconf 88' lang='lat' dir='ltr'>nost.</span> <span class='ocrx_word' id='word_1_444' title='bbox 1766 2910 1851 2941; x_wconf 83' lang='lat' dir='ltr'>pres.</span> <span class='ocrx_word' id='word_1_445' title='bbox 1881 2899 1909 2931; x_wconf 93' lang='lat' dir='ltr'>l.</span> <span class='ocrx_word' id='word_1_446' title='bbox 2029 2898 2061 2939; x_wconf 78' lang='lat' dir='ltr'>s)</span> <span class='ocrx_word' id='word_1_447' title='bbox 2086 2900 2176 2932; x_wconf 67' lang='lat' dir='ltr'>deest</span> <span class='ocrx_word' id='word_1_448' title='bbox 2199 2900 2236 2939; x_wconf 80' lang='lat'>2;</span> <span class='ocrx_word' id='word_1_449' title='bbox 2264 2901 2391 2932; x_wconf 77' lang='lat' dir='ltr'>lacuna</span> 
     </span>
     <span class='ocr_line' id='line_1_48' title="bbox 182 2940 2389 2994; baseline 0.004 -13"><span class='ocrx_word' id='word_1_450' title='bbox 182 2947 219 2981; x_wconf 76' lang='lat' dir='ltr'>in</span> <span class='ocrx_word' id='word_1_451' title='bbox 249 2949 276 2982; x_wconf 94' lang='lat'>1.</span> <span class='ocrx_word' id='word_1_452' title='bbox 344 2940 349 2944; x_wconf 63' lang='lat'>.</span> <span class='ocrx_word' id='word_1_453' title='bbox 382 2947 414 2992; x_wconf 78' lang='lat'>8)</span> <span class='ocrx_word' id='word_1_454' title='bbox 439 2951 642 2994; x_wconf 78' lang='lat' dir='ltr'>sambergefi</span> <span class='ocrx_word' id='word_1_455' title='bbox 666 2951 703 2992; x_wconf 81' lang='lat'>43</span> <span class='ocrx_word' id='word_1_456' title='bbox 730 2952 883 2985; x_wconf 87' lang='lat' dir='ltr'>brabenl&#39;</span> <span class='ocrx_word' id='word_1_457' title='bbox 913 2952 941 2985; x_wconf 90' lang='grc'><strong>1.</strong></span> <span class='ocrx_word' id='word_1_458' title='bbox 967 2952 999 2984; x_wconf 90' lang='grc'>2.</span> <span class='ocrx_word' id='word_1_459' title='bbox 1118 2951 1150 2994; x_wconf 78' lang='lat'>1¹)</span> <span class='ocrx_word' id='word_1_460' title='bbox 1178 2954 1306 2987; x_wconf 89' lang='lat' dir='ltr'>electus</span> <span class='ocrx_word' id='word_1_461' title='bbox 1333 2972 1374 2976; x_wconf 90' lang='lat'>—</span> <span class='ocrx_word' id='word_1_462' title='bbox 1400 2959 1515 2987; x_wconf 88' lang='lat' dir='ltr'>noster</span> <span class='ocrx_word' id='word_1_463' title='bbox 1541 2955 1608 2987; x_wconf 68' lang='lat' dir='ltr'>des.</span> <span class='ocrx_word' id='word_1_464' title='bbox 1627 2954 1655 2988; x_wconf 92' lang='lat' dir='ltr'>l.</span> <span class='ocrx_word' id='word_1_465' title='bbox 1682 2954 1712 2988; x_wconf 87' lang='grc'>2.</span> <span class='ocrx_word' id='word_1_466' title='bbox 1831 2954 1852 2993; x_wconf 75' lang='lat' dir='ltr'>i)</span> <span class='ocrx_word' id='word_1_467' title='bbox 1878 2958 1918 2989; x_wconf 87' lang='lat' dir='ltr'>G.</span> <span class='ocrx_word' id='word_1_468' title='bbox 1940 2955 1968 2988; x_wconf 94' lang='grc'><strong>1.</strong></span> <span class='ocrx_word' id='word_1_469' title='bbox 1992 2956 2025 2989; x_wconf 87' lang='grc'>2.</span> <span class='ocrx_word' id='word_1_470' title='bbox 2042 2956 2072 2989; x_wconf 90' lang='grc'><strong>4.</strong></span> <span class='ocrx_word' id='word_1_471' title='bbox 2192 2955 2225 2993; x_wconf 78' lang='lat' dir='ltr'>k)</span> <span class='ocrx_word' id='word_1_472' title='bbox 2251 2957 2323 2989; x_wconf 80' lang='lat' dir='ltr'>loco</span> <span class='ocrx_word' id='word_1_473' title='bbox 2349 2958 2389 2990; x_wconf 90' lang='lat' dir='ltr'>de</span> 
     </span>
     <span class='ocr_line' id='line_1_49' title="bbox 184 3007 2389 3056; baseline 0.004 -17"><span class='ocrx_word' id='word_1_474' title='bbox 184 3017 287 3048; x_wconf 77' lang='lat' dir='ltr'>usque</span> <span class='ocrx_word' id='word_1_475' title='bbox 311 3012 426 3040; x_wconf 85' lang='lat' dir='ltr'>noster</span> <span class='ocrx_word' id='word_1_476' title='bbox 452 3007 482 3040; x_wconf 93' lang='grc'><strong>1.</strong></span> <span class='ocrx_word' id='word_1_477' title='bbox 508 3007 546 3041; x_wconf 83' lang='grc'><strong>2;</strong></span> <span class='ocrx_word' id='word_1_478' title='bbox 573 3009 662 3042; x_wconf 87' lang='lat' dir='ltr'>talis.</span> <span class='ocrx_word' id='word_1_479' title='bbox 771 3008 798 3052; x_wconf 87' lang='lat' dir='ltr'>l)</span> <span class='ocrx_word' id='word_1_480' title='bbox 825 3010 879 3042; x_wconf 90' lang='lat' dir='ltr'>vel</span> <span class='ocrx_word' id='word_1_481' title='bbox 905 3011 1008 3043; x_wconf 83' lang='lat' dir='ltr'>frater</span> <span class='ocrx_word' id='word_1_482' title='bbox 1032 3010 1116 3043; x_wconf 84' lang='lat' dir='ltr'>add.</span> <span class='ocrx_word' id='word_1_483' title='bbox 1135 3009 1166 3043; x_wconf 86' lang='lat'>4.</span> <span class='ocrx_word' id='word_1_484' title='bbox 1276 3016 1319 3053; x_wconf 84' lang='lat'><em>¹¹¹)</em></span> <span class='ocrx_word' id='word_1_485' title='bbox 1345 3017 1438 3044; x_wconf 83' lang='lat' dir='ltr'>tuam</span> <span class='ocrx_word' id='word_1_486' title='bbox 1464 3011 1485 3045; x_wconf 89' lang='grc'><strong>3</strong></span> <span class='ocrx_word' id='word_1_487' title='bbox 1494 3025 1501 3052; x_wconf 89' lang='grc'><strong>;</strong></span> <span class='ocrx_word' id='word_1_488' title='bbox 1528 3013 1619 3054; x_wconf 89' lang='lat' dir='ltr'>quod</span> <span class='ocrx_word' id='word_1_489' title='bbox 1644 3018 1704 3045; x_wconf 87' lang='lat' dir='ltr'>tua</span> <span class='ocrx_word' id='word_1_490' title='bbox 1729 3031 1773 3036; x_wconf 87' lang='lat'>—-</span> <span class='ocrx_word' id='word_1_491' title='bbox 1799 3014 1989 3056; x_wconf 84' lang='lat' dir='ltr'>aspirarent</span> <span class='ocrx_word' id='word_1_492' title='bbox 2015 3013 2045 3046; x_wconf 90' lang='lat'>4.</span> <span class='ocrx_word' id='word_1_493' title='bbox 2152 3018 2186 3055; x_wconf 65' lang='grc' dir='ltr'>Β)</span> <span class='ocrx_word' id='word_1_494' title='bbox 2214 3015 2276 3047; x_wconf 89' lang='lat' dir='ltr'>hec</span> <span class='ocrx_word' id='word_1_495' title='bbox 2301 3013 2332 3046; x_wconf 87' lang='lat'>3.</span> <span class='ocrx_word' id='word_1_496' title='bbox 2359 3014 2389 3047; x_wconf 88' lang='lat'>4.</span> 
     </span>
     <span class='ocr_line' id='line_1_50' title="bbox 184 3064 2388 3114; baseline 0.003 -17"><span class='ocrx_word' id='word_1_497' title='bbox 184 3066 217 3104; x_wconf 90' lang='lat'>⁰)</span> <span class='ocrx_word' id='word_1_498' title='bbox 244 3065 417 3107; x_wconf 87' lang='lat' dir='ltr'>potissime</span> <span class='ocrx_word' id='word_1_499' title='bbox 444 3064 473 3099; x_wconf 92' lang='lat'>1.</span> <span class='ocrx_word' id='word_1_500' title='bbox 499 3064 530 3098; x_wconf 89' lang='grc'>2.</span> <span class='ocrx_word' id='word_1_501' title='bbox 648 3065 682 3108; x_wconf 83' lang='grc' dir='ltr'>Ρ)</span> <span class='ocrx_word' id='word_1_502' title='bbox 708 3078 787 3100; x_wconf 83' lang='lat' dir='ltr'>vero</span> <span class='ocrx_word' id='word_1_503' title='bbox 811 3066 841 3099; x_wconf 88' lang='lat'>3.</span> <span class='ocrx_word' id='word_1_504' title='bbox 975 3067 1008 3109; x_wconf 80' lang='lat' dir='ltr'>q)</span> <span class='ocrx_word' id='word_1_505' title='bbox 1035 3067 1124 3100; x_wconf 75' lang='lat' dir='ltr'>deest</span> <span class='ocrx_word' id='word_1_506' title='bbox 1151 3067 1180 3100; x_wconf 92' lang='lat'>1.</span> <span class='ocrx_word' id='word_1_507' title='bbox 1299 3071 1326 3110; x_wconf 88' lang='lat' dir='ltr'>r)</span> <span class='ocrx_word' id='word_1_508' title='bbox 1352 3081 1417 3111; x_wconf 88' lang='lat' dir='ltr'>que</span> <span class='ocrx_word' id='word_1_509' title='bbox 1446 3069 1474 3102; x_wconf 93' lang='grc'><strong>1.</strong></span> <span class='ocrx_word' id='word_1_510' title='bbox 1605 3072 1634 3111; x_wconf 71' lang='grc'>8)</span> <span class='ocrx_word' id='word_1_511' title='bbox 1661 3072 1700 3103; x_wconf 89' lang='lat' dir='ltr'>G.</span> <span class='ocrx_word' id='word_1_512' title='bbox 1722 3070 1751 3103; x_wconf 92' lang='grc'><strong>1.</strong></span> <span class='ocrx_word' id='word_1_513' title='bbox 1770 3069 1800 3112; x_wconf 81' lang='grc'><strong>2,</strong></span> <span class='ocrx_word' id='word_1_514' title='bbox 1827 3072 1955 3103; x_wconf 71' lang='lat' dir='ltr'>similia</span> <span class='ocrx_word' id='word_1_515' title='bbox 1980 3083 2120 3114; x_wconf 75' lang='lat' dir='ltr'>semper.</span> <span class='ocrx_word' id='word_1_516' title='bbox 2240 3072 2265 3113; x_wconf 74' lang='lat' dir='ltr'>t)</span> <span class='ocrx_word' id='word_1_517' title='bbox 2292 3083 2333 3105; x_wconf 89' lang='lat' dir='ltr'>ac</span> <span class='ocrx_word' id='word_1_518' title='bbox 2361 3073 2388 3104; x_wconf 94' lang='lat'>1.</span> 
     </span>
     <span class='ocr_line' id='line_1_51' title="bbox 183 3121 2389 3170; baseline 0.004 -16"><span class='ocrx_word' id='word_1_519' title='bbox 183 3121 217 3162; x_wconf 72' lang='grc' dir='ltr'>ιι)</span> <span class='ocrx_word' id='word_1_520' title='bbox 242 3122 278 3154; x_wconf 89' lang='lat' dir='ltr'>in</span> <span class='ocrx_word' id='word_1_521' title='bbox 300 3122 401 3155; x_wconf 85' lang='lat' dir='ltr'>fidem</span> <span class='ocrx_word' id='word_1_522' title='bbox 427 3122 465 3163; x_wconf 82' lang='lat'>13</span> <span class='ocrx_word' id='word_1_523' title='bbox 504 3124 539 3155; x_wconf 88' lang='lat' dir='ltr'>in</span> <span class='ocrx_word' id='word_1_524' title='bbox 564 3124 673 3158; x_wconf 88' lang='lat' dir='ltr'>sidere</span> <span class='ocrx_word' id='word_1_525' title='bbox 698 3130 803 3158; x_wconf 88' lang='lat' dir='ltr'>nostr.</span> <span class='ocrx_word' id='word_1_526' title='bbox 829 3123 861 3157; x_wconf 89' lang='grc'>2.</span> <span class='ocrx_word' id='word_1_527' title='bbox 1003 3125 1036 3167; x_wconf 71' lang='lat' dir='ltr'>V)</span> <span class='ocrx_word' id='word_1_528' title='bbox 1070 3131 1189 3159; x_wconf 88' lang='lat' dir='ltr'>contra</span> <span class='ocrx_word' id='word_1_529' title='bbox 1214 3137 1275 3159; x_wconf 91' lang='lat' dir='ltr'>nos</span> <span class='ocrx_word' id='word_1_530' title='bbox 1300 3127 1368 3160; x_wconf 79' lang='lat' dir='ltr'>des.</span> <span class='ocrx_word' id='word_1_531' title='bbox 1390 3127 1417 3159; x_wconf 93' lang='lat' dir='ltr'>l.</span> <span class='ocrx_word' id='word_1_532' title='bbox 1443 3126 1474 3159; x_wconf 87' lang='grc'>2.</span> <span class='ocrx_word' id='word_1_533' title='bbox 1617 3126 1656 3170; x_wconf 77' lang='lat' dir='ltr'>W)</span> <span class='ocrx_word' id='word_1_534' title='bbox 1694 3128 1835 3161; x_wconf 87' lang='lat' dir='ltr'>ecclesie</span> <span class='ocrx_word' id='word_1_535' title='bbox 1864 3127 1898 3167; x_wconf 86' lang='lat'>1;</span> <span class='ocrx_word' id='word_1_536' title='bbox 1938 3129 2009 3161; x_wconf 79' lang='lat' dir='ltr'>loco</span> <span class='ocrx_word' id='word_1_537' title='bbox 2035 3129 2179 3161; x_wconf 82' lang='lat' dir='ltr'>ecclesia</span> <span class='ocrx_word' id='word_1_538' title='bbox 2204 3129 2247 3161; x_wconf 81' lang='lat' dir='ltr'>ad</span> <span class='ocrx_word' id='word_1_539' title='bbox 2273 3130 2325 3162; x_wconf 88' lang='lat' dir='ltr'>ius</span> <span class='ocrx_word' id='word_1_540' title='bbox 2352 3129 2389 3162; x_wconf 74' lang='lat'>‘22</span> 
     </span>
     <span class='ocr_line' id='line_1_52' title="bbox 184 3181 2388 3228; baseline 0.004 -17"><span class='ocrx_word' id='word_1_541' title='bbox 184 3183 300 3212; x_wconf 85' lang='lat' dir='ltr'>contra</span> <span class='ocrx_word' id='word_1_542' title='bbox 324 3191 395 3213; x_wconf 90' lang='lat' dir='ltr'>nos.</span> <span class='ocrx_word' id='word_1_543' title='bbox 489 3182 523 3223; x_wconf 71' lang='lat' dir='ltr'>x)</span> <span class='ocrx_word' id='word_1_544' title='bbox 549 3181 602 3214; x_wconf 77' lang='lat' dir='ltr'>hic</span> <span class='ocrx_word' id='word_1_545' title='bbox 627 3182 788 3215; x_wconf 73' lang='lat' dir='ltr'>desinunt</span> <span class='ocrx_word' id='word_1_546' title='bbox 809 3181 840 3215; x_wconf 87' lang='lat'>3.</span> <span class='ocrx_word' id='word_1_547' title='bbox 858 3181 890 3215; x_wconf 87' lang='lat'>4.</span> <span class='ocrx_word' id='word_1_548' title='bbox 985 3184 1018 3224; x_wconf 66' lang='grc' dir='ltr'>δ’)</span> <span class='ocrx_word' id='word_1_549' title='bbox 1044 3183 1221 3226; x_wconf 87' lang='lat' dir='ltr'>ingressus</span> <span class='ocrx_word' id='word_1_550' title='bbox 1242 3184 1271 3216; x_wconf 93' lang='lat'>1.</span> <span class='ocrx_word' id='word_1_551' title='bbox 1366 3184 1396 3226; x_wconf 83' lang='lat' dir='ltr'>z)</span> <span class='ocrx_word' id='word_1_552' title='bbox 1422 3185 1502 3218; x_wconf 85' lang='lat' dir='ltr'>licet</span> <span class='ocrx_word' id='word_1_553' title='bbox 1519 3184 1550 3217; x_wconf 92' lang='grc'>2.</span> <span class='ocrx_word' id='word_1_554' title='bbox 1646 3187 1678 3227; x_wconf 65' lang='grc' dir='ltr'>θ)</span> <span class='ocrx_word' id='word_1_555' title='bbox 1703 3186 1911 3228; x_wconf 88' lang='lat' dir='ltr'>professione</span> <span class='ocrx_word' id='word_1_556' title='bbox 1935 3185 1967 3219; x_wconf 89' lang='grc'>2.</span> <span class='ocrx_word' id='word_1_557' title='bbox 2062 3184 2095 3228; x_wconf 78' lang='lat' dir='ltr'>b)</span> <span class='ocrx_word' id='word_1_558' title='bbox 2122 3186 2288 3219; x_wconf 85' lang='lat' dir='ltr'>honorum</span> <span class='ocrx_word' id='word_1_559' title='bbox 2308 3186 2337 3219; x_wconf 92' lang='grc'><strong>1.</strong></span> <span class='ocrx_word' id='word_1_560' title='bbox 2357 3186 2388 3219; x_wconf 91' lang='grc'>2.</span> 
     </span>
     <span class='ocr_line' id='line_1_53' title="bbox 184 3234 2389 3284; baseline 0.003 -15"><span class='ocrx_word' id='word_1_561' title='bbox 184 3234 214 3278; x_wconf 80' lang='lat'>⁰)</span> <span class='ocrx_word' id='word_1_562' title='bbox 239 3237 364 3270; x_wconf 88' lang='lat' dir='ltr'>virium</span> <span class='ocrx_word' id='word_1_563' title='bbox 390 3237 420 3270; x_wconf 94' lang='lat'>1.</span> <span class='ocrx_word' id='word_1_564' title='bbox 539 3236 571 3280; x_wconf 83' lang='lat' dir='ltr'>d)</span> <span class='ocrx_word' id='word_1_565' title='bbox 598 3239 739 3272; x_wconf 86' lang='lat' dir='ltr'>ecclesie</span> <span class='ocrx_word' id='word_1_566' title='bbox 764 3239 794 3273; x_wconf 85' lang='lat'>2.</span> <span class='ocrx_word' id='word_1_567' title='bbox 916 3241 945 3281; x_wconf 77' lang='lat' dir='ltr'>e)</span> <span class='ocrx_word' id='word_1_568' title='bbox 971 3246 1085 3283; x_wconf 85' lang='lat' dir='ltr'>petere</span> <span class='ocrx_word' id='word_1_569' title='bbox 1113 3241 1141 3273; x_wconf 93' lang='grc'><strong>1.</strong></span> <span class='ocrx_word' id='word_1_570' title='bbox 1167 3240 1199 3274; x_wconf 91' lang='grc'>2.</span> <span class='ocrx_word' id='word_1_571' title='bbox 1309 3239 1338 3282; x_wconf 80' lang='lat' dir='ltr'>f)</span> <span class='ocrx_word' id='word_1_572' title='bbox 1363 3242 1561 3275; x_wconf 83' lang='lat' dir='ltr'>affectemus</span> <span class='ocrx_word' id='word_1_573' title='bbox 1587 3240 1618 3274; x_wconf 96' lang='grc'>2.</span> <span class='ocrx_word' id='word_1_574' title='bbox 1730 3243 1763 3284; x_wconf 80' lang='grc'>8)</span> <span class='ocrx_word' id='word_1_575' title='bbox 1790 3243 2075 3275; x_wconf 89' lang='lat' dir='ltr'>deliberacionem</span> <span class='ocrx_word' id='word_1_576' title='bbox 2104 3243 2133 3275; x_wconf 91' lang='lat'>1.</span> <span class='ocrx_word' id='word_1_577' title='bbox 2241 3242 2275 3284; x_wconf 82' lang='lat' dir='ltr'>h)</span> <span class='ocrx_word' id='word_1_578' title='bbox 2302 3244 2389 3276; x_wconf 89' lang='lat' dir='ltr'>The-</span> 
     </span>
     <span class='ocr_line' id='line_1_54' title="bbox 183 3292 2388 3343; baseline 0.004 -18"><span class='ocrx_word' id='word_1_579' title='bbox 183 3292 276 3326; x_wconf 83' lang='lat' dir='ltr'>losus</span> <span class='ocrx_word' id='word_1_580' title='bbox 302 3293 333 3327; x_wconf 89' lang='lat'>1.</span> <span class='ocrx_word' id='word_1_581' title='bbox 357 3292 388 3326; x_wconf 89' lang='grc'>2.</span> <span class='ocrx_word' id='word_1_582' title='bbox 507 3293 530 3339; x_wconf 84' lang='lat' dir='ltr'>i)</span> <span class='ocrx_word' id='word_1_583' title='bbox 556 3297 652 3329; x_wconf 86' lang='lat' dir='ltr'>sedes</span> <span class='ocrx_word' id='word_1_584' title='bbox 680 3296 708 3329; x_wconf 95' lang='grc'><strong>1.</strong></span> <span class='ocrx_word' id='word_1_585' title='bbox 824 3295 857 3339; x_wconf 86' lang='lat' dir='ltr'>k)</span> <span class='ocrx_word' id='word_1_586' title='bbox 882 3298 1058 3340; x_wconf 85' lang='lat' dir='ltr'>potestatis</span> <span class='ocrx_word' id='word_1_587' title='bbox 1086 3297 1114 3330; x_wconf 91' lang='lat'>1.</span> <span class='ocrx_word' id='word_1_588' title='bbox 1142 3296 1174 3331; x_wconf 91' lang='grc'>2.</span> <span class='ocrx_word' id='word_1_589' title='bbox 1298 3296 1321 3339; x_wconf 82' lang='grc'>1)</span> <span class='ocrx_word' id='word_1_590' title='bbox 1347 3300 1391 3332; x_wconf 84' lang='lat' dir='ltr'>ad</span> <span class='ocrx_word' id='word_1_591' title='bbox 1419 3300 1449 3332; x_wconf 91' lang='lat'>1.</span> <span class='ocrx_word' id='word_1_592' title='bbox 1475 3299 1507 3332; x_wconf 88' lang='grc'>2.</span> <span class='ocrx_word' id='word_1_593' title='bbox 1626 3300 1669 3341; x_wconf 82' lang='lat' dir='ltr'>m)</span> <span class='ocrx_word' id='word_1_594' title='bbox 1694 3301 1898 3343; x_wconf 83' lang='lat' dir='ltr'>contingunt</span> <span class='ocrx_word' id='word_1_595' title='bbox 1925 3300 1955 3333; x_wconf 92' lang='lat'>1.</span> <span class='ocrx_word' id='word_1_596' title='bbox 1982 3299 2012 3332; x_wconf 88' lang='grc'>2.</span> <span class='ocrx_word' id='word_1_597' title='bbox 2131 3300 2164 3342; x_wconf 84' lang='lat'>¹¹)</span> <span class='ocrx_word' id='word_1_598' title='bbox 2192 3306 2326 3334; x_wconf 89' lang='lat' dir='ltr'>tenetur</span> <span class='ocrx_word' id='word_1_599' title='bbox 2354 3302 2388 3340; x_wconf 85' lang='lat'>1;</span> 
     </span>
     <span class='ocr_line' id='line_1_55' title="bbox 183 3351 2389 3401; baseline 0.003 -17"><span class='ocrx_word' id='word_1_600' title='bbox 183 3357 324 3385; x_wconf 83' lang='lat' dir='ltr'>conetur</span> <span class='ocrx_word' id='word_1_601' title='bbox 347 3351 385 3393; x_wconf 83' lang='lat'>2;</span> <span class='ocrx_word' id='word_1_602' title='bbox 423 3354 605 3388; x_wconf 84' lang='lat' dir='ltr'>conveniat</span> <span class='ocrx_word' id='word_1_603' title='bbox 637 3356 776 3388; x_wconf 76' lang='lat' dir='ltr'>coniecit</span> <span class='ocrx_word' id='word_1_604' title='bbox 806 3356 990 3389; x_wconf 75' lang='lat' dir='ltr'>Huillard.</span> <span class='ocrx_word' id='word_1_605' title='bbox 1121 3356 1153 3397; x_wconf 84' lang='lat'>0)</span> <span class='ocrx_word' id='word_1_606' title='bbox 1190 3367 1268 3389; x_wconf 88' lang='lat' dir='ltr'>cum</span> <span class='ocrx_word' id='word_1_607' title='bbox 1302 3357 1395 3390; x_wconf 68' lang='lat' dir='ltr'>deest</span> <span class='ocrx_word' id='word_1_608' title='bbox 1422 3358 1449 3390; x_wconf 96' lang='lat' dir='ltr'>l.</span> <span class='ocrx_word' id='word_1_609' title='bbox 1473 3357 1502 3390; x_wconf 91' lang='grc'><strong>2.</strong></span> <span class='ocrx_word' id='word_1_610' title='bbox 1634 3359 1669 3399; x_wconf 79' lang='grc' dir='ltr'>Ρ)</span> <span class='ocrx_word' id='word_1_611' title='bbox 1702 3359 1899 3401; x_wconf 83' lang='lat' dir='ltr'>perfruatur</span> <span class='ocrx_word' id='word_1_612' title='bbox 1924 3356 1955 3390; x_wconf 88' lang='grc'>2.</span> <span class='ocrx_word' id='word_1_613' title='bbox 2085 3358 2118 3400; x_wconf 74' lang='lat' dir='ltr'>q)</span> <span class='ocrx_word' id='word_1_614' title='bbox 2156 3359 2191 3390; x_wconf 91' lang='lat' dir='ltr'>in</span> <span class='ocrx_word' id='word_1_615' title='bbox 2215 3359 2330 3391; x_wconf 89' lang='lat' dir='ltr'>eodem</span> <span class='ocrx_word' id='word_1_616' title='bbox 2359 3359 2389 3390; x_wconf 91' lang='lat'>1.</span> 
     </span>
     <span class='ocr_line' id='line_1_56' title="bbox 182 3407 1875 3457; baseline 0.004 -16"><span class='ocrx_word' id='word_1_617' title='bbox 182 3407 211 3450; x_wconf 77' lang='lat'>¹)</span> <span class='ocrx_word' id='word_1_618' title='bbox 236 3420 418 3452; x_wconf 88' lang='lat' dir='ltr'>possumus</span> <span class='ocrx_word' id='word_1_619' title='bbox 443 3409 472 3444; x_wconf 93' lang='grc'><strong>1.</strong></span> <span class='ocrx_word' id='word_1_620' title='bbox 498 3410 530 3444; x_wconf 88' lang='grc'><strong>2.</strong></span> <span class='ocrx_word' id='word_1_621' title='bbox 648 3412 676 3454; x_wconf 71' lang='lat'>⁸)</span> <span class='ocrx_word' id='word_1_622' title='bbox 702 3413 822 3446; x_wconf 87' lang='lat' dir='ltr'>desidii</span> <span class='ocrx_word' id='word_1_623' title='bbox 849 3413 883 3452; x_wconf 88' lang='lat'>1;</span> <span class='ocrx_word' id='word_1_624' title='bbox 909 3413 1065 3447; x_wconf 84' lang='lat' dir='ltr'>desiderii</span> <span class='ocrx_word' id='word_1_625' title='bbox 1090 3412 1120 3445; x_wconf 89' lang='grc'><strong>2.</strong></span> <span class='ocrx_word' id='word_1_626' title='bbox 1239 3413 1266 3454; x_wconf 78' lang='lat' dir='ltr'>t)</span> <span class='ocrx_word' id='word_1_627' title='bbox 1292 3419 1439 3447; x_wconf 82' lang='lat' dir='ltr'>tractata</span> <span class='ocrx_word' id='word_1_628' title='bbox 1463 3413 1494 3447; x_wconf 91' lang='grc'><strong>2.</strong></span> <span class='ocrx_word' id='word_1_629' title='bbox 1612 3414 1649 3457; x_wconf 90' lang='lat' dir='ltr'>u)</span> <span class='ocrx_word' id='word_1_630' title='bbox 1675 3415 1820 3448; x_wconf 84' lang='lat' dir='ltr'>fideliter</span> <span class='ocrx_word' id='word_1_631' title='bbox 1845 3414 1875 3447; x_wconf 89' lang='grc'><strong>2.</strong></span> 
     </span>
    </p>
   </div>
   <div class='ocr_carea' id='block_1_14' title="bbox 321 3523 1642 3571">
    <p class='ocr_par' dir='ltr' id='par_1_15' title="bbox 321 3523 1642 3571">
     <span class='ocr_line' id='line_1_57' title="bbox 321 3523 1642 3571; baseline 0.003 -14"><span class='ocrx_word' id='word_1_632' title='bbox 321 3525 353 3570; x_wconf 86' lang='lat'>1)</span> <span class='ocrx_word' id='word_1_633' title='bbox 387 3523 424 3558; x_wconf 87' lang='lat' dir='ltr'>V.</span> <span class='ocrx_word' id='word_1_634' title='bbox 450 3523 628 3558; x_wconf 62' lang='lat' dir='ltr'>Bai-wald</span> <span class='ocrx_word' id='word_1_635' title='bbox 654 3525 744 3560; x_wconf 79' lang='lat' dir='ltr'>‘Das</span> <span class='ocrx_word' id='word_1_636' title='bbox 768 3526 1132 3571; x_wconf 63' lang='lat' dir='ltr'>Baumyartenbe‘iyer</span> <span class='ocrx_word' id='word_1_637' title='bbox 1158 3526 1399 3561; x_wconf 77' lang='lat' dir='ltr'>Formelbuch’</span> <span class='ocrx_word' id='word_1_638' title='bbox 1425 3533 1489 3561; x_wconf 82' lang='grc'>441</span> <span class='ocrx_word' id='word_1_639' title='bbox 1515 3538 1571 3562; x_wconf 77' lang='lat' dir='ltr'>nr.</span> <span class='ocrx_word' id='word_1_640' title='bbox 1590 3532 1642 3562; x_wconf 77' lang='lat'>34.</span> 
     </span>
    </p>
   </div>
  </div>
 </body>
</html>
