2558 3970
132 1247 163 1272 10

127 1772 158 1797 15

123 2115 156 2141 20

121 2454 153 2480 ²5

120 2797 152 2823 ³0

119 3144 150 3171 ³5

637 131 846 166 PHILIPPI
874 131 1012 166 REGIS
1038 134 1467 174 CONSTITUTIONES.
1520 140 1617 174 1198.
1659 142 1756 176 1199.
1807 144 1867 177 Nr.
1886 144 1918 179 2.
1945 146 1975 179 3.
2378 155 2400 192 3

206 260 352 290 versos
394 249 515 286 actus
555 249 727 287 nostros
770 246 966 302 cupimus
1008 248 1194 290 feliciter
1234 254 1493 306 prosperari,
1542 254 1678 296 honor
1715 263 1862 298 noster
1895 259 2086 300 debitum
2122 265 2303 318 sumpsit
2337 266 2399 305 in-

206 320 485 365 crementum,
519 319 562 356 et
593 315 796 369 quicquid
830 322 979 356 eontra
1012 330 1090 358 nos
1123 318 1398 362 adversitatis
1434 322 1643 364 hactenus
1667 334 1917 370 emerserat.
1953 342 2062 382 pene
2093 332 2325 385 sopivimus
2359 340 2400 374 ct

205 399 281 442 pro
313 388 459 425 nostra
491 382 706 424 credimus
738 383 953 425 deducere
979 386 1213 431 voluntate,
1250 396 1427 444 accepto
1461 392 1636 432 consilio
1669 394 1941 436 familiarium
1967 404 2207 438 nostrorum
2234 406 2273 439 et
2299 401 2399 441 tide-

203 455 306 496 lium
339 453 454 494 curie
487 456 643 504 nostre,
677 453 997 507 prenominatos
1021 454 1132 495 viros
1166 455 1218 495 ad
1249 470 1323 496 vos
1356 472 1490 512 usque
1521 462 1790 502 remittimus.
1846 463 1910 504 De
1937 479 2115 519 quorum
2141 481 2223 507 non
2250 469 2396 509 imme—

203 522 282 563 rito
326 520 590 563 confidentes
635 520 884 576 prudentia,
932 522 1112 563 verbum
1162 530 1352 566 nostrum
1402 541 1477 581 per
1525 544 1598 569 eos
1640 537 1782 571 vestre
1832 532 2156 575 edisserendum
2199 535 2399 578 duximus

204 590 432 641 sanctitati,
474 594 677 644 rogantes
710 591 918 631 attentius
952 595 994 631 ct
1028 591 1251 633 hortantes
1287 608 1373 642 vos,
1419 602 1462 636 ut
1497 597 1639 637 verbis
1675 599 1864 653 ipsorum
1900 602 2025 643 tidem
2060 604 2305 645 adhibeatis
2338 607 2399 646 in-

202 659 438 701 dubitatam
483 663 526 700 et
566 672 629 707 ea,
675 672 757 714 quc
802 673 826 699 a
868 660 993 700 nobis
1035 667 1296 716 acceperunt
1330 663 1449 704 vobis
1492 668 1782 720 proponenda.
1833 671 1914 724 pie,
1964 673 2074 713 sii-,ut
2107 675 2320 724 convenit,
2360 682 2401 715 et

201 729 438 770 affectuose
471 726 620 768 audire
653 727 905 783 procuretis.

197 1114 252 1182 3.
296 1109 988 1182 DECLARATIO
1040 1110 1662 1186 PRINCIPUM
1714 1116 1824 1187 [N
1892 1117 2399 1195 FAVOREM

852 1214 1356 1287 PHILIPPI
1409 1217 1750 1290 REGIS.

1070 1341 1259 1398 (1199.)
1298 1342 1409 1389 Mai.
1440 1343 1518 1390 28.

336 1485 466 1528 Dedit
496 1486 561 1527 vir
592 1485 631 1529 d.
658 1485 794 1539 Tcmsyl
823 1499 843 1524 c
873 1484 1060 1538 Reqessstm·
1102 1486 1341 1528 Innocenti}
1373 1487 1464 1529 III.
1505 1491 1595 1530 tom.
1627 1489 1698 1540 VI,
1724 1491 1799 1544 fol.
1821 1490 1880 1541 4',
1913 1506 1971 1544 cp.
1998 1495 2062 1533 14.
2109 1519 2156 1522 —
2207 1494 2395 1543 Bo'hmer,

193 1555 294 1610 Rey.
325 1555 423 1608 imp.
456 1554 501 1605 V,
523 1556 591 1596 27.
2042 1561 2112 1613 (P.
2136 1564 2254 1612 201.)

336 1681 594 1724 Reverendo
632 1681 675 1722 in
715 1680 888 1722 Christo
930 1682 1041 1736 patri
1082 1681 1256 1723 domino
1290 1682 1544 1724 Innocentio
1589 1691 1738 1727 sancte
1772 1685 1966 1727 Romane
2008 1689 2194 1730 ecclesie
2229 1703 2394 1729 summo

194 1751 386 1808 pontifici
419 1750 750 1792 Germaniarum
782 1751 999 1806 principes
1033 1755 1075 1791 et
1106 1756 1347 1806 magnates.
1383 1752 1423 1792 in
1458 1751 1631 1794 Christo
1665 1754 1753 1797 filii.
1787 1754 2145 1810 Madeburgensis
2179 1757 2391 1811 archiepi—

191 1834 360 1876 scopus,
391 1819 675 1861 Treuerensis
707 1819 1077 1875 archiepiscopus,
1118 1819 1350 1861 Bisuntine
1384 1820 1498 1861 sedis
1532 1822 1896 1878 archiepiscopus,
1937 1824 2268 1879 Ratisponensis
2304 1827 2394 1881 epi-

191 1904 360 1947 scopuS,
392 1889 682 1944 Frisingensis
717 1889 961 1944 episcopus.
994 1889 1290 1943 Augustensis
1315 1890 1563 1946 episcopus,
1597 1890 1943 1933 Constantiensis
1969 1893 2213 1949 episcopus.
2248 1894 2391 1935 Eiste-

190 1958 336 2002 densis
379 1959 632 2014 episcopus,
678 1957 1013 2000 Wormatiensis
1062 1959 1311 2014 episcopus,
1369 1958 1585 2015 Spirensis
1631 1961 1878 2016 episcopus,
1929 1962 2170 2004 Brixicnsis
2218 1964 2394 2011 electus,

188 2027 498 2070 Ildesemensis
542 2027 772 2082 episcopus
813 2027 1050 2083 imperialis
1083 2027 1180 2068 aule
1215 2028 1516 2079 cancellarius,
1564 2029 1698 2070 abbas
1732 2029 1977 2074 Fuldeusis.
2015 2031 2148 2072 abbas
2182 2031 2392 2072 Hersuel-

193 2096 352 2148 densis,
401 2096 535 2138 abbas
579 2096 632 2138 de
664 2095 900 2151 Tegernse,
948 2096 1085 2137 abbas
1117 2095 1398 2147 Elwacensis,
1447 2098 1551 2138 item
1585 2112 1661 2139 rex
1694 2098 1889 2146 Boemie,
1938 2099 2026 2140 dux
2060 2100 2260 2141 Saxonie.
2308 2100 2393 2140 dux

188 2165 402 2218 Bawarie,
445 2165 534 2206 dux
565 2165 758 2216 Austrie,
791 2164 880 2205 dux
912 2164 1152 2215 Merannie,
1196 2165 1285 2206 dux
1316 2165 1614 2221 Lotharingie‚
1648 2167 1839 2209 marchio
1874 2168 2169 2213 Missenensis,
2204 2168 2392 2209 marchio

188 2234 608 2290 BrandeburgensiS,
649 2235 842 2276 marchio
882 2234 1090 2286 Morauie,
1136 2235 1327 2276 marchio
1370 2234 1422 2276 de
1462 2235 1731 2291 Rumesperc
1773 2238 1931 2292 aliique
1971 2238 2102 2279 totius
2137 2238 2392 2278 Alemannie

188 2304 372 2355 nobiles,
404 2304 600 2345 debitum
632 2304 907 2360 et'paratum
942 2318 1036 2345 cum
1071 2305 1186 2345 omni
1217 2304 1447 2346 devotione
1481 2309 1524 2345 et
1556 2304 1764 2360 obsequio
1800 2305 2068 2348 famulatum.

331 2373 395 2428 (1)
434 2373 687 2430 Apostolice
720 2373 1002 2415 beatitudinis
1036 2374 1282 2422 eminentia,
1326 2387 1409 2428 que
1442 2374 1522 2429 piis
1556 2375 1891 2429 supplicantium
1925 2375 2149 2416 desideriis
2184 2380 2226 2415 et
2258 2377 2387 2416 affec-

190 2441 304 2483 tibus
336 2446 504 2498 gratam
538 2457 710 2499 semper
735 2443 959 2484 consuevit
990 2443 1200 2498 impertiri
1223 2442 1563 2484 benivolentiam
1588 2449 1631 2484 et
1655 2457 1893 2493 assensum,
1927 2444 2093 2484 firmam
2116 2444 2386 2484 universitati

185 2515 333 2554 nostre
366 2511 668 2553 certitudinem
699 2512 999 2563 amministrat,
1033 2511 1144 2566 quod
1176 2512 1218 2552 in
1251 2511 1346 2563 hiis,
1380 2525 1462 2566 que
1495 2526 1519 2553 a
1552 2512 1781 2554 sanctitate
1806 2517 1949 2553 vestra
1978 2512 2209 2553 iustissime
2237 2517 2384 2566 postu-

186 2580 338 2633 lamus,
379 2581 696 2636 benignitatem
735 2581 1021 2637 apostolicam
1057 2580 1294 2622 debeamus
1327 2585 1369 2621 et
1408 2582 1449 2621 in
1484 2580 1757 2622 exaudiendo
1790 2581 2034 2636 persentire
2067 2580 2240 2622 facilem
2275 2584 2317 2620 et
2349 2580 2389 2619 in

187 2650 443 2705 exequendo
467 2650 581 2706 quod
604 2651 789 2706 petimus
813 2650 1094 2691 fructuosam.
1142 2648 1353 2696 Quocirca
1378 2650 1660 2704 magnitudini
1683 2655 1827 2692 vestre
1847 2649 2047 2690 duximus
2069 2649 2388 2697 declarandum,

184 2717 293 2773 quod
326 2723 492 2760 mortuo
524 2719 669 2760 inclito
702 2718 874 2760 domino
906 2724 1054 2760 nostro
1078 2718 1322 2773 H(einrieo)
1348 2718 1642 2759 Romanorum
1675 2719 1935 2774 imperatore
1965 2723 2163 2772 augusto.
2199 2718 2385 2758 collecta

187 2786 461 2829 multitudine
493 2788 751 2844 principum,
783 2788 859 2829 ubi
892 2788 1101 2829 nobilium
1135 2792 1178 2829 et
1210 2788 1556 2829 ministerialium
1579 2788 1746 2842 imperii
1770 2801 1973 2828 numerus
1998 2786 2148 2827 aderat
2172 2786 2384 2840 copiosus.

185 2854 397 2897 illustrem
429 2856 646 2898 dominum
679 2861 871 2898 nostrum
903 2856 1192 2912 Ph(ilippum)
1225 2857 1268 2896 in
1301 2857 1610 2911 imperatorem
1643 2855 1827 2896 Romani
1865 2855 1958 2896 solii
1993 2855 2073 2895 rite
2106 2861 2148 2895 et
2183 2854 2384 2907 sollemp-

185 2923 297 2965 niter
327 2925 554 2980 elegimus,
593 2940 676 2981 quo
709 2940 791 2967 nec
823 2926 1090 2980 ingenuitate
1123 2925 1419 2966 sublimiorem
1451 2938 1531 2966 nec
1563 2924 1772 2965 honorum
1806 2924 1900 2964 luce
1934 2924 2070 2978 magis
2104 2923 2380 2977 conspicuum

184 3006 324 3048 neque
367 2994 421 3035 ad
460 2999 610 3050 ceptra
650 2999 694 3036 et
735 2995 946 3050 regimina
991 2995 1103 3036 sacri
1151 2994 1321 3049 imperii
1363 2993 1645 3048 gubernanda
1679 3007 1757 3034 nec
1802 2992 1854 3033 ad
1888 2993 2115 3034 ecclesiam
2150 2990 2243 3041 Dei,
2278 2990 2386 3031 sicut

185 3060 359 3116 dignum
400 3066 467 3104 est
499 3067 542 3104 et
578 3063 769 3118 expedit,
810 3063 1119 3105 defensandam
1161 3063 1373 3118 potiorem
1407 3063 1622 3118 potuimus
1656 3063 1863 3103 invenire.
1981 3060 2046 3117 (2)
2083 3060 2247 3102 Verum
2281 3072 2384 3114 quo-

187 3131 302 3172 niam
344 3136 522 3187 propter
563 3147 723 3188 paucos
767 3133 987 3188 principes
1020 3133 1185 3174 iustitie
1217 3132 1472 3174 resistentes
1507 3131 1560 3172 ad
1593 3131 1769 3185 negotia
1801 3131 1967 3185 imperii
1999 3130 2161 3170 utiliter
2192 3133 2384 3184 pertrac-

184 3199 315 3241 tanda
346 3200 400 3241 ad
432 3201 513 3243 hec
544 3215 682 3257 usque
717 3206 916 3257 tempora
947 3215 1030 3242 non
1065 3201 1356 3252 convenimus,
1389 3207 1529 3241 nunca
1559 3199 1870 3240 deliberatione
1892 3198 2040 3239 habita
2072 3211 2166 3238 cum
2191 3195 2380 3251 predicto

184 3266 356 3310 domino
387 3273 534 3311 nostro
557 3283 661 3324 rege
685 3268 927 3326 Ph(ilippo)
957 3270 1072 3325 apud
1093 3267 1349 3310 Nfirenberc
1375 3269 1660 3323 sollempnem
1685 3267 1846 3308 curiam
1869 3265 2199 3315 celebravimus,
2232 3263 2384 3304 unani-

183 3336 310 3378 miter
340 3337 402 3378 ita
433 3337 604 3380 domino
636 3342 796 3389 nostro,
830 3339 1086 3394 disponente
1118 3338 1361 3388 Altissimo,
1402 3340 1552 3377 contra
1583 3335 1827 3376 turbatores
1862 3348 1962 3376 suos
1995 3332 2251 3374 adiutorium
2283 3344 2381 3386 pre-

185 3404 337 3456 stituri,
370 3406 483 3461 quod
514 3407 658 3449 nullus
690 3408 735 3449 in
766 3409 948 3463 imperio
982 3412 1026 3449 et
1057 3408 1101 3448 in
1132 3407 1273 3458 terris,
1307 3420 1413 3461 quas
1435 3405 1736 3446 serenissimus
1758 3404 1891 3444 frater
1914 3417 2016 3444 suus
2049 3401 2210 3452 habuit,
2245 3399 2383 3455 ipsius

184 3472 362 3515 audebit
406 3474 643 3517 dominium
690 3490 907 3518 recusare.
1026 3476 1092 3533 (3)
1132 3475 1346 3523 Quocirca
1393 3473 1615 3528 dignitatis
1664 3472 1898 3528 apostolice
1950 3470 2225 3511 clementiam
2268 3467 2381 3508 omni

184 3542 324 3584 studio
369 3547 412 3585 et
448 3546 689 3587 attentione
729 3560 944 3601 rogamus,
985 3550 1033 3586 ut
1071 3558 1247 3600 precum
1287 3547 1531 3584 nostrarum
1570 3542 1830 3591 interventu,
1871 3539 1942 3594 qui
1974 3538 2167 3579 Romane
2200 3535 2381 3578 ecclesie

318 3645 356 3681 3.
383 3646 415 3689 ²)
440 3659 504 3682 nec
529 3649 681 3682 distincte
707 3661 733 3682 c.

2070 3707 2111 3740 1*
