2558 3970
188 165 239 202 62
587 161 824 195 FRIDERIOI
853 161 895 194 ll.
922 160 1348 194 CONS'l‘lTUTlONES.
1402 160 1497 193 1213.
1540 161 1636 195 1214.
1685 161 1749 196 Nr.
1768 163 1823 195 49.
1848 164 1902 197 50.
1928 165 1981 197 51.

187 275 303 327 (Ros.
330 274 477 317 XVI.)
511 275 655 315 collato
676 288 702 314 av
727 274 811 314 re‘ro
833 274 882 316 cl.
904 273 1131 323 ΙΙΙοΙῖ·ηῖον;
1162 273 1206 328 4)
1239 273 1369 314 codice
1393 274 1664 315 Oltobonc'ano
1685 275 1798 315 2546
1819 288 1922 318 saec.
1947 276 2081 318 XIII.
2105 290 2166 318 ex.
2194 276 2274 331 fol.
2291 275 2366 318 27‘

187 344 330 383 collato
360 359 384 383 ιι
421 345 505 383 ciro
525 344 564 384 d.
589 342 857 383 Domibaam..
902 341 1109 383 Huillard
1121 367 1135 372 -
1151 342 1367 383 Breleolles
1388 342 1423 392 I,
1445 344 1530 383 272
1560 343 1782 383 secundeum
1801 344 2030 396 Lilnessyinm-
2051 344 2368 386 ‘Rcichsarelziv'

189 412 317 454 XIX.
346 414 448 453 1023:
483 411 660 451 Theium·
692 411 715 450 I.
739 424 769 451 e.
803 410 837 451 I.
863 423 908 460 p.
937 412 1016 449 183
1045 424 1096 451 ea,-
1118 413 1369 450 transsumto
1391 411 1463 451 illo
1485 411 1729 463 principum
1749 426 1788 452 ιι.
1813 413 1935 453 1274.
1969 438 2022 443 -
2053 412 2246 463 Bo'lmner,
2268 413 2366 465 Req.

189 481 280 532 imp.
316 479 358 529 Γ.
384 483 464 519 507·
494 482 531 519 ct
564 482 688 519 Τοῖα.
1990 480 2062 533 (P.
2084 481 2225 530 deest.)

328 593 403 633 In²¹
436 593 603 633 nomine
639 597 786 633 sancte.
821 597 863 633 et
895 591 1112 633 individue
1146 592 1384 633 Trinitatis.
1435 598 1513 644 Ego
1539 592 1823 634 Fredericusb
1857 594 2095 635 secundus⁰
2117 594 2199 635 Dei
2232 595 2370 650 gratia

186 660 474 701 Ronmnorum
511 675 586 701 rex
620 666 662 701 et
696 675 865 715 semper
897 666 1104 715 augustus
1139 666 1181 701 et
1212 675 1289 701 rex
1314 661 1457 702 Sicilie
1489 667 1559 701 tibi
1581 668 1731 703 domino
1754 680 1836 703 meo
1861 662 2161 703 sanctissimod
2192 667 2235 703 et
2255 663 2369 718 patri

186 731 407 770 carissimo
442 735 658 769 Innocentio
691 748 786 780 pape
819 731 971 770 tortio‘*
1003 736 1151 779 tuisque
1184 736 1456 770 successoribus
1488 738 1526 770 et
1557 736 1710 771 ecclesie
1732 736 1908 780 Romane,
1941 731 2238 786 presentibusf
2268 733 2368 773 sub-

185 798 352 852 scriptis
393 797 656 852 principibus
694 799 860 852 imperii
896 803 938 839 ct
971 799 1202 849 nobilibus,
1244 805 1419 849 spondeo,
1461 804 1649 849 polliceor,
1687 805 1868 850 promitto
1901 807 1938 840 et
1968 805 2067 841 iuro:
2113 806 2213 850 quod
2243 817 2370 841 omnes

185 872 446 917 possessiones.
488 873 646 907 honores
686 875 720 907 et
759 872 839 906 iura
879 873 1042 907 Romane
1083 872 1236 907 ecclesie
1274 885 1340 917 pro
1378 885 1486 917 posse
1528 885 1610 908 meo
1650 874 1748 908 bona
1785 875 1855 909 fide
1895 876 2090 920 protegam
2127 877 2165 910 et
2204 874 2370 910 servabo.

186 941 438 975 Possessiones
469 944 604 978 autem.
645 953 736 984 quus
775 941 930 975 ccclesia
962 941 1128 976 Romana
1159 941 1404 986 recuperavit,
1446 941 1581 976 liberas
1614 944 1652 976 et.
1683 942 1830 986 quietas
1862 943 1932 977 sibi
1964 943 2153 978 dimittam
2184 945 2222 978 et
2252 942 2372 988 ipsam

184 1010 230 1043 aul
253 1021 313 1044 eas
337 1009 548 1044 retinendus
580 1010 678 1044 bona
706 1010 775 1044 fide
798 1009 952 1051 iuvabo;
985 1022 1077 1053 quas
1099 1012 1224 1044 autem
1246 1010 1436 1044 nondumg
1466 1010 1712 1055 recuperavit,
1745 1011 1894 1046 adiutor
1916 1023 1978 1047 ero
2000 1012 2046 1045 ad
2067 999 2371 1056 recuperandum,

185 1085 220 1112 et
263 1081 563 1123 reculwrntarum
612 1079 811 1113 secundum
855 1090 963 1123 posse
1008 1090 1130 1113 meum
1177 1090 1238 1113 ero
1282 1078 1360 1113 sine
1392 1078 1521 1112 fraude
1553 1079 1735 1114 defensor.
1795 1073 1870 1114 Eth
1901 1091 2132 1124 quecumque
2164 1080 2211 1115 ad
2241 1091 2372 1115 manus

185 1159 283 1181 meas
321 1147 530 1185 devenient„
576 1148 653 1182 sine
700 1148 920 1181 difficultate
964 1147 1162 1181 restituere
1208 1147 1426 1192 procurabo.
1491 1147 1549 1181 Ad
1589 1148 1656 1182 has
1696 1143 1879 1192 pertinet.i
1912 1150 1994 1183 tota
2030 1151 2131 1183 terra
2161 1160 2232 1193 que
2263 1151 2320 1184 est
2350 1160 2373 1183 a

422 1210 440 1234 ¹⁵
479 1230 592 1261 usque
625 1216 865 1261 Ceperanum,
906 1210 1143 1251 exarclnttus¹
1182 1216 1370 1259 Rauenne,
1402 1216 1629 1260 Pentapolis,
1668 1216 1833 1251 marchia
1865 1211 2186 1264 Anconitanam‚
2217 1217 2372 1253 ducatus

186 1217 411 1251 lindicofulw

184 1286 422 1330 spoletanus.
465 1289 563 1319 terra
601 1285 788 1320 comitisse
827 1285 992 1319 Matildis
1004 1286 1033 1327 ¹¹,
1078 1284 1278 1319 comitatus
1317 1284 1562 1319 Brittenorii⁰
1601 1286 1708 1318 cump
1747 1285 2004 1321 adiacentibus
2043 1285 2152 1320 terris
2190 1285 2373 1331 expressis

186 1355 222 1388 in
255 1355 381 1388 multis
414 1354 620 1399 privilegiis
652 1354 918 1399 imperatorum
951 1365 973 1388 a
1004 1356 1172 1398 tempore
1204 1353 1428 1388 Lodowiciq.
1489 1353 1565 1388 Has
1599 1365 1724 1388 omnes
1757 1366 1823 1399 pro
1855 1366 1963 1399 posse
1994 1366 2076 1389 meo
2108 1354 2305 1390 restituam
2337 1357 2376 1390 et

185 1423 310 1466 quiete
343 1423 532 1457 dimittam
556 1435 637 1457 cum
670 1423 769 1457 omni
791 1423 1059 1465 iurisdictione,
1091 1422 1265 1456 districtu
1288 1424 1326 1457 et
1346 1423 1487 1457 honore
1515 1434 1591 1456 suo.
1641 1422 1894 1457 Veruntamen
1924 1435 2006 1458 cum
2034 1423 2080 1457 ad
2101 1423 2376 1469 1·ecipiendum²'

184 1504 357 1526 coronam
390 1492 536 1536 imperii
570 1492 626 1526 vel
658 1504 724 1536 pro
756 1491 1043 1527 necessitatibus
1076 1491 1230 1526 ecclesie
1262 1491 1308 1525 ab
1339 1491 1548 1536 apostolica
1579 1491 1664 1525 sede
1696 1493 1848 1526 vocatus
1881 1503 2080 1536 accessero,
2122 1492 2167 1527 de
2197 1492 2374 1527 mandato

184 1561 315 1594 summi
354 1560 539 1605 pontificis
578 1560 778 1605 recipiamS
816 1560 1127 1605 procurationem
1166 1559 1212 1593 ab
1253 1553 1326 1594 eiS.
1393 1559 1552 1594 Adiutor
1590 1559 1704 1594 etiam
1743 1572 1804 1595 ero
1836 1560 1883 1594 ad
1913 1560 2149 1595 retinendum
2181 1562 2219 1596 et
2249 1561 2372 1597 defen-

182 1630 341 1664 dendum
388 1630 541 1664 ecclesie
583 1629 747 1664 Romane
795 1641 949 1675 regnum
989 1628 1124 1663 Sicilie.
1194 1627 1277 1662 Tibi
1316 1627 1430 1663 etiam
1472 1628 1622 1663 domino
1664 1640 1746 1664 meo
1778 1629 1997 1664 Innocentio
2035 1641 2131 1675 pape
2163 1631 2202 1665 et
2233 1641 2371 1665 succes-

184 1699 326 1733 soribus
359 1699 432 1733 tuis
466 1711 611 1733 omnem
635 1698 887 1733 obedientiam
910 1700 947 1733 et
974 1697 1297 1732 honorificentiam
1326 1697 1520 1740 exhibebo,
1553 1710 1665 1742 quam
1686 1699 1812 1734 devoti
1842 1700 1880 1732 et
1902 1693 2099 1733 catholicit
2129 1698 2374 1743 imperatores

183 1771 453 1803 consueverunt
496 1768 573 1803 sedi
610 1767 815 1813 apostolice
855 1767 1041 1802 exhibere.
1110 1766 1268 1808 [Stabou
1300 1766 1414 1800 etiam
1446 1766 1493 1800 ad
1524 1766 1719 1801 consilium
1751 1771 1789 1801 et
1826 1767 2023 1801 arbitrium
2054 1769 2160 1801 tuum
2191 1767 2235 1802 de
2266 1766 2374 1802 bonis

183 1836 512 1871 consuetudinibus
545 1837 683 1881 populo
706 1836 872 1871 Romano
906 1835 1097 1871 servandis
1120 1837 1158 1870 et
1180 1834 1423 1877 exhibendis]
1483 1828 1561 1869 *Et
1581 1835 1610 1869 si
1633 1837 1787 1880 propter
1808 1836 2000 1881 negotium
2021 1847 2145 1870 meum
2168 1835 2375 1871 Romanam

185 1906 377 1940 ecclesiam
412 1905 620 1950 oportuerit
651 1905 866 1940 incurrerev
897 1916 1080 1950 guerram,
1123 1904 1340 1939 subveniam
1373 1904 1417 1947 ei,
1459 1904 1555 1938 sicut
1585 1904 1788 1939 necessitas
1828 1904 2088 1949 postulaverit,
2120 1904 2159 1938 in
2192 1904 2374 1950 expensis.

184 1974 314 2008 Omnia
348 1987 433 2009 vero
473 1974 641 2019 predicta
680 1976 758 2008 tam
797 1974 1006 2009 iuramento
1039 1985 1150 2018 quam
1183 1973 1321 2018 scripto
1354 1972 1518 2015 firmabo,
1561 1984 1643 2007 cum
1683 1973 1829 2018 imperii
1861 1974 1965 2008 fuero
1999 1984 2173 2009 coronam
2205 1973 2373 2018 adeptus.

326 2038 550 2093 Principes
594 2042 738 2078 autem
778 2037 949 2092 imperii
993 2041 1033 2078 et
1072 2036 1256 2087 nobiles,
1301 2036 1453 2091 quibus
1494 2035 1767 2091 presentibus
1808 2037 1959 2088 iuravi,
2000 2036 2058 2076 hii
2091 2040 2208 2078 sunt:
2247 2035 2374 2076 Euir-

185 2107 379 2147 hardusw
413 2106 772 2160 Salzburgensisx
805 2106 1167 2161 archiepiscopus,
1208 2105 1424 2146 Berardus
1456 2105 1661 2146 Barensis
1694 2105 2086 2161 archiepiscopusy,
2118 2104 2375 2159 Mangoldus

183 2174 480 2215 Patauiensis²
514 2176 757 2230 episcopus,
791 2173 1085 2228 Engilhardus
1107 2173 1508 2227 Nuemburgensis³
1540 2174 1784 2228 episcopus,
1819 2172 2069 2214 Conradusb
2093 2172 2303 2214 Metensis
2334 2178 2377 2214 et

186 2242 402 2298 Spirensis
446 2244 671 2298 episcopus
714 2243 948 2297 imperialis
990 2243 1087 2283 aule
1131 2242 1428 2293 cancellarius,
1470 2240 1749 2297 Luppoldusc
1793 2241 1881 2283 dux
1913 2242 2090 2284 Austrie
2129 2246 2172 2283 et
2205 2240 2372 2294 Stirieffi

183 2311 440 2352 Lodowicus
487 2312 574 2352 dux
617 2312 830 2362 Bawarie,
878 2326 1022 2353 comes
1069 2311 1278 2352 Albertus
1327 2310 1379 2352 de
1422 2310 1681 2363 Euirsteine,
1725 2310 1940 2352 Henricus
1989 2310 2274 2351 marescalcus
2318 2308 2372 2350 de

188 2379 444 2431 Kallindinf,
477 2379 737 2421 Gualterusg
768 2381 990 2435 pincerna.

327 2449 485 2489 Actum
509 2449 550 2489 in
573 2448 764 2504 capellall
787 2450 827 2489 in
853 2453 993 2490 castro
1012 2448 1141 2503 Egre,
1165 2462 1275 2490 anno
1293 2448 1503 2489 dominice
1527 2447 1851 2489 incarnationisi
1868 2446 2115 2499 MOOXIIL
2138 2446 2245 2489 IIII.
2267 2446 2370 2488 Idus

187 2517 300 2569 Iulii,
334 2516 574 2557 indictionis
607 2517 782 2572 primek.

351 2650 422 2693 51.
466 2649 813 2693 GONSENSUS
843 2649 1171 2693 LUDEWICI
1203 2650 1454 2694 COMITIS
1482 2650 1794 2694 PALATINI.
1857 2652 2023 2704 (1214.)
2058 2649 2143 2694 Oet.
2167 2652 2205 2693 6.

328 2730 547 2785 Principes
569 2730 735 2781 imperii
756 2730 942 2771 universi
962 2743 1074 2771 anno
1098 2732 1208 2772 1213
1229 2743 1300 2772 seu
1323 2732 1433 2771 1214
1455 2745 1537 2783 per
1557 2732 1755 2783 scriptum
1776 2731 2025 2776 consensisse
2046 2728 2372 2772 concessionibus

185 2813 209 2839 a
233 2799 277 2839 F
275 2799 448 2840 riderico
470 2799 533 2842 II.
558 2798 773 2839 Romanae
794 2799 982 2840 eeclesiae
1007 2797 1146 2853 factis,
1178 2799 1366 2840 docemur
1387 2801 1537 2852 scripto
1563 2800 1805 2852 principum
1825 2798 2003 2840 eiusdem
2023 2798 2179 2839 indolis
2199 2811 2240 2838 a.
2260 2797 2371 2838 1220

323 2912 383 2947 49.
419 2915 449 2955 a)
476 2915 523 2945 In
549 2932 591 2936 —
619 2914 848 2946 Trinitatis
873 2914 939 2946 des.
968 2913 1012 2946 A.
1044 2914 1080 2946 Ο.
1197 2912 1229 2955 b)
1255 2916 1396 2958 FR9cus
1422 2913 1508 2957 B2;
1541 2916 1608 2948 FR.
1635 2914 1716 2947 B4.
1834 2914 1863 2956 0)
1891 2914 1982 2947 deest
2004 2913 2036 2945 Β
2053 2912 2085 2946 3.
2201 2910 2234 2954 d)
2260 2922 2373 2944 sanc-

186 2971 349 3003 tissimo
375 2989 416 2993 —
443 2971 666 3003 carissimo
692 2971 758 3002 des.
779 2971 821 3002 A.
846 2972 882 3003 ί).
978 2971 1006 3011 θ)
1032 2972 1092 3002 111.
1111 2970 1142 3002 Β
1162 2970 1192 3002 1.
1210 2969 1247 3010 3;
1272 2972 1399 3004 tertio
1425 2971 1513 3004 deest
1531 2971 1573 3004 A.
1597 2971 1634 3004 Ο.
1735 2969 1764 3014 f)
1789 2972 2061 3014 presentibus
2086 2988 2129 2992 ——
2155 2969 2374 3004 nobilibus

187 3027 254 3059 cle-3.
282 3028 322 3058 A.
353 3028 388 3059 Ο.
483 3033 515 3068 8)
543 3028 695 3060 nundum
723 3028 764 3059 A.
790 3027 823 3059 Β
848 3026 879 3059 3.
991 3026 1024 3068 1¹)
1053 3029 1094 3060 Et
1118 3027 1209 3060 deest
1234 3027 1276 3060 A.
1376 3027 1399 3069 ί)
1425 3029 1595 3071 pertinent
1619 3028 1662 3061 A.
1755 3026 1790 3070 k)
1816 3029 2022 3061 Rodicofano
2048 3027 2081 3059 B
2105 3025 2137 3060 2.
2229 3025 2255 3068 1)
2279 3037 2373 3059 exar-

187 3091 283 3117 catus
310 3085 351 3116 A.
378 3085 410 3115 Β
434 3084 464 3117 3.
560 3087 600 3125 ¹¹¹)
625 3085 889 3116 Anconitana
914 3084 1003 3117 deest
1030 3084 1071 3117 Α.
1103 3086 1138 3117 0.
1246 3083 1279 3127 n)
1306 3085 1471 3117 Mattildis
1495 3085 1528 3116 Β
1553 3084 1590 3122 23
1616 3083 1791 3117 Mathildis
1816 3084 1848 3116 B
1873 3084 1904 3117 3.
1929 3083 1960 3117 4.
1987 3084 2029 3116 A.
2124 3082 2156 3125 ⁰)
2182 3083 2373 3115 Brutenorii

188 3142 228 3172 A.
249 3141 280 3172 B
297 3141 333 3173 3:
360 3142 559 3174 Brettenorii
586 3140 618 3172 Β
635 3140 666 3173 4.
807 3142 838 3183 Ρ)
866 3142 966 3174 aliis
991 3142 1073 3173 add.
1100 3142 1142 3173 A.
1175 3142 1211 3174 0.
1351 3143 1381 3182 q)
1406 3142 1546 3175 Lodvici
1573 3142 1604 3172 Β
1621 3140 1658 3181 3;
1684 3142 1846 3174 Lodouici
1876 3141 1907 3173 Β
1924 3140 1954 3173 4.
2093 3141 2120 3182 r)
2147 3139 2373 3182 recipiendam

188 3197 219 3228 Β
247 3198 275 3230 1.
302 3197 332 3229 2.
361 3199 402 3229 A.
520 3204 545 3239 S¹)
571 3199 736 3240 accipiam
761 3198 794 3229 Β
820 3198 848 3230 1.
876 3197 908 3231 2.
1027 3198 1052 3241 t)
1079 3199 1238 3231 catholici
1262 3204 1295 3230 et
1320 3199 1433 3231 dovoti
1458 3198 1501 3231 A.
1616 3198 1650 3240 ¹¹)
1675 3199 1770 3230 uncis
1793 3199 1928 3231 inclusa
1951 3199 1986 3230 in
2011 3198 2082 3230 solo
2109 3197 2149 3230 A.
2267 3195 2300 3239 V)
2325 3196 2374 3228 in-

188 3255 306 3287 timare
331 3254 364 3286 Β
389 3254 418 3286 3.
513 3254 552 3296 w)
579 3255 795 3287 Eberhardus
815 3254 862 3293 „13
889 3256 1097 3288 Euirhaldus
1115 3255 1147 3287 Β
1166 3255 1200 3295 1;
1227 3256 1410 3288 Euiraldus
1428 3255 1461 3286 Β
1478 3254 1517 3295 2;
1544 3256 1740 3288 liurhardus
1759 3255 1792 3286 Β
1808 3254 1841 3288 3.
1933 3255 1965 3296 X)
1994 3254 2273 3297 Salzeburgensis
2291 3252 2323 3285 Β
2339 3251 2370 3285 2.

188 3316 218 3351 δ’)
245 3312 297 3343 hic
322 3318 505 3353 sequnntur
531 3312 564 3343 in
591 3313 638 3343 A:
674 3313 919 3344 Chonradus
944 3314 1145 3345 Metensis
1171 3314 1397 3355 episcopus
1423 3313 1659 3355 imperialis
1690 3313 1784 3345 aule
1809 3312 2108 3345 cancellarius.
2204 3311 2233 3354 z)
2259 3311 2373 3342 Parta-

189 3369 314 3400 viensis
340 3368 371 3399 Β
397 3369 427 3400 3.
456 3369 498 3400 Α.
616 3374 644 3405 ²¹)
672 3371 977 3412 Nuuenburgensis
1003 3370 1035 3402 Β
1052 3369 1089 3410 4;
1116 3371 1424 3413 Nurcmburgensis
1449 3370 1481 3401 B
1505 3369 1542 3409 33
1569 3371 1788 3412 Niwenburg.
1808 3371 1850 3402 A.
1967 3368 1998 3411 b)
2025 3369 2198 3402 (.'on1·adus
2225 3386 2268 3390 —
2293 3378 2372 3400 can-

188 3425 344 3457 cellarius
374 3426 441 3458 des.
467 3426 519 3456 Ιιὶς
545 3427 587 3457 .-1.
751 3428 779 3467 c)
812 3428 999 3470 Liupoldus
1026 3427 1072 3467 A;
1108 3428 1285 3471 Lupoldus
1314 3427 1346 3459 Β
1369 3427 1399 3459 3.
1426 3426 1457 3460 4.
1620 3425 1653 3468 ¹¹)
1684 3428 1794 3470 Styrie
1825 3427 1857 3458 Β
1881 3426 1913 3460 2.
1938 3425 1975 3468 4;
2013 3431 2050 3459 ct
2084 3426 2211 3458 Stirie
2241 3425 2310 3457 des.
2330 3424 2373 3457 A.

189 3487 219 3522 e)
244 3483 403 3514 Ewirteiu
430 3482 461 3513 Β
490 3482 516 3514 1.
544 3481 581 3514 2;
619 3484 784 3515 Euusteiu
810 3484 842 3515 Β
866 3483 906 3523 3;
941 3486 1118 3518 Εὶιθῑεῐθίη
1144 3485 1187 3517 A.
1328 3483 1358 3526 f)
1383 3485 1576 3517 Callindum
1601 3484 1633 3516 Β
1662 3484 1694 3524 1;
1732 3485 1920 3516 Kallindun
1945 3483 1977 3515 Β
2000 3481 2037 3523 2;
2075 3482 2252 3515 Balleudin
2277 3481 2310 3513 Β
2333 3480 2371 3520 3;

188 3539 406 3572 Henricus
432 3540 477 3572 de
503 3540 809 3572 Clialanduina
835 3543 1122 3575 marescalcus
1148 3542 1318 3585 imperii
1344 3541 1386 3573 A.
1505 3540 1722 3582 s)Ga1terus
1746 3541 1779 3572 Β
1803 3539 1840 3582 23
1871 3540 2069 3573 Gualterius
2093 3539 2126 3571 B
2150 3537 2187 3579 3;
2214 3544 2245 3572 et
2270 3538 2373 3571 Gual-

187 3597 292 3629 terius
317 3595 349 3627 Β
374 3595 410 3636 43
449 3596 634 3629 XValterius
662 3597 704 3628 A.
845 3596 878 3638 1²)
905 3600 1056 3641 cappella
1080 3599 1114 3631 B
1135 3598 1167 3632 4.
1308 3597 1331 3639 i)
1363 3609 1472 3630 anno
1503 3598 1660 3630 domini
1686 3598 1729 3630 A.
1869 3595 1903 3639 Β)
1937 3597 2049 3629 indict.
2075 3598 2100 3629 I.
2127 3595 2160 3627 Β
2184 3594 2221 3634 4;
2257 3595 2373 3628 indict.

188 3653 295 3694 prima
322 3654 363 3685 A.

2411 951 2441 975 10

2411 1296 2442 1320 15

2409 1642 2442 1666 20

2410 1982 2442 2007 25

2411 2330 2445 2356 30

2408 2741 2441 2767 35

2410 3092 2443 3116 40

2409 3375 2440 3400 45

2410 3658 2442 3683 50
