2558 3970
81 925 112 951 10

82 1274 113 1300 15

89 1963 121 1991 2⁵

92 2316 125 2342 80

90 2664 122 2690 ³5

680 173 920 208 FRIDERICI
950 174 992 208 ll.
1019 174 1449 211 Coxs'rl'rt'TloNEs.
1504 180 1605 213 1:232.
1655 180 1717 213 Nr,
1740 181 1812 214 169.
2265 185 2347 223 209

293 287 399 329 Cum
440 288 492 329 ad
534 289 866 344 postulationem
902 290 1212 331 venerabilium
1255 291 1524 333 dominorum
1569 294 1847 336 cardinalium
1901 297 2040 337 lambi
2078 297 2344 337 Peru-strinik

149 357 278 398 electi
311 363 354 398 et
386 356 555 398 Ottonis
590 356 736 398 Sancti
766 356 934 398 Nicolai
969 359 1009 399 in
1036 358 1222 400 Carcere
1246 360 1448 401 Tulliano
1481 362 1649 403 diaconi
1685 365 1931 409 cardinalis,
1969 366 2083 406 sedis
2108 367 2346 420 ap‹t›st‹,›licc

148 426 407 481 legatorum,
448 426 656 480 magister
688 425 963 467 Hermannus
995 426 1238 481 Hospitalis
1275 434 1421 470 sancte
1459 429 1591 471 Mai-ie
1625 431 1976 473 'l‘cutnnicorum¹
2021 434 2058 474 in
2098 434 2345 477 ierusalem.

149 494 324 535 nuntius
358 498 400 535 et
431 499 684 550 procurator
715 494 876 536 domini
911 495 1118 536 Friderici
1153 495 1234 537 Dei
1269 498 1408 551 gratia
1434 498 1724 540 Romanorum
1762 502 2031 556 imperaturis
2065 509 2143 542 ‹·t¹¹¹
2178 518 2348 558 scmpcr

148 563 336 618 augusti,
368 563 662 618 procuratorio
696 564 865 604 nomine
900 578 975 619 pro
1008 565 1096 619 ipso
1130 565 1387 619 imperatore
1422 581 1476 606 ex
1511 581 1594 607 una
1630 575 1747 623 parte
1783 576 1823 609 vt
1871 571 2127 626 infrascripti
2165 580 2347 612 rea-turcis·

147 636 189 673 et
229 631 536 673 ambaxatores
584 632 755 673 nomine
801 632 1166 688 infrascriptarum
1212 634 1433 674 civitatum
1476 642 1517 674 et
1558 637 1754 676 nomine¹¹
1807 640 2036 679 ¹Societatis
2079 640 2347 683 hominu-dns.

147 700 339 742 Marchie
383 706 425 742 et
465 701 675 742 Romania
719 714 794 756 pro
836 701 942 756 ipsis
981 702 1227 743 civitatibus
1263 708 1304 743 et
1338 703 1584 745 Societate⁰
1619 720 1672 744 cx
1706 706 1843 746 altera
1895 716 2040 747 css-cut
2076 709 2113 748 in
2149 716 2345 764 promptu

147 769 444 811 committendi
488 775 530 811 et
573 771 947 826 compromittendi
990 771 1030 811 in
1077 772 1265 826 prefatos
1312 771 1508 812 dominos
1552 773 1718 826 legatos
1761 775 1812 814 (ἰν
1857 775 2072 816 discordia
2116 792 2196 831 quc
2241 779 2349 818 iun-r

147 839 453 894 imperatorem
487 845 530 880 ct
562 840 827 881 Societatem
865 840 1104 895 prefatamp
1139 841 1243 881 verti
1279 840 1522 887 videbatur,
1565 842 1727 882 scilic-ct
1768 842 1819 881 (lc
1862 845 2157 884 satisfactioni·
2198 846 2347 886 idonea

150 907 398 963 imperatori
443 907 693 963 prestanda,
737 916 840 964 pro‘¹
883 924 932 950 eo
971 909 1080 964 quod
1115 910 1313 950 Societas
1355 909 1580 950 dicebatur
1623 912 1781 951 curiam
1830 926 1948 952 suam
1985 927 2109 966 quam
2148 914 2348 955 itan-nm·

150 976 368 1018 indixerat
400 977 647 1032 impedisse,
681 982 724 1018 et
756 977 807 1018 de
831 978 1063 1019 securitate
1098 978 1296 1019 facienda
1328 983 1371 1019 et
1396 979 1604 1019 firmanda
1629 979 1766 1020 eidem
1801 980 2021 1025 Societati,
2056 983 2088 1022 si
2117 983 2348 1037 imperatur

149 1046 254 1088 velit
286 1046 372 1087 filio
405 1060 481 1087 suo
511 1051 554 1088 et
585 1047 853 1102 principibus
878 1047 1165 1088 Alamannie'
1199 1048 1470 1089 venientibus
1495 1048 1547 1088 ad
1574 1049 1714 1103 ipsum
1739 1065 1761 1089 a
1786 1049 1898 1089 dicta
1924 1051 2143 1092 Sin-ictatc
2170 1053 2347 1092 libi-rum

153 1115 382 1157 transitum
433 1115 665 1166 exhiberi⁸,
713 1120 761 1171 οὲι
802 1117 836 1157 si
883 1117 993 1157 inter
1040 1117 1344 1172 imperatorem
1387 1122 1429 1157 et
1470 1123 1752 1158 memoratam
1789 1118 2052 1160 Societatcm
2096 1121 2222 1175 aliqui
2258 1122 2348 1161 alii·

150 1184 319 1225 articuli
353 1189 657 1240 apparerent¹¹‚
696 1200 750 1226 ex
784 1185 940 1241 quibus
974 1191 1121 1241 posset
1153 1186 1369 1227 discordia
1399 1187 1597 1241 generari
1634 1187 1700 1227 vel
1735 1188 1867 1228 foveri
1901 1194 2121 1244 concepta.
2156 1190 2349 1245 placcatv

151 1257 198 1294 ut
230 1253 380 1294 eodem
419 1253 546 1295 modo
581 1258 623 1295 et
655 1254 805 1295 ordine
839 1255 1083 1310 sopiantur,
1128 1255 1285 1310 prefati
1319 1256 1454 1310 legati
1487 1255 1526 1296 in
1562 1256 1653 1311 ipso
1689 1257 1994 1311 compromisso
2031 1258 2189 1312 scripto
2224 1273 2349 1298 mann

151 1322 235 1364 mei
267 1321 460 1364 Iacobini
492 1323 647 1364 notarii
680 1324 741 1364 ita
770 1323 975 1366 dixerunt
1007 1330 1050 1365 et
1082 1329 1379 1365 convenerunt
1412 1324 1584 1365 domino
1618 1325 1842 1366 Guiffredo
1877 1326 1928 1366 dc
1966 1326 2161 1367 laninow
2200 1327 2347 1367 l'adnc

153 1391 390 1447 potestatiy
430 1396 472 1432 et
505 1391 790 1448 infrascriptis
825 1393 1095 1434 rectoribusx
1126 1398 1169 1434 et
1200 1393 1573 1438 ambaxatoribus.
1619 1394 1784 1435 scilicet
1824 1409 1897 1449 pro
1932 1395 2213 1451 infrascriptis
2249 1397 2348 1437 civi-

148 1459 311 1502 tatibus
344 1460 523 1515 singulis
557 1466 600 1502 et
633 1461 849 1517 predictaz
884 1461 1104 1503 Societate
1138 1463 1349 1504 universis
1383 1463 1688 1518 recipientibus
1724 1489 1776 1493 —
1810 1464 1973 1504 scilicet
2007 1479 2080 1519 pro
2109 1465 2351 1506 Mediolano

150 1529 334 1570 dominis
366 1529 523 1571 Rufino
555 1530 607 1571 de
631 1530 864 1582 Mandello,
885 1527 1212 1587 'Lampugnano
1236 1531 1518 1573 Marzellino⁸
1552 1532 1787 1573 rectoribus
1821 1534 1893 1572 eth
1917 1532 2101 1573 dominis
2127 1535 2348 1575 (luitfrcdo

150 1597 202 1640 de
234 1598 476 1650 Pusterlac,
521 1599 710 1641 Henrico
743 1598 988 1641 Gambarod
1030 1600 1185 1640 iudicie
1227 1600 1581 1641 ambaxatoribus
1615 1600 2055 1642 MediolanensilJus0.
2098 1617 2170 1656 pro
2206 1603 2351 1643 Brixia

148 1666 322 1709 domino
346 1667 586 1723 Ognabene
619 1668 672 1710 de
696 1668 929 1724 Passagiof
958 1668 1101 1710 iudice
1135 1670 1304 1720 rectori,
1339 1684 1414 1724 pro
1439 1669 1637 1710 Bononia
1670 1670 1854 1710 dominis
1882 1670 2099 1710 Aimerico
2126 1672 2351 1725 Arpini-lli.

150 1735 352 1778 Vrsolino
390 1735 443 1778 de
475 1737 599 1779 Vrsis
640 1738 897 1790 rectoribus,
944 1754 1018 1796 pro
1050 1740 1276 1781 Placentia
1315 1740 1487 1781 domino
1522 1740 1797 1781 Lanfrancho
1830 1740 1883 1782 de
1918 1740 2152 1782 Landedoss
2186 1742 2350 1786 rectori,

152 1819 230 1862 pro
273 1805 473 1847 Ferraria
516 1806 700 1849 dominis
742 1807 958 1850 Guidonih
1002 1808 1394 1858 Uisdominorumss,
1445 1809 1646 1851 Menaboi
1697 1809 1958 1859 rectoribus,
2009 1808 2100 1864 proi
2144 1809 2354 1850 Fauentia

155 1873 340 1916 dominis
380 1875 573 1917 Gerar-do
605 1877 825 1919 Areolano
866 1877 1014 1929 iudici,
1057 1878 1247 1920 Guidoni
1288 1878 1339 1920 de
1374 1878 1618 1919 Marzanisk
1660 1880 1834 1921 rectori.
1882 1878 1975 1934 pro¹
2011 1880 2192 1919 (Juniisffl
2228 1879 2354 1919 l'etro

157 1944 210 1986 de
240 1945 436 1986 Romano
480 1947 628 1988 nuntio
674 1953 718 1988 et
762 1952 1037 2004 procuratore
1080 1948 1213 2003 ipsius
1255 1948 1512 1999 communis,
1558 1962 1633 2003 pro
1667 1947 1845 1988 Mantua
1888 1947 2070 1988 dominis
2103 1947 2351 2002 Vguitioni¹¹

155 2013 404 2056 Advocatoo
436 2019 479 2057 et
507 2015 693 2057 Martino
725 2015 778 2057 de
802 2016 1041 2058 Bonacosis
1073 2017 1342 2059 rectoribusv
1366 2042 1417 2046 —
1442 2017 1608 2058 scilicet
1640 2017 1753 2072 quod
1787 2017 1838 2058 de
1869 2018 1950 2058 isto
1975 2017 2121 2057 ultimo
2145 2017 2352 2057 articulo¹

157 2084 218 2125 sic
248 2083 491 2140 incipienti:
526 2088 583 2127 ‘et
615 2087 650 2127 si
682 2087 793 2127 inter
824 2087 1130 2142 imperatorem
1164 2091 1207 2128 et
1239 2090 1522 2128 memoratam
1546 2086 1809 2128 Societatem
1844 2086 1976 2140 aliqui
2001 2086 2071 2125 aiii
2099 2086 2225 2127 etiam
2253 2087 2353 2125 arti-

157 2153 241 2194 culi
283 2158 562 2210 apparerent,
604 2169 660 2197 ex
700 2156 856 2212 quibus
897 2160 1045 2212 posset
1076 2155 1293 2198 discordia
1331 2156 1527 2211 generari
1562 2156 1628 2197 vel
1670 2155 1804 2196 foveri
1839 2159 2067 2209 concepta,
2110 2155 2279 2210 placeat
2312 2159 2357 2193 ut

157 2222 308 2265 eodem
349 2224 478 2266 modo
516 2228 560 2266 et
599 2224 749 2267 ordine
793 2224 1045 2282 sopiantur’,
1091 2225 1224 2267 nichil
1266 2226 1432 2281 possint
1472 2225 1601 2267 iidem
1644 2225 1775 2280 legati
1823 2238 1901 2266 nec
1935 2223 2132 2265 Romana
2172 2223 2356 2264 ecclesia

160 2293 349 2348 laudare,
383 2295 567 2337 diffinire
599 2299 673 2336 aut
704 2296 950 2347 terminare,
984 2296 1066 2336 nisi
1099 2294 1151 2337 de
1184 2295 1407 2337 voluntate
1442 2299 1485 2336 et
1517 2308 1732 2336 consensu
1756 2294 1979 2348 utriusque
2014 2293 2160 2347 partis.
2195 2293 2356 2332 scilicet.

157 2363 318 2408 domini
356 2365 630 2422 imperatoris
673 2368 716 2406 et
749 2364 979 2406 Societatis
1019 2364 1186 2420 prefate
1224 2363 1505 2410 Lombardie,
1554 2362 1745 2405 Marchie
1790 2368 1833 2403 et
1865 2362 2117 2403 Romanieq.
2163 2362 2356 2415 quamvis

157 2435 419 2490 generaliter
449 2435 525 2477 fiat
557 2435 914 2490 compromissum
947 2447 1076 2490 super
1108 2434 1200 2490 ipso
1234 2433 1430 2475 articulo.
1493 2432 1550 2474 Et
1575 2432 1655 2473 hoc
1680 2436 2001 2473 conveneruntr
2034 2430 2187 2485 prefati
2213 2430 2356 2483 legati,

156 2509 381 2560 presente,
414 2505 587 2546 volente
619 2510 695 2546 ac⁸
732 2504 1029 2545 consentiente
1063 2502 1259 2558 predicto
1294 2503 1502 2557 magistro
1536 2501 1788 2543 Hermanno
1821 2500 1971 2540 nuntio
2005 2503 2047 2540 et
2083 2503 2355 2554 procuratore

157 2573 357 2630 prelibati
389 2573 548 2616 domini
580 2574 866 2630 imperatoris.

299 2643 396 2699 Ego
427 2643 680 2685 Iacobinust
711 2642 926 2698 quondam
961 2641 1142 2684 Gratioli
1178 2641 1317 2682 filius¹¹
1351 2641 1454 2681 civis
1486 2639 1817 2686 Bononiensisv,
1852 2637 2107 2678 auctoritate
2142 2636 2353 2691 imperiali

155 2715 225 2754 etu
261 2726 374 2754 nunc
415 2712 709 2767 prefatorumu
749 2716 964 2753 rectorum
1004 2711 1217 2762 notarius,
1260 2710 1436 2752 interfui
1479 2708 1804 2763 mandatoquew
1844 2708 2034 2762 ipsorum
2077 2705 2353 2745 cardinalium

158 2781 392 2837 subscripsi
425 2786 469 2823 et
500 2781 731 2837 publicavi.

292 2907 377 2942 169.
410 2907 444 2951 k)
470 2910 656 2942 Prenestin.
683 2907 705 2941 2
729 2920 870 2952 εετηρεν.
1012 2906 1037 2950 l)
1062 2907 1348 2940 Theotonicorum
1374 2905 1404 2938 2.
1549 2903 1592 2945 m)
1619 2904 1707 2936 deest
1731 2902 1762 2935 2.
1904 2908 1937 2941 Π)
1964 2902 2099 2933 nomine
2127 2919 2167 2922 —
2195 2900 2356 2931 Romania

156 2966 223 2999 des.
243 2965 276 3000 2.
370 2967 402 3009 ⁰)
436 2979 495 3011 pro
517 2968 684 3000 Societate
708 2967 910 3000 Lombardie
935 2971 969 2999 et
993 2966 1145 2998 Marchie
1171 2970 1204 2997 et
1228 2966 1401 3006 Romague
1426 2961 1457 2994 2.
1574 2967 1606 3000 D)
1634 2961 1835 2993 Lombardie
1862 2960 2043 3002 predictam
2063 2957 2094 2989 2.
2212 2960 2244 2991 (1)
2273 2957 2304 2987 ἰιι
2325 2956 2356 2988 2.

154 3021 184 3066 ¹)
208 3025 402 3058 Allamanie
425 3024 458 3057 2.
575 3025 603 3067 Β)
627 3025 788 3058 exhibere
812 3024 843 3056 2.
955 3023 980 3066 t)
1006 3024 1108 3056 etiam
1134 3022 1216 3055 add.
1234 3021 1266 3054 2.
1376 3027 1410 3061 ¹¹)
1436 3025 1600 3063 apparent
1625 3018 1657 3051 2.
1776 3024 1808 3055 V)
1836 3018 1944 3059 placet
1970 3015 1998 3047 2.
2095 3020 2135 3054 W)
2164 3014 2297 3045 Luxiim
2326 3013 2355 3044 2.

155 3080 191 3122 ¹)
216 3082 324 3124 Ρθῦἓῐ.
349 3081 381 3114 2-
529 3083 561 3121 y)
595 3083 753 3126 potestati
778 3082 942 3114 Paduano
967 3080 998 3113 2.
1141 3082 1170 3116 z)
1205 3091 1263 3122 pro
1290 3080 1362 3122 ipsa
1388 3078 1419 3110 2.
1573 3078 1605 3119 ²²)
1640 3078 1882 3118 Lampognano
1909 3073 2092 3105 Mai-celino
2118 3073 2148 3103 2.
2267 3069 2298 3107 b)
2325 3077 2354 3101 ct

157 3139 300 3172 dominis
324 3140 392 3173 des.
411 3139 442 3172 2.
560 3138 591 3182 ⁰)
617 3145 649 3172 et
677 3140 759 3173 add.
784 3139 817 3172 2.
958 3137 991 3181 d)
1017 3137 1175 3172 Gambas·
1200 3137 1225 3170 l.
1368 3136 1397 3177 θ)
1422 3137 1513 3168 dee-st
1536 3136 1567 3167 2.
1701 3133 1727 3169 s)
1754 3133 1899 3165 I‘esaziis
1926 3132 1955 3163 2.
2073 3130 2106 3170 ¹3)
2136 3129 2297 3161 Laudem,
2325 3130 2355 3160 2.

157 3194 192 3238 h)
216 3197 340 3230 Vidoni
364 3196 395 3230 2.
560 3196 584 3240 i)
621 3209 681 3240 pro
707 3216 750 3220 —
776 3198 947 3230 Marzanis
972 3197 1093 3229 rectori
1118 3196 1186 3228 des.
1212 3195 1244 3227 2.
1408 3192 1441 3233 k)
1481 3194 1623 3225 Marzan
1654 3191 1680 3223 1.
1806 3189 1829 3228 ¹)
1869 3200 1926 3232 pro
1953 3206 1994 3210 —
2022 3187 2211 3219 communis
2237 3185 2303 3217 tlen-
2330 3184 2355 3216 l.

155 3253 197 3294 ¹¹¹)
220 3254 372 3288 Cummis
397 3253 428 3287 2.
568 3254 604 3296 ¹¹)
628 3255 773 3298 Ugizoni
798 3254 830 3287 2.
972 3255 1002 3293 0)
1028 3254 1068 3286 de
1093 3253 1258 3285 advocato
1282 3250 1314 3282 2.
1456 3249 1487 3289 P)
1514 3249 1633 3282 rectori
1662 3247 1690 3283 1.
1816 3253 1848 3278 ‘ii
1874 3247 2049 3286 Romagne
2074 3243 2106 3275 2.
2226 3247 2251 3281 Γ)
2281 3253 2356 3273 con-

156 3311 250 3344 venit
272 3310 304 3344 2.
423 3311 451 3353 Β)
477 3312 654 3345 voluntate
680 3317 713 3345 et
737 3311 769 3344 2.
887 3310 913 3354 t)
940 3311 1051 3344 Iacob.
1077 3308 1107 3342 2.
1227 3308 1259 3349 u)
1284 3308 1375 3341 deest
1399 3306 1431 3339 2.
1548 3307 1580 3347 v)
1608 3305 1757 3337 Bononie
1783 3303 1813 3335 ⁴2.
1912 3309 1952 3342 w)
1975 3313 2043 3343 pro
2070 3300 2294 3340 mandatoque
2315 3315 2353 3320 —-

158 3368 333 3411 publicavi
357 3367 398 3402 2;
424 3374 458 3402 et
482 3371 692 3412 prefatorum
718 3370 909 3413 legatorum
935 3368 1095 3401 mandato
1122 3367 1252 3409 scripsi.

295 3470 328 3513 1)
352 3470 392 3505 V.
419 3480 473 3504 nr.
488 3475 548 3505 166
569 3471 632 3513 fin.

290 3772 338 3797 u„
366 3770 651 3797 coasrrru'rroNEs
667 3770 702 3795 11.
2038 3749 2080 3782 27
