2558 3970
111 896 141 920 10

106 1597 139 1621 20

103 1941 135 1967 25

105 2288 139 2312 :30

107 2985 141 3010 40

108 3335 141 3361 45

110 3693 144 3718 50

685 140 886 175 ALFONSI
919 141 1057 176 REGlS
1082 143 1510 178 C<)NS'1‘1'1‘1.''1‘1‹)Nles,
1562 145 1658 179 1257.
1711 145 1868 180 Numa.
2293 151 2365 188 50!

180 256 447 298 Coloniensis
479 261 521 298 et
565 270 711 298 comes
745 256 788 297 in
831 260 972 298 castro
1005 272 1101 298 cum
1135 259 1197 299 eis
1231 261 1459 301 convenii-c
1496 261 1719 305 nolebant.
1762 261 2087 304 ‹ni-‹linzu'crunh
2130 267 2372 303 statuerunt

178 329 221 366 et
252 325 519 366 concorditer
560 326 834 379 assignarunt
872 327 1210 381 peremptorium
1250 329 1479 369 terminum
1520 329 1571 369 :ul
1606 330 1859 370 ‹·l‹-‹·ti‹»ncm
1904 332 2108 386 principis¹
2144 332 2182 372 in
2219 332 2370 372 cmlcm

179 394 273 435 loco
305 394 357 435 dc
390 393 718 435 Franchcnfurd
752 393 990 435 secundum
1026 394 1166 435 Deum
1201 401 1243 436 ct
1278 398 1488 438 iusticiam
1523 399 1779 441 faciendam.

322 466 360 504 (⁷5.
394 463 504 504 Item
537 463 650 518 quod
683 463 927 504 huiusmodi
961 464 1297 517 assignationem
1332 472 1373 506 ct
1403 466 1714 508 ordinationem
1750 469 1933 520 termini,
1969 476 2010 509 ut
2035 476 2099 509 cst
2123 470 2299 510 dictum.
2333 471 2370 510 in

180 532 294 573 dieto
328 532 421 573 loco
454 545 555 573 mox
589 532 886 587 sollempniter
918 532 1206 587 publicarunt.

322 604 358 643 7.
399 601 510 643 Item
556 601 667 657 quod
708 601 761 642 ad
803 601 1258 657 super-habundantem
1302 605 1514 644 cautclam
1571 610 1613 644 ct
1655 605 1864 646 (lictorum
1912 607 2091 647 ‹hun-um
2137 609 2372 663 principum

177 671 384 713 malitiam
419 670 704 726 superandam
729 670 1095 712 denuntiaverunt
1128 671 1292 713 eisdem
1319 673 1662 726 assignationem
1687 674 1787 714 ‹licti
1820 677 2004 717 termini.
2039 677 2208 731 public«-
2235 678 2372 731 roqui-

177 745 322 783 rentcs
354 745 397 781 ct
430 741 614 781 citantes
647 740 824 781 eosdem
861 755 908 781 ac
937 742 1064 781 ctiam
1091 741 1389 796 Maguntinum
1416 743 1803 798 archivpisvopnm.
1840 752 1879 784 ul
1910 746 1947 785 in
1974 746 2124 785 mulum
2162 761 2234 800 [ιι-ι·
2259 747 2373 801 ipsus·

179 811 364 852 termino
398 809 592 850 ordinato
625 810 664 850 in
706 809 799 850 loco
839 809 964 850 solito
999 815 1042 850 ct
1074 810 1218 851 debito
1254 813 1531 852 convcnircnt
1565 827 1659 852 cum
1695 814 1757 853 cis
1791 813 1841 853 :ul
1877 815 2133 854 clm-tionem
2171 815 2373 870 principis

179 880 382 921 canonice
421 878 752 924 celebrandam,
799 879 833 919 si
880 883 1024 919 tamen
1071 879 1237 921 habiles
1283 887 1405 921 crant
1447 881 1499 922 ml
1544 887 1707 921 tantum
1755 889 1797 922 ct
1839 884 1923 923 talc
1966 885 2181 935 nogotium
2230 899 2373 938 prosc-

176 949 406 1005 quendum.

320 1020 358 1059 8.
393 1017 501 1058 Item
537 1016 648 1072 quod
682 1017 875 1073 predicta
911 1018 1052 1059 omnia
1086 1023 1185 1059 tunc
1222 1024 1511 1074 pervenerunt
1543 1020 1593 1060 ad
1622 1020 1813 1060 notitiam
1848 1027 1889 1060 ct
1914 1021 2137 1061 scientiam
2164 1021 2373 1062 «lictorum

177 1088 490 1144 archiepiscopi
526 1086 798 1127 Coloniensis
832 1091 875 1127 et
907 1088 1074 1128 comitis
1110 1088 1286 1142 palatini
1324 1088 1430 1129 ltcni
1466 1104 1514 1129 ac,
1548 1090 1676 1129 ctiam
1711 1089 2023 1146 archicpiscopi
2063 1091 2315 1142 maguntini.

321 1162 358 1199 ὲ).
393 1158 502 1198 Item
538 1156 651 1212 quod
685 1157 767 1196 ista
800 1156 942 1197 munia
976 1161 1077 1197 nota
1110 1162 1154 1197 et
1187 1158 1354 1198 notoria
1387 1162 1486 1198 sunt
1518 1163 1560 1198 et
1586 1158 1726 1199 decis
1751 1164 1815 1198 cst
1840 1159 2009 1213 publica
2036 1165 2078 1199 ct
2101 1161 2374 1200 consenticus

125 1243 138 1266 r.
177 1228 292 1269 fama
324 1241 402 1284 per
432 1231 564 1268 totam
597 1225 886 1268 Alamaniam.

326 1300 386 1339 10.
420 1296 529 1337 Item
563 1294 675 1350 quod
707 1299 917 1351 tempore,
951 1295 1065 1351 quob
1097 1295 1198 1337 dicti
1233 1295 1504 1337 Coloniensis
1538 1301 1580 1337 ct
1614 1311 1758 1337 comes
1794 1298 2007 1353 palatinus
2036 1297 2140 1339 Heni
2174 1298 2371 1352 idcinquc

175 1366 261 1408 (lux
285 1366 472 1407 Bavarie
506 1380 553 1407 se
587 1365 788 1406 electioni
824 1379 901 1405 seu
935 1366 1215 1406 nominationi
1250 1365 1410 1406 domini
1434 1365 1676 1421 michan-di)
1702 1367 1872 1407 comitis
1898 1367 2113 1407 (hirnubic
2139 1368 2373 1419 ingessisse·

174 1436 388 1488 dicuntur,
421 1440 544 1477 erant
576 1435 937 1476 excommunicati
973 1440 1058 1476 tam
1092 1450 1117 1475 a
1149 1450 1313 1476 canone
1349 1450 1478 1490 quam
1511 1437 1564 1477 ab
1599 1436 1786 1477 homino.

324 1508 385 1547 11.
419 1504 528 1546 Item
562 1503 675 1560 quod
708 1504 820 1545 bone
855 1505 1061 1545 memorie
1095 1504 1309 1560 quondam
1346 1505 1544 1546 dominus
1568 1506 1766 1560 Pron-us)
1789 1506 1996 1562 (saporius
2023 1506 2169 1546 Sancti
2196 1506 2373 1559 Gom-gii

175 1576 228 1618 ad
252 1576 411 1618 Velum
443 1588 622 1616 aureum
655 1573 863 1615 diaconus
897 1573 1144 1620 cardinalis,
1179 1579 1279 1615 tunc
1314 1575 1353 1615 in
1380 1575 1610 1616 Alamania
1644 1576 1880 1630 apostolice
1906 1575 2021 1616 sodis
2056 1576 2240 1628 legatus:
2275 1580 2374 1614 autc

173 1646 444 1696 electionem,
477 1658 560 1700 que
593 1643 646 1685 de
679 1643 792 1685 dicto
826 1644 983 1685 comite
1013 1643 1273 1699 R(ichardo]
1308 1645 1421 1685 facta
1456 1646 1677 1694 asseritur,
1712 1660 1787 1700 pro
1820 1645 2023 1699 gravibus
2058 1651 2099 1684 ct
2136 1644 2375 1684 manifestis

172 1716 337 1758 iniuriis
370 1720 413 1756 et
444 1715 624 1756 offensis
657 1715 738 1756 sibi
772 1728 849 1769 per
872 1713 1179 1755 Coloniensem
1204 1714 1573 1770 archiepiscopum
1599 1715 1638 1756 in
1664 1720 1957 1769 contemptum
1983 1720 2024 1753 ct
2049 1713 2372 1767 derogationem

173 1786 358 1828 ecclesie
391 1786 590 1841 nequiter
613 1789 655 1825 et
687 1783 859 1840 publice
884 1783 1083 1838 irrogatis
1107 1784 1498 1825 excommunicavit
1522 1788 1565 1824 ct
1589 1784 1859 1826 denuntiavit
1884 1784 2053 1838 publice
2079 1783 2370 1823 excommuni-

173 1862 317 1898 catum
350 1855 511 1897 dictum
544 1853 918 1909 archiepiscopum
953 1851 1271 1894 Colonienscm.

324 1927 388 1968 12.
420 1924 533 1967 Item
565 1923 680 1979 quod
711 1923 795 1964 ista
827 1927 946 1964 certa
980 1926 1079 1964 sunt
1112 1926 1156 1963 et
1188 1923 1356 1964 notoria
1387 1923 1428 1964 in
1458 1923 1690 1964 Alamania
1723 1936 1772 1962 ac
1805 1922 1934 1963 ctiam
1967 1923 2008 1963 in
2041 1922 2159 1963 curia
2183 1922 2374 1962 Romana

173 2000 216 2038 et
248 1999 371 2037 erant
402 1998 503 2035 tunc
536 1993 760 2050 temporiS.

320 2067 383 2108 13.
421 2063 533 2106 Item
572 2062 684 2118 quod
724 2061 838 2104 idem
879 2060 1075 2102 dominus
1116 2060 1346 2102 cardinalis
1385 2064 1577 2115 tempore
1619 2061 1942 2116 predecessoris
1986 2061 2115 2102 vostri
2159 2060 2373 2115 quondam

172 2135 334 2177 domini
366 2133 650 2190 A(lexandri)
684 2132 798 2189 apud
831 2131 1077 2173 Viterbium
1123 2131 1164 2171 in
1209 2131 1436 2186 sollempni
1469 2135 1513 2172 et
1554 2131 1725 2186 publico
1760 2131 2036 2179 consistorio,
2077 2130 2175 2171 dum
2210 2129 2262 2171 dc
2297 2131 2377 2170 isto

174 2205 387 2262 imperiali
410 2204 584 2260 negotio
608 2206 825 2258 ageretur,
859 2216 1002 2243 coram
1027 2202 1179 2243 eodem
1204 2201 1514 2257 predecessore
1541 2206 1684 2243 vestro
1709 2206 1752 2243 et
1774 2201 1992 2251 fratribus,
2017 2205 2221 2257 presente
2246 2201 2374 2241 etiam

175 2280 358 2330 utraque
389 2278 526 2330 parte,
558 2273 729 2329 publice
763 2276 1030 2328 protestatus
1065 2271 1157 2323 fuit,
1192 2270 1300 2312 dixit
1333 2276 1375 2312 et
1408 2272 1605 2319 asseruit,
1640 2271 1753 2326 quod
1783 2270 1895 2312 idem
1920 2270 2271 2325 archiepiscopus
2297 2283 2371 2309 cx-

175 2344 516 2386 communicatus
550 2342 690 2384 fuerat
721 2346 764 2383 et
796 2345 890 2384 erat
922 2345 1009 2383 tam
1041 2355 1066 2382 a
1098 2354 1264 2382 canone
1297 2354 1424 2395 quam
1457 2341 1510 2382 ab
1545 2340 1718 2382 homine
1751 2355 1826 2396 pro
1859 2339 2100 2381 manifestis
2135 2338 2298 2380 iniuriis
2334 2342 2375 2378 ct

175 2413 507 2469 offensis‚''quas
541 2412 624 2454 sibi
656 2416 700 2454 et
732 2411 915 2454 ecclesie
947 2411 1174 2466 irrogarat.

324 2486 386 2524 14.
417 2482 530 2524 Item
563 2481 677 2537 quod
710 2481 825 2524 idem
847 2480 1204 2536 archiepiscopus
1238 2478 1510 2535 postmodum
1546 2492 1622 2534 per
1644 2478 1839 2519 nuntium
1866 2478 1932 2519 vel
1964 2478 2150 2520 nuntios.
2184 2491 2291 2531 quos
2325 2475 2375 2516 ad

177 2553 326 2596 sedem
349 2552 627 2609 apostolicam
651 2551 898 2603 destinavit,
922 2554 965 2592 et
986 2549 1112 2605 petiit
1135 2553 1177 2590 et
1200 2549 1456 2605 procuravit,
1482 2562 1527 2589 se
1551 2562 1573 2589 a
1598 2547 1714 2589 dicta
1731 2546 2176 2588 excommunicatione
2196 2545 2375 2586 absolvi.

326 2625 389 2664 15.
421 2621 533 2664 Item
556 2620 670 2676 quod
693 2634 768 2676 pro
793 2619 1089 2661 satisfactione
1112 2618 1365 2659 iniuriarum
1391 2621 1434 2658 et
1455 2616 1716 2658 offensarum
1742 2616 1957 2657 illatarum
1982 2614 2177 2671 predicto
2202 2614 2375 2655 domino

175 2692 403 2745 cardinali,
442 2705 517 2748 pro
559 2690 714 2746 quibus
756 2689 1158 2731 excommunicatus
1192 2691 1305 2739 erat,
1349 2691 1394 2727 ut
1427 2685 1588 2727 dictum
1622 2691 1710 2737 est,
1754 2689 1797 2727 et
1829 2684 2067 2726 obtinenda
2099 2683 2374 2725 absolutione

174 2762 303 2803 solvit
334 2762 427 2818 ipse
459 2761 530 2802 vel
562 2760 672 2802 alius
706 2773 782 2815 pro
814 2773 865 2800 οο
899 2757 982 2800 duo
1016 2758 1135 2799 milia
1167 2770 1423 2807 marcarum,
1457 2769 1563 2811 quas
1595 2759 1691 2810 post
1714 2755 1817 2796 dicti
1842 2754 2073 2796 cardinalis
2097 2753 2262 2795 obitum
2285 2753 2375 2793 eius

174 2829 562 2874 fideicommissarii
594 2832 870 2884 receperunt.

326 2902 389 2942 16.
421 2899 530 2941 Item
564 2898 677 2955 quod
709 2912 851 2940 comes
884 2897 1099 2953 palatinus
1132 2896 1246 2938 Reni
1279 2895 1367 2937 dux
1399 2895 1586 2937 Bavarie
1619 2899 1712 2936 erat
1744 2898 1844 2934 tunc
1878 2893 2047 2949 publice
2082 2892 2374 2934 excommuni-

178 2975 300 3013 catus
330 2984 408 3026 pro
440 2984 506 3021 eo,
538 2967 652 3024 quod
684 2968 727 3009 in
760 2971 1056 3023 contemptum
1085 2971 1129 3008 et
1158 2966 1368 3008 lesionem
1392 2965 1574 3007 ecclesie
1598 2963 1783 3013 adhesit,
1817 2962 1987 3019 publice
2013 2962 2238 3013 auxilium,
2272 2975 2371 3001 con-

177 3041 321 3082 silium
367 3044 411 3082 et
456 3039 651 3081 favorem
697 3035 908 3092 impendit
951 3035 1167 3091 quondam
1208 3034 1379 3076 domino
1414 3033 1648 3076 Frederico
1691 3032 1939 3088 imperatori
1986 3036 2028 3072 et
2069 3030 2241 3071 domino
2284 3031 2374 3085 regi

175 3109 401 3152 Conrado⁰
431 3108 520 3150 filio
551 3121 628 3149 suo
659 3110 760 3148 ante
793 3110 837 3147 et
867 3109 968 3161 post
1000 3104 1263 3147 sententiam
1295 3103 1428 3144 latam
1462 3107 1607 3145 contra
1629 3101 1790 3143 dictum
1814 3100 2032 3142 dominum
2065 3099 2373 3154 imperatorem

175 3179 219 3221 in
251 3178 430 3221 concilio
461 3176 762 3234 Lugdunensi.

323 3251 387 3291 17.
418 3247 532 3290 Item
563 3245 679 3302 quod
708 3246 751 3287 in
782 3243 1027 3286 huiusmodi
1059 3243 1289 3299 pertinatia
1320 3241 1623 3298 perseveravit
1655 3244 1698 3282 et
1721 3238 1981 3294 contempsit
2004 3237 2146 3279 claves
2180 3251 2257 3293 per
2286 3236 2374 3278 XII

177 3331 310 3360 annos
343 3321 387 3359 et
416 3317 576 3373 plures.

324 3388 389 3431 18.
419 3385 531 3427 Item
563 3384 676 3441 quod
712 3383 957 3426 habebatur
988 3382 1032 3423 in
1064 3380 1306 3423 Theotonia
1346 3380 1400 3421 ab
1434 3378 1633 3420 omnibus
1667 3376 2066 3419 excommunicatus
2101 3379 2144 3416 et
2176 3375 2373 3415 inimicus

177 3456 359 3498 ecclesie
391 3454 662 3497 manifestus.

324 3527 388 3566 19.
420 3523 532 3566 Item
565 3523 677 3579 quod
709 3522 813 3564 dicti
845 3521 927 3562 duo
959 3520 1179 3576 principes
1213 3517 1591 3568 excommunicati,
1628 3514 1913 3558 conventione
1946 3513 2062 3569 prius
2095 3513 2246 3554 habita
2278 3526 2371 3553 cum

177 3594 262 3638 illis
300 3593 371 3649 qui
410 3593 586 3634 fuerunt
615 3590 862 3634 huiusmodi
901 3589 1101 3631 factionis
1135 3602 1283 3630 eorum
1316 3587 1509 3638 solliciti,
1548 3583 1818 3641 provexere‘1
1851 3583 2086 3640 predictam
2120 3582 2372 3624 electionem

313 3685 400 3720 397.
434 3685 466 3729 b)
492 3686 582 3729 quod
607 3697 634 3718 0.
752 3683 784 3728 0)
810 3690 906 3723 conR·
929 3694 956 3715 0.
1075 3680 1107 3723 d)
1135 3692 1322 3725 proxenere
1347 3680 1398 3713 ecl.
