2558 3970
76 888 108 913 1ss

71 1960 104 1986 25

73 2649 105 2676 35

685 139 925 174 FRIDERICI
952 139 993 174 ΙΙ.
1021 139 1455 175 CONS'l'l'l‘U'l'lONES.
1511 141 1606 175 1229.
1659 141 1720 176 Nr.
1741 143 1815 177 122.
2282 148 2358 186 1623

146 253 356 306 discrepat
385 253 438 294 ab
468 253 524 294 iis
556 253 600 307 5)
632 254 846 305 exeneplar
884 255 969 307 reqc‘
1001 255 1183 308 Anqliae
1220 256 1412 302 vassum,
1453 256 1562 308 qnod
1590 260 1858 297 servaverunt
1889 258 2038 299 Floras·
2070 258 2355 299 Ilislm·iar1m1

147 322 301 375 Royeri
330 322 378 363 cle
407 322 646 370 lVendover,
678 323 797 362 euius
826 323 1043 363 amionem
1078 337 1103 363 a
1136 324 1225 364 vira
1256 325 1304 365 vl.
1330 325 1610 366 Lae'eIn‘rmann
1637 328 1835 377 paratam
1870 326 1945 368 SS.
1972 327 2199 376 XXVIII,
2224 331 2278 365 ¹123
2313 328 2353 366 in

144 404 246 432 usus
275 393 438 432 nostros
471 391 675 432 rertimus.
710 416 760 421 —
794 391 1028 443 Exemplar
1052 393 1245 444 pontifis-i
1277 394 1446 435 missum
1470 395 1634 446 lenit-ur,
1665 395 1967 445 t«›.s·!‹eJ-'1'a·l.·e1·0,
2002 398 2124 438 eliam
2152 398 2197 437 in
2221 399 2358 438 atriu-

145 460 254 501 lare'o
275 459 651 511 Romersdorfiensi
680 473 783 501 saec.
807 460 940 509 XIII,
973 460 1084 512 qnod
1102 464 1346 502 asservatur
1380 463 1423 502 ιἰι
1446 463 1658 504 tabulario
1685 464 1995 514 Confluenle'no‚·
2028 466 2241 518 wmplm·
2272 467 2358 517 reni

143 527 369 569 Bolcemiae
401 528 570 569 missum
602 541 688 568 non
719 529 894 569 multum
926 528 1125 578 disserens
1156 543 1181 570 a
1213 533 1241 569 3
1274 530 1315 569 iv
1349 531 1481 572 codiee
1504 531 1600 572 olim
1629 534 1681 574 (ι’.
1707 531 1839 581 Libri,
1871 535 1938 573 em·
1960 535 2106 574 titulus
2129 534 2356 586 ‘Io'ffl'stolar

146 609 286 650 req-um
317 600 355 638 et
385 597 710 649 imperatorum‘,
742 610 782 638 se
816 597 960 650 leqissc
991 597 1090 638 diei!
1116 597 1394 642 lluillardusa·
1425 600 1638 651 eremplar
1659 603 1791 641 anstai
1813 605 1837 641 μ1
1871 603 2081 643 ransineile
2112 603 2164 643 ab
2188 603 2358 643 Alberto

144 665 243 706 duee
274 665 486 707 Sans-oniae
515 665 835 707 Revaliensibns
867 666 1036 707 missum
1069 669 1138 715 νεῖ,
1171 668 1290 707 enias
1321 669 1515 719 epistolae
1546 671 1832 721 (ιηΙοςμ-ιιμΙιυη
1867 673 1907 711 iv
1944 672 2154 713 tabularia
2185 674 2358 714 »mim-is

145 735 334 776 eeclesiae
363 734 621 788 Wisbyensis
657 738 913 776 asservatum
955 736 1230 788 eJ-enwlatnm
1273 740 1332 775 est
1370 751 1472 778 sam:
1503 738 1543 778 X
1562 737 1685 779 I'III.
1718 754 1745 778 (ι
1777 740 1865 779 viro
1897 741 1945 782 ΓΙ.
1973 741 2199 793 Ι,ιιηψ’1η’λ·,
2240 742 2358 780 euius

146 803 414 856 apoqraphon
447 804 529 844 iam
561 806 697 844 exstat
731 804 773 844 in
806 803 1017 844 tabulario
1049 803 1287 844 narniensi
1301 819 1312 847 .·
1344 805 1495 845 cdilum
1528 808 1586 845 es!
1619 806 1831 848 adnotatis
1862 808 2101 848 lectionibus
2129 810 2358 860 patim-ibus

143 873 369 926 encyclicae
398 886 426 913 α
457 872 546 913 viro
571 873 621 915 el.
653 872 947 914 Winkelmann
972 873 1015 912 in
1039 873 1158 913 siclis
1179 872 1345 924 imperit
1374 874 1408 923 I,
1432 875 1516 913 493
1546 887 1612 916 nr.
1638 878 1732 916 1514.
1788 876 1830 916 J«)
1860 876 2028 928 Itoyeric'
2060 892 2176 929 opere
2209 879 2355 930 recepi!

146 944 302 982 textum
319 942 343 980 :3
366 941 565 983 Mathens
582 940 843 982 Parisaeensis
863 942 906 982 ιή
931 942 1139 983 Chronica
1157 943 1318 983 maiora
1335 943 1414 995 (etl.
1435 944 1586 984 Imm-d
1604 944 1692 994 III,
1713 948 1814 995 17.²›'‚·
1837 946 1979 1000 612»ὃίὃῖ
1997 947 2040 987 Χ
2047 947 2090 987 Χ
2104 946 2161 988 1'1
2166 947 2191 987 I
2197 947 2229 996 I,
2249 951 2356 997 1255).

143 1011 262 1050 cuius
293 1011 437 1051 varias
468 1011 658 1052 lectiones
688 1010 905 1051 adnotavit
937 1011 964 1053 l.
987 1024 1018 1052 e.
1043 1010 1335 1052 Liebermwm.
1398 1012 1486 1053 Nos
1516 1013 1734 1054 editionem
1766 1018 1952 1055 nostram
1985 1016 2043 1055 ιἸιι
2065 1016 2356 1058 2'nsl›·1‹.1·imu.s·,

145 1081 191 1119 ut
222 1081 337 1120 texum
364 1082 385 1119 1
411 1093 492 1131 pro
515 1078 796 1133 fundamento
822 1080 976 1131 posito,
1015 1081 1265 1134 praecipuas
1296 1081 1412 1122 mado
1442 1082 1749 1134 ‹list-reJmnte'as
1783 1085 2036 1136 reliquorum
2069 1089 2251 1126 tna-tuum
2284 1086 2356 1126 ml-

148 1150 401 1196 notaremus,
443 1161 525 1188 mm
565 1151 758 1189 eeu-amas
795 1148 998 1189 minutias
1029 1162 1102 1188 nec
1140 1150 1353 1190 verbm-nm
1397 1153 1776 1203 trans-positionem.
1811 1178 1860 1182 --
1899 1153 2357 1195 Ilue'llaml-Rrelmllrs

91 1245 105 1260 .,
145 1216 232 1266 III,
256 1217 322 1259 93.
385 1216 579 1267 Bolum,
613 1216 715 1269 Ray.
751 1217 845 1268 imp.
881 1216 924 1267 V,
955 1220 1073 1258 773⁸.
2000 1223 2070 1276 (1³.
2093 1226 2212 1273 ‘'3151.)

288 1320 570 1362 Sanctissimo
604 1322 714 1377 patri
749 1322 790 1362 in
827 1320 1001 1362 Christo
1035 1321 1208 1363 domino
1234 1322 1444 1377 Gregorio
1478 1324 1623 1366 divina
1655 1325 1907 1381 providente
1942 1327 2173 1368 elementia
2205 1332 2352 1368 sancte

141 1389 337 1432 Romane
372 1391 557 1432 ecclesie
591 1405 755 1432 summo
789 1391 979 1446 pontifici
1014 1391 1274 1433 Fredericus
1298 1391 1379 1434 Dei
1414 1394 1556 1448 gratia
1587 1394 1877 1436 Romanorum
1914 1397 2145 1451 imperator
2177 1410 2351 1451 semper

142 1464 363 1514 augustus,
399 1460 637 1502 Ierusalem
672 1465 716 1501 et
747 1459 894 1501 Sicilie
929 1474 1005 1501 rex
1040 1460 1223 1501 salutem
1260 1465 1302 1501 et
1337 1463 1622 1503 reverentiam
1656 1464 1873 1506 fllialmnss.

279 1529 341 1584 (l)
365 1528 598 1570 Letentur¹·
623 1530 663 1570 in
682 1529 868 1569 Domino
892 1537 934 1570 et
952 1530 1148 1570 exultent
1168 1531 1459 1571 oninoscrocti
1485 1531 1625 1573 eorde.
1651 1534 1851 1587 quoniam
1876 1533 2195 1589 beneplacitum
2222 1541 2288 1575 est
2314 1535 2350 1574 ei

141 1613 274 1654 super
303 1600 461 1655 populo
494 1613 584 1640 suo.
618 1604 664 1640 ut
687 1599 849 1640 exaltet
871 1604 1121 1640 mansuetos
1147 1599 1186 1640 in
1213 1600 1366 1642 salute.
1422 1600 1669 1642 Laudemus
1693 1607 1735 1642 et
1759 1617 1835 1643 nos
1860 1603 1998 1658 ipsum
2023 1618 2148 1659 quem
2174 1603 2350 1644 laudant

141 1668 299 1723 angeli,
333 1668 534 1723 quoniam
568 1668 662 1723 ipse
695 1671 762 1708 est
794 1667 994 1708 dominus
1017 1667 1139 1709 Deus
1172 1673 1334 1720 noster⁷
1369 1670 1440 1724 qui
1474 1670 1579 1711 facit
1612 1671 1825 1712 mirabilia
1856 1686 2013 1727 magna
2046 1673 2163 1713 solus
2197 1673 2353 1727 quique

139 1738 316 1793 antique
358 1751 433 1779 sue
476 1736 772 1778 misericordie
817 1751 900 1778 non
940 1736 1116 1784 oblitus,
1159 1751 1210 1779 ea
1251 1738 1459 1779 miracula.
1503 1739 1660 1780 nostris
1701 1741 1966 1796 temporibus
2006 1742 2227 1783 innovavit
2268 1755 2350 1796 que

138 1807 294 1849 fecisse
326 1807 485 1862 legitur
521 1806 575 1847 a‘l
607 1806 759 1848 diebus
793 1806 996 1861 antiquis.
1059 1806 1173 1854 Quia
1206 1821 1302 1848 cum
1337 1808 1453 1863 ipse,
1496 1813 1543 1849 ut
1575 1815 1749 1851 notam⁰
1780 1811 1908 1852 faciat
1940 1812 2178 1866 potentiam
2213 1824 2348 1851 suam.

139 1890 312 1933 semper
353 1890 439 1917 non
484 1877 525 1917 in
568 1877 691 1931 equis
736 1880 810 1917 aut
853 1876 1051 1917 curribus
1091 1877 1324 1931 glorietur,
1374 1892 1487 1918 nunc
1530 1878 1649 1920 (ledit
1697 1880 1778 1920 sibi
1827 1881 2009 1935 gloriam
2051 1881 2089 1921 in
2134 1881 2351 1937 paucitate

142 1946 344 1997 virorum,
377 1950 423 1986 ut
455 1949 720 1999 cognoscant
752 1948 795 1986 et
829 1944 1077 1999 intelligant
1113 1960 1264 1987 omnes
1297 1950 1475 2001 gentes,
1509 1948 1622 2002 quod
1655 1949 1747 2004 ipse
1782 1950 1836 1990 sit
1870 1950 2075 1990 terribilis
2109 1951 2149 1990 in
2185 1950 2350 2001 magni-

140 2014 330 2066 ficentia,
368 2014 582 2069 gloriosus
623 2014 666 2054 in
703 2014 932 2054 maiestate
979 2018 1021 2054 et
1054 2014 1262 2056 mirabilis
1296 2015 1337 2056 in
1371 2017 1562 2057 consiliis
1597 2031 1727 2072 super
1758 2018 1868 2059 filios
1901 2018 2147 2069 hominum,
2182 2032 2277 2059 eum
2312 2019 2350 2058 in

140 2084 290 2139 paucis
334 2083 489 2125 diebus
534 2083 629 2124 istis
676 2082 936 2124 miraculose
984 2083 1126 2138 potius
1168 2098 1295 2139 quam
1337 2085 1554 2127 virtuoses
1600 2087 1822 2142 negotium
1872 2087 2007 2128 illudss
2046 2087 2259 2129 feliciter¹¹
2300 2088 2354 2127 sit

139 2157 377 2208 peractum,
411 2151 524 2208 quod
555 2166 580 2193 a
611 2152 750 2207 longis
785 2152 1012 2193 retroactis
1045 2153 1317 2209 temporibus
1351 2155 1475 2196 multi
1508 2159 1707 2211 potentes
1739 2161 1782 2198 et
1806 2155 1965 2198 diversi
1996 2157 2209 2213 principes
2237 2156 2351 2197 orbis

139 2235 220 2263 nec
260 2223 303 2263 in
345 2222 620 2264 multitudine
660 2221 873 2277 gentiumi
916 2235 997 2263 nee
1037 2236 1114 2278 per
1156 2228 1319 2264 metum
1365 2223 1469 2265 autk
1502 2224 1727 2279 quodlibet
1768 2225 1883 2267 aliud
1926 2225 2070 2267 facere
2104 2231 2347 2281 potuerunt.

141 2289 197 2331 0¹
228 2305 355 2346 quam
394 2291 612 2333 laudanda
655 2296 721 2333 est
763 2292 996 2333 elementia
1036 2292 1256 2334 Creatoris
1305 2299 1349 2335 et
1392 2308 1520 2349 quam
1564 2294 1797 2336 metuenda
1843 2300 1910 2336 est
1949 2309 2119 2352 semper
2159 2296 2349 2350 potentia

140 2360 309 2402 virtutis
341 2361 492 2416 ipsius,
527 2361 626 2416 quia
659 2375 754 2402 cum
786 2361 827 2402 in
861 2361 1106 2403 humilitate
1142 2364 1297 2404 mentis
1322 2367 1366 2405 et
1389 2363 1621 2405 devotione
1645 2363 1785 2404 cordis
1820 2378 1991 2420 semper
2014 2365 2352 2420 processerimus

141 2428 195 2470 ad
226 2429 451 2471 servitium
485 2435 681 2472 sanetum
716 2431 829 2483 eius,
871 2431 993 2472 nobis
1027 2431 1080 2472 ab
1114 2431 1208 2487 ipso
1250 2432 1459 2488 principio
1494 2433 1675 2474 consilio
1711 2438 1754 2475 et
1792 2433 1952 2474 auxilio
1987 2448 2064 2475 sue
2097 2448 2182 2474 non
2216 2433 2351 2474 defuit

141 2497 326 2553 pietatis.
375 2497 411 2540 O
433 2513 561 2554 quam
583 2498 869 2556 glorificanda
892 2503 959 2541 est
981 2499 1215 2541 ineffabilis
1239 2501 1539 2543 misericordia
1556 2501 1723 2543 Redem
1735 2503 1884 2558 pteris,
1900 2503 1970 2558 qui
1995 2516 2123 2558 super
2146 2502 2349 2558 populum

141 2580 264 2608 suum
296 2566 500 2609 devotum
532 2569 724 2624 peccatis
756 2569 920 2610 nostris
952 2569 1216 2611 facientibus
1249 2574 1338 2611 tam
1363 2569 1435 2612 diu
1458 2570 1731 2622 derelictum,
1768 2586 1881 2612 nunc
1907 2586 1961 2612 ex
1991 2571 2077 2613 alto
2101 2572 2352 2627 respiciens.

140 2635 280 2692 ipsum
314 2636 554 2678 seeundum
584 2638 911 2680 miserationum
945 2652 1119 2679 suarum
1153 2639 1475 2680 multitudinem
1516 2640 1720 2681 visitavit.
1783 2640 1897 2682 Ecce
1929 2655 2039 2681 nunc
2066 2640 2237 2696 quidem
2261 2639 2351 2680 dies

141 2704 215 2746 illa
247 2706 485 2747 salutarism
518 2706 716 2749 advenit.
760 2708 802 2748 in
834 2721 919 2763 qua
950 2708 1039 2750 veri
1080 2708 1328 2750 christicole
1365 2709 1553 2750 salutare
1587 2724 1710 2751 suum
1744 2711 1960 2765 accipiunt
1993 2726 2017 2752 a.
2049 2710 2223 2750 ‹lomino
2257 2708 2351 2749 Deo

142 2788 241 2827 suo,
281 2780 329 2816 ut
370 2781 603 2831 eognoscat
635 2781 678 2818 et
708 2777 927 2832 intelligat
959 2777 1075 2818 orbis
1108 2781 1248 2827 terre,
1282 2779 1382 2833 quia
1415 2779 1507 2833 ipse
1547 2784 1614 2820 est
1653 2783 1696 2819 et
1729 2793 1812 2820 non
1853 2779 1984 2831 alius,
2024 2780 2093 2834 qui
2133 2792 2350 2820 servorum

143 2858 320 2886 suorum
343 2845 530 2888 salutem
553 2845 725 2902 quando
745 2846 838 2888 vult
863 2851 907 2888 et
931 2846 1145 2901 quomodo
1169 2847 1261 2888 vult
1293 2852 1513 2903 operatur.
1661 2848 1724 2901 (2)
1759 2847 2012 2889 Credimusn
2045 2848 2203 2901 itaque,
2237 2846 2351 2902 quod

143 2920 233 2966 ea⁰‚
256 2928 338 2970 que
362 2915 406 2956 in
427 2916 636 2971 principio
660 2929 862 2958 accessus
887 2916 1022 2957 nostri
1035 2923 1053 2946 ¹³
1076 2916 1130 2957 ad
1149 2916 1297 2958 Accon
1321 2921 1614 2972 procurante‘l
1638 2917 1863 2958 Altissimo
1889 2917 2016 2957 nobis
2041 2916 2225 2957 feliciter
2247 2930 2348 2955 eon-

282 3016 366 3052 122.
400 3017 431 3061 a)
456 3021 511 3052 Fr.
537 3021 601 3053 Dei
624 3020 734 3062 gratia
767 3021 997 3053 Romanorum
1029 3021 1212 3063 imperator
1237 3039 1279 3043 —
1306 3032 1365 3054 rex
1397 3021 1615 3054 universis
1646 3027 1865 3064 presentes
1897 3022 2067 3054 litteras
2093 3021 2353 3063 inspecturis

143 3075 348 3109 fidelibus
373 3077 518 3110 amieis
544 3078 631 3110 suis
655 3078 803 3120 gratiam
828 3089 924 3111 suam
950 3084 983 3111 et
1007 3079 1132 3111 bonam
1158 3079 1367 3111 voluntatem
1386 3078 1425 3117 2;
1465 3079 1654 3111 Fridericus
1682 3097 1723 3101 —
1749 3090 1808 3111 rex
1833 3079 2082 3116 comitibus,
2108 3079 2352 3117 baronibus,

143 3133 357 3166 militibus
393 3136 634 3177 ceterisque
670 3136 891 3168 nobilibus
931 3141 970 3168 et
1007 3136 1222 3169 universis
1261 3147 1333 3179 per
1372 3137 1591 3180 imperium
1629 3137 1889 3169 constitutis
1932 3137 2353 3179 quibuspresentes

143 3190 289 3224 littere
328 3197 491 3225 ostense
528 3193 710 3234 fuerint,
748 3193 958 3225 fidelibus
997 3193 1103 3234 suis,
1140 3194 1286 3235 gratiam
1326 3212 1367 3215 —
1404 3193 1612 3226 voluntatem
1638 3192 1675 3233 3;
1715 3194 1906 3226 Friderieus
1932 3212 1975 3217 —
2009 3205 2067 3226 rex
2103 3193 2351 3226 venerabili

143 3248 338 3292 episeopo
371 3250 562 3283 Conrado
592 3251 947 3284 Hildeshemensi
985 3251 1181 3294 principi
1212 3262 1284 3283 suo
1317 3252 1462 3294 gratiam
1496 3262 1594 3283 suam
1635 3257 1668 3283 et
1706 3262 1804 3283 omne
1842 3252 1968 3284 bonum
1993 3250 2031 3291 4;
2070 3251 2284 3284 Frethericus
2311 3268 2352 3272 —

142 3316 203 3338 rex
237 3307 468 3340 karissimo
503 3308 637 3341 amieo
675 3320 752 3341 suo
785 3309 829 3341 H.
855 3309 1091 3352 Auglorum
1123 3309 1216 3351 regi
1247 3309 1391 3342 salutem
1423 3314 1456 3341 et
1488 3310 1618 3342 sincere
1647 3309 1836 3342 dilectionis
1860 3311 2019 3342 affectum
2045 3309 2076 3342 5.
2173 3307 2205 3349 b)
2231 3309 2352 3340 Leten-

142 3367 199 3396 tur
222 3363 303 3396 iusti
326 3363 364 3404 2;
401 3365 567 3398 Letentur
590 3377 706 3399 omnes
731 3365 768 3408 33
786 3377 857 3408 pro
881 3368 1047 3400 Letentur
1072 3383 1116 3389 —
1141 3367 1326 3409 potentiam
1358 3377 1457 3399 suam
1489 3377 1620 3409 semper
1646 3365 1682 3399 5:
1723 3367 1886 3400 Letentur
1919 3373 1951 3400 et
1983 3367 2137 3399 exultent
2168 3376 2284 3398 omnes
2319 3365 2352 3395 in

143 3421 288 3455 Domino
313 3427 346 3455 et
369 3423 559 3465 glorientur
588 3425 716 3466 pariter
747 3425 830 3457 recti
859 3425 974 3466 eorde,
1015 3424 1073 3467 qui
1108 3429 1147 3456 ut
1177 3429 1291 3456 notam
1317 3425 1444 3457 faceret
1476 3425 1660 3467 potentiam
1685 3435 1794 3457 snam.
1900 3424 1932 3466 c)
1956 3424 2046 3457 deest
2070 3423 2101 3457 ⁴2.
2127 3422 2167 3458 3:
2207 3423 2284 3455 iusti
2318 3429 2351 3454 et

143 3477 331 3519 glorientur
355 3490 471 3513 omnes
495 3479 527 3514 4.
623 3479 656 3524 d)
683 3483 718 3514 in
742 3480 869 3516 2—-4.
965 3482 995 3524 e)
1022 3487 1140 3514 notum
1169 3481 1196 3513 l.
1292 3479 1323 3522 f)
1351 3482 1549 3514 fortitudine
1575 3481 1606 3514 5.
1701 3482 1734 3523 8)
1762 3488 1879 3515 sancte
1905 3487 1992 3514 terre
2017 3481 2048 3514 4.
2146 3480 2178 3521 ¹¹}
2204 3481 2292 3513 deest
2319 3479 2350 3512 5.

143 3531 168 3577 i)
192 3545 255 3568 nee
277 3547 337 3579 per
361 3536 450 3570 vires
475 3543 782 3583 quantumcunque
807 3540 954 3583 grandes
980 3539 1061 3572 add.
1081 3539 1111 3571 ἵ).
1206 3536 1241 3580 k)
1267 3549 1329 3571 nee
1354 3550 1413 3581 per
1437 3537 1473 3578 2;
1494 3550 1562 3582 pro
1589 3544 1649 3571 aut
1676 3556 1717 3561 -—
1743 3540 1853 3572 facere
1878 3539 1917 3572 5:
1958 3539 2106 3581 aliquem
2132 3539 2242 3570 facere
2269 3537 2349 3568 buc-

144 3601 254 3634 usque
282 3594 380 3627 modo
411 3595 575 3637 quolibet.
735 3596 761 3640 l)
787 3598 816 3631 Ο
842 3616 884 3620 -
910 3598 1088 3630 reddere
1114 3597 1318 3629 volumus
1342 3596 1520 3639 plenius
1545 3589 1755 3629 certiores
1787 3596 1854 3629 des.
1875 3596 1906 3629 5.
2048 3600 2090 3637 ιι1)
2117 3595 2235 3627 salutis
2261 3592 2292 3625 2.
2319 3591 2350 3625 4.

144 3647 178 3690 ¹¹)
203 3650 397 3684 Ressolimus
421 3651 523 3686 2--4-
687 3655 720 3697 0)
739 3666 810 3697 pro
835 3666 876 3688 ea
901 3666 967 3698 que
992 3653 1100 3687 2-4:
1139 3664 1182 3687 ex
1206 3653 1272 3686 hiis
1305 3664 1371 3695 que
1396 3659 1600 3697 procurante
1630 3653 1805 3686 altissimo.
1961 3653 1994 3695 P)
2019 3663 2127 3694 usque
2160 3651 2240 3683 adcl-
2259 3648 2290 3681 2-
2320 3648 2351 3681 3.

146 3703 180 3750 ⁴1)
202 3714 408 3750 procurante
433 3711 608 3744 Altissimo
635 3712 704 3745 des.
724 3711 826 3746 2—4.
2010 3724 2077 3759 21*
