2558 3970
20 1241 36 1250 ι

68 921 100 946 10

67 1265 98 1291 15

65 1898 97 1924 25

66 2184 100 2210 30

67 2485 100 2510 35

67 2783 101 2808 40

72 3413 105 3438 50

72 3697 105 3724 55

686 167 928 203 FRIDERICI
957 168 1002 202 11.
1028 169 1457 205 CONSTITUTIONES.
1507 172 1605 206 1216.
1656 171 1718 206 Nr.
1739 173 1793 206 513.
2284 178 2336 217 69

137 290 281 329 autem
325 285 404 326 hec
446 284 602 333 omnia,
651 284 760 324 sicut
801 297 825 324 a
867 283 976 333 bone
1021 284 1254 325 voluntatis
1296 292 1468 326 nosti-0¹¹
1509 286 1770 327 liberalitate
1821 288 2070 342 prm-edunt.
2116 291 2334 344 perpetuis

135 353 404 411 temporibus
437 357 640 394 maneant
679 353 974 402 inconvulsam
1017 367 1195 407 presens
1237 354 1335 394 inde
1380 355 1682 409 privilegium*
1715 355 1873 396 dilecto
1910 358 2090 412 principi
2126 364 2168 396 ct
2201 359 2337 398 arnico

137 428 285 466 nostro
319 419 680 478 speciali-Ottoni
714 420 1026 476 Herbipolensi
1061 422 1267 477 episcopo
1301 429 1344 463 ct
1378 423 1567 463 ecclesie
1602 438 1674 474 sue
1706 423 2076 476 wirceburgensi.
2110 440 2234 480 quum
2270 427 2337 480 pio

135 493 283 534 favore
336 490 657 546 amplectimur.
713 489 924 531 conscribi
975 491 1249 545 precepimus
1296 498 1338 530 et
1395 498 1538 531 nostre
1587 493 1797 546 ymaginis
1854 494 2120 547 inpressione
2171 496 2336 535 inuniri.

136 564 394 611 statuentes,
427 563 473 600 ut
504 558 696 614 quisquis
730 563 880 599 contra
913 558 993 599 hec
1027 560 1340 614 presumpserit
1372 560 1531 614 aliquid
1558 568 1854 616 attemptat-cc.
1889 571 2057 602 centuni
2092 563 2221 603 libras
2247 564 2336 603 auri

137 645 214 687 pro
256 643 369 685 pena
408 633 635 684 conponat,
679 626 888 682 quarumd
921 627 1132 668 medietas
1173 628 1277 669 fisco
1311 628 1437 668 cedat
1479 636 1520 668 et
1554 644 1650 684 pars
1684 631 1822 670 altera
1857 631 1939 670 illis
1972 631 2154 685 quibus⁰
2188 632 2337 672 iniuria

136 697 288 741 fueritr
317 698 547 752 irrogatass.

281 766 437 808 Testes
478 765 601 805 huius
634 763 726 806 rei¹¹
767 763 937 805 sunt**:
983 764 1086 806 Otto
1120 764 1410 819 Frisingcnsis
1452 767 1693 822 episcopus.
1729 768 1973 808 (unu-adusi
2010 769 2338 823 lintis-ponensis

137 837 387 892 episcopuS,
443 834 546 875 Otto
594 832 926 888 Herbipolensis
979 834 1227 888 episcopm.
1284 834 1464 874 Sisi-idus
1515 837 1804 888 Augustensis
1860 851 2109 891 episcopus,
2163 836 2338 876 Silmtul‘

137 901 533 958 Hauelburgensis¹
576 901 823 957 episcopus,
875 901 1188 956 Engelardusm
1237 902 1508 942 Coloniensis
1557 904 1740 946 electus.
1786 904 1981 945 Vlricnsfl
2040 906 2338 945 l‘ataum-nsiw’

136 975 322 1025 electus,
376 971 608 1013 Heinricus
653 969 991 1011 Hersvcldensis
1051 969 1231 1014 abbasv,
1289 968 1408 1010 Cfino
1467 970 1786 1013 Elcwacensis‘1
1839 974 1996 1017 abbas,
2047 974 2339 1014 llurtniunnus

134 1041 362 1085 Fuldensis
409 1040 586 1091 electus,
634 1038 916 1080 Ludewicusr
960 1053 1103 1080 comes
1155 1039 1371 1094 palatinus
1421 1038 1527 1080 Reni
1576 1045 1640 1080 et‘*
1688 1040 1774 1081 dux
1829 1041 2045 1084 Bau-arie,
2101 1042 2339 1096 Lupoldus‘

135 1111 225 1153 dux
255 1110 475 1161 Austrie¹¹‚
509 1107 612 1149 Otto
643 1107 731 1149 dux
769 1107 992 1158 Miraniev,
1027 1107 1306 1149 Hermannus
1340 1108 1528 1149 marchio
1563 1109 1615 1149 dc
1650 1110 1827 1150 Badinw
1860 1117 1903 1151 ct
1936 1110 2176 1150 Fridvricus
2208 1111 2341 1150 frater

135 1182 273 1231 eius¹‚
306 1179 568 1220 Ansalmusy
600 1176 902 1229 marscalcusz,
937 1176 1203 1217 Wernerusn
1236 1176 1443 1232 dapiferb,
1478 1176 1728 1219 VValterus⁰
1770 1179 1975 1233 pincerna
2010 1179 2168 1231 regalis
2202 1178 2338 1226 aule-¹¹.

137 1256 181 1291 et
211 1249 281 1291 alii
315 1262 441 1304 quam
476 1247 634 1302 plures.

341 1361 405 1406 qui
432 1359 650 1406 principalis
675 1361 713 1394 et
739 1359 936 1404 precipuus
954 1361 1079 1394 nostre
1098 1359 1375 1394 sublimacionis
1396 1362 1526 1394 auctor
1545 1360 1671 1395 extitit
1691 1363 1728 1394 ct
1748 1364 1944 1404 promotor,
1972 1361 2097 1394 czulcni
2117 1360 2340 1394 auctoritato·

344 1417 543 1453 statuimus
568 1417 810 1451 innovantes:
850 1419 893 1450 ut
925 1428 1007 1450 cum
1042 1416 1080 1450 in
1113 1416 1267 1451 civitate
1292 1417 1623 1461 Magdehurgensis
1656 1418 1806 1452 ecclesie
1834 1419 1888 1451 vcl
1923 1418 2042 1462 opidis
2071 1418 2340 1463 pcrtinentibus

339 1475 387 1510 ad
406 1475 561 1510 eandem
579 1486 601 1509 a
619 1474 725 1509 nobis
744 1474 798 1508 vel
820 1473 1088 1508 successoribus
1109 1474 1241 1508 nostris
1260 1475 1378 1508 curias
1398 1475 1540 1519 regales
1558 1475 1734 1509 celebrari
1755 1475 2016 1518 contingi-rite,
2043 1476 2223 1513 univers-n,
2250 1476 2338 1518 qun-¹

340 1533 379 1568 in
404 1533 488 1568 aliis
514 1532 730 1567 civitatibus
756 1534 869 1576 atque
896 1531 985 1567 locis
1011 1532 1049 1566 in
1075 1534 1235 1573 moneta,
1263 1532 1469 1567 tlieoloneis
1496 1536 1533 1567 et
1558 1534 1688 1567 ceteris
1708 1533 1937 1567 utilitatibus
1955 1533 2247 1577 quibuscumque
2275 1533 2339 1565 im-

340 1590 475 1636 periali
512 1590 584 1624 iuri
622 1589 861 1635 provenerint
897 1589 943 1623 ab
983 1589 1121 1624 eisdem
1159 1590 1197 1624 in
1235 1590 1370 1635 prefati
1409 1590 1676 1635 archiepiscopi
1714 1594 1747 1624 et
1783 1602 2029 1625 successorum
2062 1591 2138 1623 cius
2176 1590 2277 1623 bonis
2304 1594 2337 1623 ct

339 1647 532 1688 fructibus,
566 1646 684 1682 libera
709 1658 854 1692 semper
880 1647 1046 1681 existant
1079 1647 1244 1692 predicte
1270 1647 1422 1682 ecclesie
1449 1648 1654 1692 profutura.
1703 1648 1742 1682 ln
1771 1659 1895 1682 omncs
1922 1648 2032 1681 ctiam
2063 1647 2225 1680 homino-s
2252 1646 2339 1680 civi-

341 1705 441 1745 tatis,
474 1705 669 1750 opidorum
695 1715 757 1739 seu
784 1704 959 1738 villarum
985 1705 1102 1750 ipsius
1129 1706 1301 1749 regales&
1327 1705 1443 1746 tallie,
1475 1705 1680 1750 peticiones
1706 1708 1771 1739 aut
1798 1705 2009 1739 exact-iones
2038 1705 2139 1738 nulla
2167 1716 2338 1748 umquam

340 1763 532 1798 occasione
569 1765 692 1808 preter
729 1762 893 1797 eiusdem
930 1763 1200 1809 archiepiscopi
1241 1765 1278 1798 ct
1311 1775 1558 1798 successorum
1598 1763 1713 1808 ipsius
1748 1763 2242 1797 «¹x(31·(·(·ilntlll'¹¹assensum:
2276 1773 2339 1794 nc<-

341 1820 537 1865 quisquam
576 1822 700 1865 preter
736 1821 856 1865 ipsum
893 1820 1213 1866 archiepiscopum
1252 1824 1289 1856 et
1323 1821 1441 1856 dictos
1479 1832 1701 1856 successores
1740 1821 1817 1855 eius
1851 1821 1992 1864 aliquid
2031 1820 2117 1853 iuris
2145 1819 2277 1853 habeat
2305 1819 2338 1852 in

340 1877 497 1913 eosdem.
554 1877 600 1912 Et
632 1877 856 1922 ubicumque
889 1878 1074 1922 percussio
1100 1878 1432 1923 Magdeburgensis
1466 1878 1739 1912 nummismatis
1772 1878 1949 1913 hactenus
1975 1890 2117 1912 currere
2144 1876 2342 1912 consucvit.

341 1935 466 1970 nullus
491 1947 669 1980 umquam
694 1937 885 1980 presumat
910 1935 1042 1970 cudere
1068 1935 1113 1970 de
1141 1947 1234 1971 novo
1261 1939 1459 1977 monetam,
1486 1936 1548 1971 sed
1577 1937 1711 1981 prefati
1731 1939 1798 1970 aut.
1817 1936 1963 1970 similisi
1991 1935 2141 1970 cursusk
2169 1934 2343 1968 nummis-

342 1993 453 2028 matis
478 1993 582 2038 large
613 2004 680 2038 per
713 1992 900 2037 predictos
926 1993 1104 2028 terminos
1137 1993 1174 2028 in
1201 2005 1266 2028 suo
1293 1994 1422 2029 robore
1453 1997 1672 2039 perseveret.
1723 1994 1777 2028 Ad
1807 1994 1872 2028 hcc
1898 1993 2015 2027 cidem
2043 1992 2194 2026 ecclesie
2220 1997 2342 2025 nostru

344 2050 574 2086 liberalitate
600 2050 791 2091 donamus,
818 2052 861 2085 ut
886 2051 916 2084 si
941 2050 1080 2085 alicubi
1107 2051 1145 2085 in
1171 2051 1278 2086 bonis
1305 2051 1383 2086 eius
1401 2052 1439 2086 in
1458 2052 1589 2096 quavis
1610 2051 1731 2096 specie
1750 2051 1952 2095 contigerit
1971 2049 2120 2094 reperiri
2141 2049 2343 2084 metallum.

340 2108 378 2143 in
405 2121 491 2144 usus
517 2108 634 2154 ipsius
661 2108 813 2144 ecclesie
839 2109 1039 2154 perpetuol
1065 2109 1276 2154 deputetur,
1303 2109 1507 2144 adicientes
1534 2112 1575 2143 ut
1593 2108 1760 2153 quelibet
1779 2109 1869 2148 iura,
1896 2120 1966 2152 qu·¹
1985 2107 2171 2152 sepedicte
2190 2106 2340 2141 ecclesi·—

342 2177 365 2201 a
388 2166 525 2202 nostris
550 2165 844 2201 antecessoribus
869 2167 957 2200 sunt
982 2174 1200 2207 concessam,
1226 2166 1344 2201 libera
1369 2167 1470 2212 ipsin
1495 2178 1639 2212 semper
1663 2169 1837 2200 maneant
1865 2169 1902 2199 et
1928 2165 2066 2209 quieta.
2104 2164 2182 2198 mid.
2203 2166 2233 2198 3.

281 2237 316 2280 *)
341 2236 378 2270 2:
405 2235 645 2281 privilegium
683 2236 819 2271 dilecte
855 2235 1015 2281 principi
1048 2237 1171 2285 nostre
1206 2235 1354 2285 domine
1387 2236 1524 2285 Sophie
1555 2235 1742 2285 abbatisse
1777 2235 1814 2268 in
1849 2233 2172 2278 Quitilingcburcli
2205 2235 2241 2266 et
2267 2232 2343 2265 cius

343 2293 495 2328 ecclesie
519 2296 700 2339 perpetuo
725 2293 944 2328 donavimus
970 2294 1009 2328 et
1033 2293 1284 2338 conscriptum
1316 2293 1492 2339 imaginis
1517 2296 1642 2328 nostre
1674 2292 1912 2337 impressione
1940 2291 2073 2326 muniri
2104 2290 2342 2335 precepimus,

345 2352 555 2386 statuentes
581 2353 624 2386 ut
650 2355 711 2386 etc.

341 2409 379 2443 4:
406 2408 646 2454 privilegium
683 2408 783 2443 fideli
817 2410 856 2444 et
887 2408 1023 2443 dilecto
1057 2408 1218 2453 principi
1244 2411 1369 2443 nostro
1397 2409 1588 2454 Hugoltoo
1615 2407 1826 2444 Corbeiensi
1859 2406 1986 2441 abbati
2014 2406 2165 2449 eiusque
2191 2404 2341 2438 ecclesi·-

342 2469 521 2512 perpetuo
548 2466 768 2502 donavimus
794 2467 832 2501 et
857 2466 982 2511 sigillo
1008 2466 1214 2501 maiestatis
1241 2468 1364 2501 nostre
1389 2465 1562 2511 insigniri
1589 2466 1829 2511 precepimus,
1857 2465 2095 2499 decernentes
2122 2466 2163 2497 ut
2188 2466 2249 2496 etc.

342 2525 375 2561 3.
400 2527 438 2562 5:
466 2524 705 2571 privilegium
724 2523 905 2559 conscribi
925 2524 1158 2569 precepimus
1176 2526 1213 2559 et
1232 2529 1354 2559 nostre
1373 2523 1560 2570 ymaginis
1579 2523 1807 2569 inpressione
1827 2522 1971 2564 muniri,
1998 2523 2204 2556 statuentes
2223 2524 2261 2554 ut
2280 2524 2339 2553 cte.

259 2594 316 2638 **)
343 2593 520 2629 Albertus
556 2593 876 2638 Meideburgensis
913 2593 1213 2639 archiepiscopus
1245 2593 1325 2627 add.
1351 2595 1387 2635 ὃς
1426 2594 1564 2628 testium
1594 2593 1698 2628 series
1731 2593 1768 2626 in
1793 2594 1815 2627 4
1843 2592 1945 2626 haec:
1983 2590 2156 2625 Albertus
2192 2588 2341 2632 Magdc-

342 2651 536 2697 burgensis
561 2651 871 2696 archiepiscopus,
907 2651 1152 2696 Engelbertus
1180 2651 1410 2687 Coloniensis
1436 2651 1585 2693 electus,
1619 2650 1708 2685 Otto
1735 2649 2063 2693 wirzeburgensis,
2092 2648 2180 2681 Otto
2208 2645 2342 2680 Fris-in-

342 2709 478 2755 gensis,
516 2709 706 2744 Conradus
730 2709 1026 2753 Ratisponensis,
1064 2709 1222 2744 Sifridus
1248 2709 1504 2754 Augustensis‚
1540 2708 1670 2743 Siboto
1697 2706 2038 2751 Hauelebergensis,
2067 2705 2209 2740 Ulricus
2236 2704 2341 2737 Puta-

341 2767 480 2802 uiensis
507 2767 681 2812 episcopi,
707 2766 810 2802 Cuno
830 2767 1051 2802 Elwacensis
1077 2767 1202 2812 abbas,
1229 2768 1461 2802 Hermannus
1480 2766 1673 2801 Fuldensis
1699 2767 1848 2806 elect-us,
1876 2764 2083 2799 Ludouicus
2102 2774 2220 2797 comes
2242 2762 2342 2805 pula-

343 2825 445 2860 tinus
470 2825 592 2860 Rheni
617 2825 694 2859 dux
719 2825 896 2867 Bawarie,
926 2825 1130 2870 Luipoldus
1156 2825 1230 2860 (lux
1249 2825 1409 2865 Austrie,
1438 2825 1668 2859 Hermannus
1687 2826 1724 2858 et
1742 2823 1946 2858 Fridericus
1965 2822 2095 2855 fratres
2115 2819 2341 2853 marchiones

344 2882 390 2918 de
415 2883 554 2927 Baden,
586 2882 675 2918 Otto
701 2883 776 2917 dux
801 2883 976 2925 Meranie,
1009 2883 1220 2919 Gherardus
1254 2895 1373 2918 comes
1399 2883 1444 2917 de
1470 2883 1604 2923 Dietse‚
1636 2882 1868 2917 Herm-annus
1895 2886 1931 2915 et
1960 2878 2163 2913 Ludovicus
2190 2877 2341 2911 comites¹

343 2941 388 2987 de
414 2941 668 2987 Wirtenberg,
705 2941 924 2977 Bertholdus
956 2941 1091 2976 nobilis
1117 2942 1162 2976 de
1189 2941 1312 2976 Niffen
1340 2943 1377 2975 et
1402 2940 1469 2975 filii
1495 2940 1551 2975 sui
1576 2939 1771 2974 Heinricus
1798 2941 1834 2973 et
1859 2937 2043 2975 Albertus,
2079 2934 2270 2969 Anselmus
2297 2933 2340 2966 dc

342 2998 566 3044 Iustin[gen]
593 2998 814 3034 marscalcus
839 2999 999 3044 imperii,
1026 2999 1225 3034 Wernerus
1251 2998 1395 3043 dapifer
1421 2997 1465 3032 de
1484 2997 1637 3039 Boland,
1662 2996 1770 3031 Dieto
1796 2995 1841 3029 de
1862 2993 2102 3037 Raucnsberg
2121 2990 2341 3025 camerarius

345 3056 504 3102 imperii,
530 3059 569 3092 et
593 3056 658 3091 alii
684 3068 796 3101 quam
821 3056 955 3102 plures.

276 3172 339 3208 56.
371 3171 403 3215 ³)
428 3178 542 3207 nostre
566 3174 655 3208 bone
679 3174 868 3207 voluntatis
892 3173 924 3207 5.
1045 3173 1076 3215 b)
1101 3174 1168 3207 inc.
1194 3178 1352 3206 maneant
1375 3172 1407 3205 4.
1526 3172 1556 3212 e)
1590 3171 1633 3204 al.
1660 3175 1720 3203 att.
1745 3168 1986 3212 presumpserit
2011 3166 2042 3199 4.
2071 3165 2102 3199 5.
2200 3163 2233 3207 d)
2260 3176 2342 3206 quo-

138 3243 216 3265 rum
240 3230 302 3265 3b.
326 3230 358 3264 4.
477 3231 506 3273 e)
533 3232 639 3273 cedat,
665 3242 744 3275 pars
770 3242 851 3264 vero
876 3231 982 3264 altera
1007 3231 1057 3264 illi
1083 3232 1138 3264 cui
1163 3230 1194 3264 4.
1306 3228 1337 3271 f)
1365 3230 1467 3262 fuerit
1492 3229 1617 3262 iniuria
1643 3226 1674 3260 3.
1701 3227 1733 3260 5.
1827 3225 1860 3268 g)
1887 3229 2067 3267 surrogata
2093 3222 2123 3255 4.
2220 3220 2253 3262 h)
2272 3233 2342 3263 pro

138 3290 242 3322 huius
265 3290 315 3323 rei
332 3288 369 3322 5:
396 3289 454 3322 hii.
547 3287 572 3332 i)
598 3282 802 3321 Chfinradus
820 3288 857 3330 53
883 3289 1061 3322 Conradus
1085 3285 1117 3321 3.
1213 3286 1248 3328 k)
1277 3288 1417 3330 Sigboto
1443 3286 1474 3320 5.
1568 3284 1594 3328 l)
1620 3283 1911 3326 Havelbergensis
1928 3281 1961 3314 2.
1980 3281 2012 3313 3.
2030 3280 2062 3313 5.
2158 3285 2200 3320 1¹¹)
2220 3279 2340 3321 Engel-

139 3347 266 3380 hardus
289 3345 328 3387 33
353 3346 647 3391 Engelbertus
672 3345 704 3379 2.
730 3345 761 3378 5.
857 3344 891 3390 n)
916 3331 1052 3379 {ih-icus
1077 3345 1116 3383 53
1142 3344 1278 3377 Ulricus
1303 3342 1336 3376 2.
1353 3342 1385 3376 3.
1481 3342 1513 3385 0)
1539 3342 1767 3375 Pattaviensis
1793 3340 1824 3372 2.
1919 3337 1952 3380 1³)
1979 3339 2034 3371 ab.
2060 3336 2290 3369 Herfeldensis
2308 3335 2339 3365 3.

146 3404 178 3446 ⁴1)
201 3399 324 3438 Chi‘ino
345 3405 556 3438 Elwacensis
573 3403 611 3444 5;
637 3404 716 3437 abb.
735 3404 842 3437 Elew.
859 3403 892 3436 3.
986 3403 1015 3445 ι“)
1041 3403 1242 3436 Lodewicus
1259 3401 1290 3443 5,
1318 3402 1375 3434 ubi
1391 3412 1503 3434 comes
1521 3401 1618 3433 deest.
1715 3403 1742 3440 Β)
1770 3398 1861 3430 deest
1877 3396 1908 3429 5.
2003 3395 2029 3435 t)
2055 3394 2244 3437 Liupoldus
2264 3392 2292 3424 2.
2309 3391 2340 3424 5.

140 3460 175 3506 ¹¹)
199 3463 273 3506 Sty
283 3463 436 3504 rieque
461 3462 542 3495 add.
561 3460 592 3494 5.
687 3460 721 3505 V)
745 3462 899 3494 Meranie
923 3461 955 3494 5.
1050 3459 1091 3501 W)
1118 3460 1235 3492 Baden
1260 3458 1293 3492 3.
1319 3458 1349 3491 5.
1445 3458 1479 3499 x)
1505 3460 1546 3491 fr.
1572 3458 1645 3490 eius
1669 3456 1869 3489 Fredericus
1894 3453 1925 3485 5.
2021 3455 2053 3494 y)
2080 3451 2285 3484 Anshelmns
2302 3448 2340 3487 5;

140 3519 324 3552 Anselmus
347 3518 413 3558 3a;
439 3519 669 3552 Anschalmus
693 3517 756 3551 3b.
875 3517 905 3561 z)
932 3517 1167 3550 marschalcus
1191 3515 1222 3549 2.
1343 3515 1372 3556 ¹²)
1402 3515 1631 3547 werenherus
1655 3513 1686 3546 5.
1805 3510 1837 3552 ιἵ)
1863 3512 1909 3543 de
1934 3508 2180 3542 Bonlandia
2205 3506 2286 3538 aad.
2310 3504 2340 3537 5.

141 3574 174 3618 ὓ)
198 3577 448 3610 waltherus
473 3577 520 3609 de
544 3576 721 3619 Schipfe
745 3576 776 3609 5.
894 3573 928 3615 d)
954 3575 1034 3608 aule
1058 3575 1183 3618 regalis
1208 3573 1240 3607 5.
1371 3571 1401 3615 e)
1428 3572 1607 3614 contigerit
1631 3570 1692 3603 3b.
1813 3568 1845 3609 f)
1871 3567 2020 3604 correxi;
2047 3565 2281 3605 universisque
2308 3562 2339 3594 3.

141 3632 176 3676 8)
200 3633 327 3677 regalis
350 3633 414 3667 3b.
531 3631 565 3675 h)
591 3637 775 3666 exerceant
797 3631 861 3666 3b.
994 3631 1018 3674 i)
1043 3637 1105 3665 aut
1128 3631 1248 3664 similis
1272 3630 1340 3663 des.
1358 3628 1420 3662 3a.
1536 3627 1573 3670 k)
1598 3639 1718 3661 cursus
1743 3627 1834 3660 deest
1856 3624 1919 3658 3b.
2039 3621 2062 3663 l)
2088 3627 2249 3665 perpetue
2273 3618 2339 3652 3b.

139 3691 184 3733 ¹¹¹)
208 3701 302 3724 conc.
327 3695 408 3724 sunt
430 3690 491 3724 3b.
608 3691 642 3732 1¹)
666 3691 743 3733 ipsa
766 3688 829 3723 3b.
946 3688 977 3733 ⁰)
995 3695 1076 3732 post
1101 3689 1256 3722 additum
1280 3686 1314 3720 4.
