2558 3970
173 164 224 201 46
722 157 928 192 OTTONIS
956 157 1014 190 lv.
1041 155 1472 191 CONSTITU'I'IONES.
1522 157 1619 191 1210.
1669 156 1730 190 Nr.
1749 157 1803 191 37.

173 287 319 314 omnes
366 273 560 313 homiues
599 271 757 312 Pisane
806 271 989 311 civitatis
1032 275 1073 310 et
1110 270 1258 310 Pisani
1299 270 1516 311 districtus
1555 274 1596 311 et
1639 284 1786 311 eorum
1826 284 1894 311 res
1927 276 1970 312 et
2006 272 2207 324 honores,
2253 287 2349 314 cum

174 341 402 382 Frederico
437 341 548 381 dicto
582 353 682 393 rege
716 339 859 380 Sicilie
894 339 961 379 vel
994 352 1087 379 cum
1122 338 1263 392 aliquo
1299 338 1487 379 Siciliam
1520 338 1719 379 habente.

318 411 352 450 7.
387 409 439 449 Et
473 408 583 462 quod
616 408 743 447 faciet
775 407 913 446 iurare
955 407 1111 446 milites
1145 419 1258 452 suos,
1299 419 1404 461 quos
1445 407 1648 446 missurus
1681 410 1747 446 est
1779 406 1821 446 in
1853 407 2061 457 exercitu,
2106 408 2272 449 salvare
2305 412 2349 449 et

173 477 407 517 defendere
440 476 618 515 Pisanos
652 488 799 514 omnes
839 480 881 514 et
913 475 983 528 qui
1016 488 1110 514 cum
1144 475 1206 514 eis
1239 479 1364 515 erunt
1396 475 1436 514 in
1458 473 1661 528 ‚exercitu
1694 478 1842 514 contra
1874 487 2023 516 omnes
2055 489 2276 530 personas,
2310 481 2352 517 et

174 559 255 584 non
290 544 507 585 offendere
540 544 579 582 in
612 557 797 596 persona
831 542 897 582 vel
932 543 1071 585 rebus.
1106 547 1147 583 et
1179 542 1360 583 Pisanos
1395 556 1477 582 non
1510 542 1821 596 derelinquere.

315 621 350 653 ξι.
387 612 440 652 Et
473 612 585 665 quod
619 611 759 651 omnia
794 610 1031 665 privilegia,
1064 623 1271 651 concessa
1304 615 1346 651 et
1380 610 1534 663 largita
1557 610 1721 650 civitati
1744 609 1900 651 Pisane
1924 615 1966 651 et
1988 612 2157 652 comuni
2181 611 2353 664 Pisano,

175 682 238 721 vel
272 680 519 721 consulibus
545 679 610 720 vel
643 679 878 719 rectoribus
902 678 968 719 vel
992 679 1195 732 potestati
1218 678 1486 729 Pisa-norum,
1518 691 1594 732 pro
1626 677 1718 732 ipsa
1742 678 1914 720 civitate
1940 682 1983 719 et
2005 679 2176 720 comuni
2196 679 2354 720 Pisano

175 749 500 803 recipientibus,
557 762 579 788 a
627 751 861 787 memorato
907 745 1077 786 domino
1125 747 1386 801 imperatore
1433 746 1594 786 Ottone
1641 750 1685 786 et
1727 745 1817 786 eius
1865 747 2212 788 antecessoribus
2258 747 2354 788 dive

175 818 375 857 memorie
423 816 754 870 imperatoribus
804 821 845 855 et
891 815 1081 868 regibus,
1131 815 1241 855 sicut
1285 815 1327 854 in
1370 814 1474 868 ipsis
1518 814 1715 854 omnibus
1757 814 1993 869 privilegiis
2036 816 2282 870 specialiter
2313 819 2357 858 et

174 886 434 938 generaliter
478 890 520 925 et
567 884 843 938 singulariter
886 883 1147 926 continetur,
1196 886 1238 922 et
1278 881 1530 922 nominatim
1574 882 1716 922 omnia
1754 895 1824 933 ea,
1872 896 1954 936 que
1998 884 2271 924 continentur
2314 884 2358 924 in

174 954 396 1007 privilegio
440 967 646 994 concesso
684 952 841 993 Pisane
885 951 1046 991 civitati
1093 951 1134 991 in
1175 963 1307 1005 regno
1351 950 1517 1001 Sicilie,
1567 949 1833 991 confirmabit
1871 954 1914 991 et
1950 952 2070 993 firma
2111 951 2278 994 tenebit
2315 956 2359 993 et

174 1021 432 1063 observabit.

318 1092 356 1131 9.
389 1089 445 1130 Et
477 1089 589 1144 quod
624 1088 833 1144 precipiet
866 1087 944 1127 sub
978 1086 1123 1128 debito
1155 1086 1374 1127 fidelitatis
1405 1090 1447 1127 et
1478 1086 1620 1127 banno
1652 1087 1820 1141 imperii
1855 1087 2057 1142 episcopo
2082 1087 2358 1140 Vulterrano,

175 1169 216 1199 et
250 1166 498 1213 preceptum
532 1172 614 1197 non
647 1156 880 1202 revocabit,
914 1155 1026 1210 quod
1060 1156 1201 1195 omnia
1232 1155 1459 1210 privilegia
1482 1168 1689 1196 concessa
1709 1155 1892 1206 Pisanis,
1926 1159 1971 1196 ut
1995 1156 2359 1211 suprascriptuma

175 1233 254 1267 est,
287 1226 489 1266 inviolata
523 1231 667 1266 teneat
701 1231 742 1265 et
765 1225 975 1265 observet.
1038 1224 1158 1265 Idem
1192 1237 1362 1279 quoque
1387 1224 1600 1279 precipiet
1622 1224 1782 1264 nuntiis
1805 1224 1892 1264 suis
1915 1225 2111 1266 omnibus
2133 1225 2175 1265 in
2198 1225 2357 1267 Tuscia

175 1295 416 1336 constitutis
460 1305 500 1334 et
543 1295 614 1349 qui
654 1293 705 1334 de
750 1298 893 1334 cetero
936 1293 1266 1345 constituentur,
1307 1298 1350 1333 et
1389 1292 1641 1333 nominatim
1674 1293 1911 1333 castellano
1945 1297 1988 1333 et
2019 1294 2176 1334 rectori
2210 1293 2359 1335 Sancti

177 1363 376 1403 Miniatis.

325 1435 382 1470 w.
420 1430 471 1470 Et
505 1430 794 1484 negotiatores
827 1428 974 1469 Pisani
1007 1443 1082 1483 per
1116 1428 1320 1480 Siciliam,
1356 1428 1613 1480 Calabriam,
1646 1429 1849 1483 Apuliam
1882 1434 1924 1470 et
1951 1430 2245 1485 Principatum
2279 1431 2363 1472 sint

176 1500 295 1540 liberi
331 1506 371 1540 et
404 1499 560 1539 vadant
594 1511 668 1553 per
700 1502 857 1537 terram
890 1502 932 1537 et
964 1510 1118 1551 aquam
1141 1497 1303 1552 absque
1329 1497 1441 1537 omni
1471 1496 1654 1552 pedagio
1679 1500 1721 1538 et
1744 1496 1949 1538 dirictura
1981 1502 2024 1538 et
2046 1511 2131 1539 non
2154 1502 2363 1553 cogantur

177 1583 318 1609 emere
358 1568 423 1608 vel
466 1567 651 1608 vendere
700 1566 812 1606 ultra
851 1579 974 1605 suum
1017 1566 1138 1616 velle,
1186 1579 1264 1605 nec
1306 1565 1415 1606 alius
1457 1565 1639 1619 quilibet
1679 1565 1822 1620 aliquo
1865 1565 2039 1620 ingenio
2082 1563 2362 1621 prohibeatur

175 1650 326 1677 emere.

325 1709 384 1745 ll.
418 1704 472 1744 Et
505 1704 647 1744 taliter
678 1703 873 1744 dominus
907 1704 1137 1757 imperator
1170 1706 1212 1743 et
1243 1702 1423 1757 predicti
1454 1703 1661 1743 missatici
1685 1702 1764 1743 hec
1789 1703 1930 1743 omnia
1953 1716 2020 1742 me
2043 1702 2363 1758 Bonalbergum

176 1773 360 1814 iudicem
394 1778 436 1814 et
468 1773 677 1813 notarium
709 1771 898 1812 scribere
931 1775 1207 1826 rogaverunt.

318 1843 474 1882 Actum
507 1842 549 1881 in
582 1841 754 1882 civitate
778 1839 1061 1892 Vercellensi,
1093 1840 1136 1880 in
1169 1844 1292 1895 prato
1325 1839 1483 1880 domini
1507 1840 1713 1894 episcopi,
1746 1839 2019 1894 presentibus
2051 1840 2222 1881 domino
2246 1840 2361 1882 Cun-

177 1910 279 1961 rado
320 1911 576 1951 cancellario
620 1910 799 1964 imperii,
845 1909 1093 1950 marchione
1135 1908 1466 1959 Montisferrati,
1509 1908 1755 1949 marchione
1793 1907 1846 1949 de
1888 1908 2078 1961 Salutiis,
2124 1909 2284 1951 Ottone
2322 1914 2364 1950 et

176 1979 366 2020 Henrico
407 1979 458 2019 dc
493 1978 703 2030 Cari-etto,
746 1978 915 2019 domino
950 1977 1178 2019 Guilielmo
1211 1977 1455 2018 marchione
1489 1977 1742 2032 Malespine,
1778 1975 1923 2032 Burgo
1957 1978 2170 2033 quondam
2201 1978 2364 2031 Boccii,

179 2048 343 2089 L'berto
375 2048 638 2088 Yicecomite
671 2047 937 2099 Placentino,
969 2046 1131 2101 rogatis
1163 2045 1369 2094 testibus;
1401 2045 1614 2086 dominice
1639 2059 1740 2086 vero
1764 2046 2068 2087 incarnationis
2090 2060 2202 2088 anno
2225 2046 2364 2088 mille-

181 2118 285 2157 simo
319 2116 614 2157 ducentesimo
647 2115 890 2165 undecimo,
923 2114 1158 2156 indictione
1189 2113 1317 2166 XIII,
1350 2114 1478 2154 tertio
1510 2113 1661 2154 Nonas
1691 2113 1820 2154 Iunii.

329 2187 388 2225 12.
422 2185 585 2225 Iuravit
618 2185 696 2225 hoc
731 2188 1045 2225 sacramentum
1078 2183 1275 2224 dominus
1309 2182 1534 2224 Cunradus
1569 2183 1853 2224 cancellarius
1884 2184 2051 2238 imperii
2075 2187 2116 2223 et
2139 2183 2364 2238 episcopus

182 2254 395 2309 Spirensis
429 2253 480 2293 de
512 2253 715 2293 mandato
740 2252 902 2294 domini
926 2252 1094 2293 Ottonis
1117 2252 1400 2307 imperatoris,
1434 2251 1636 2293 videlicet
1656 2252 1770 2307 quod
1792 2253 1905 2293 bona
1934 2252 2015 2294 fide
2039 2253 2158 2294 dabit
2179 2265 2366 2308 operam,

181 2322 291 2376 quod
330 2322 521 2376 predicta
556 2322 697 2362 omnia
729 2323 1013 2363 observentur
1045 2321 1098 2362 ab
1131 2322 1224 2376 ipso
1258 2320 1430 2362 domino
1464 2322 1746 2375 imperatore,
1791 2325 1834 2361 et
1863 2321 1968 2376 ipse,
2003 2324 2208 2375 quantum
2239 2321 2282 2362 in
2315 2335 2366 2363 eo

183 2391 275 2431 erit.
326 2390 437 2430 bona
484 2389 566 2431 fide
609 2404 685 2445 per
729 2405 774 2431 se
818 2390 1065 2431 observabit
1105 2394 1147 2431 et
1188 2389 1333 2430 faciet.
1404 2388 1461 2429 Et
1498 2389 1579 2429 hoc
1618 2388 1731 2429 idem
1769 2392 2086 2430 sacramentum
2118 2388 2367 2430 iuraverunt

182 2461 372 2501 marchio
406 2459 741 2511 Montisferrato,
775 2459 1024 2500 Manfredus
1056 2459 1245 2500 marchio
1278 2458 1330 2499 de
1364 2458 1540 2500 Salutiis
1575 2463 1617 2500 et
1650 2458 1750 2499 Otto
1783 2462 1827 2499 et
1858 2457 2070 2498 Henricus
2093 2457 2145 2499 de
2170 2457 2366 2499 Oarretto

184 2538 225 2569 ct
258 2528 514 2569 Guilielmus
546 2528 736 2569 marchio
768 2527 1021 2584 Malespine.
1082 2527 1139 2568 Et
1170 2528 1314 2569 taliter
1345 2527 1423 2568 hec
1456 2526 1538 2582 ipsi
1569 2540 1717 2568 omnes
1747 2539 1814 2566 me
1837 2525 2160 2580 Bonalbergum
2182 2526 2367 2568 iudicem

184 2607 226 2638 et
258 2599 470 2638 notarium
494 2598 681 2638 scribere
707 2601 981 2652 rogaverunt.
1032 2596 1190 2637 Actum
1212 2596 1364 2637 eodem
1387 2595 1704 2650 suprascript00
1734 2594 1829 2635 loco
1862 2598 1904 2635 et
1936 2594 2003 2635 die
2026 2598 2070 2635 et
2092 2594 2365 2649 presentibus

186 2665 375 2706 IJlJe1·to‘l
409 2666 675 2706 Vicecomite
708 2665 960 2706 Placentino
992 2670 1035 2706 et
1064 2665 1225 2719 Burgo,
1258 2664 1589 2719 suprascriptisb
1622 2664 1782 2719 rogatis
1816 2662 2013 2704 testibus.

332 2736 392 2775 13.
433 2733 526 2788 Ego
566 2734 868 2788 Bonalbergus
900 2734 1102 2775 Venti-ilii
1149 2733 1364 2788 quondam
1409 2733 1536 2784 filius,
1583 2732 1728 2773 domni
1768 2731 2035 2787 imperatoris
2076 2730 2369 2772 Romanorum

187 2802 315 2842 iudex
349 2807 390 2842 et
423 2803 627 2853 notarius,
669 2803 865 2844 omnibus
899 2802 1228 2858 suprascriptisb
1260 2806 1436 2843 vocatus
1470 2806 1599 2856 atque
1630 2805 1807 2856 rogatus
1844 2801 2020 2842 interfui
2053 2804 2096 2841 et
2127 2800 2238 2841 hanc
2270 2799 2369 2842 inde

188 2876 346 2910 cartam
379 2871 541 2925 scripsi,
574 2870 751 2921 firmavi,
786 2872 997 2926 complevi
1030 2876 1073 2913 et
1104 2871 1214 2912 dedi.

336 2942 394 2979 14.
435 2938 485 2978 111
526 2939 696 2980 nomine
729 2939 869 2980 Patris
903 2944 945 2981 et
976 2939 1071 2979 Filii
1113 2943 1154 2981 et
1187 2939 1370 2994 Spiritus
1411 2939 1560 2989 sancti,
1600 2951 1738 2980 amen.
1798 2938 2094 2979 Promiserunt
2124 2950 2200 2992 per
2232 2937 2368 2992 stipu-

188 3007 391 3046 lationem
425 3006 647 3047 Bandinus
682 3008 934 3062 Burgundii,
967 3008 1127 3049 Bulsus
1160 3007 1375 3062 quondam
1408 3006 1525 3047 Petri
1547 3005 1792 3046 Albithonis
1827 3012 1869 3047 et
1891 3005 2164 3046 Bonacursus
2189 3004 2369 3046 Henrici

190 3073 331 3114 Canis.
365 3074 495 3128 legati
529 3080 570 3115 et
602 3076 739 3115 nuntii
762 3076 917 3116 Pisane
942 3077 1138 3126 civitatis,
1172 3075 1342 3116 domino
1367 3074 1517 3116 Ottoni
1540 3073 1621 3114 Dei
1644 3074 1783 3128 gratia
1806 3073 2096 3114 Romanorum
2120 3073 2368 3128 imperatori

191 3150 230 3181 et
264 3156 433 3196 semper
464 3149 646 3197 augusto
680 3158 733 3185 ex
767 3149 888 3199 parte
924 3144 1155 3186 Gottifredi
1176 3143 1452 3185 Vicecomitis
1475 3142 1731 3183 Pisanorum
1763 3142 1991 3196 potestatis
2024 3145 2066 3181 et
2098 3141 2369 3182 comunitatis

191 3209 381 3250 eiusdem
415 3211 615 3263 civitatis,
650 3213 759 3266 quod
792 3213 910 3254 dabit
942 3213 1226 3268 quadraginta
1256 3213 1405 3267 galeas
1436 3211 1598 3253 Pisane
1630 3211 1814 3252 civitatis
1848 3211 1900 3251 de
1933 3210 2031 3250 hinc
2065 3209 2117 3250 ad
2150 3208 2371 3250 Kalendas

160 3278 375 3331 ,Augusti
418 3279 633 3332 proximas
682 3281 734 3320 ad
776 3283 1039 3323 voluntatem
1078 3281 1237 3321 domini
1278 3279 1545 3335 imperatoris
1586 3278 1696 3320 bene
1739 3279 1959 3333 guarnitas
1993 3292 2089 3320 cum
2128 3277 2370 3319 hominibus

191 3345 298 3385 bene
330 3346 536 3399 guarnitis
570 3354 611 3387 et
644 3350 818 3389 armatis
852 3356 894 3391 et
927 3363 1022 3391 cum
1054 3349 1325 3399 victualibus,
1358 3348 1597 3402 sumptibus
1631 3351 1673 3387 et
1696 3347 1897 3401 expensis
1925 3347 2060 3401 ipsius
2083 3345 2241 3387 Pisane
2265 3346 2368 3387 civi-

192 3414 304 3453 tatis.
337 3426 418 3467 quc
451 3413 638 3455 debeant
670 3417 881 3470 proficisci
913 3418 955 3458 in
989 3417 1242 3472 obsequium
1276 3416 1577 3471 suprascriptie
1609 3415 1770 3456 domini
1802 3414 2070 3470 imperatoris
2101 3415 2143 3455 in
2167 3414 2370 3457 Siciliam.

192 3479 363 3521 Debeat
392 3481 566 3536 insuper
588 3482 689 3523 dare
714 3484 826 3526 dicta
848 3490 1041 3539 potestas
1066 3483 1384 3539 suprascriptoc
1406 3483 1577 3524 domino
1601 3483 1849 3538 imperatori
1875 3483 1916 3523 in
1947 3482 2139 3537 predicto
2163 3483 2370 3537 obsequio

325 3613 385 3648 37.
420 3621 448 3657 c)
476 3616 686 3659 infrascripto
712 3617 762 3649 ed.
881 3617 912 3659 ιι)
939 3619 1075 3651 Elberto
1101 3619 1152 3651 ecl.
1271 3623 1301 3659 Θ)
1327 3618 1532 3660 infrascripti
1557 3617 1608 3650 ed.

2393 896 2426 921 10

2396 1237 2427 1262 1⁵

2398 1578 2432 1604 20

2400 1924 2433 1949 25

2405 2265 2438 2290 30

2405 2615 2436 2642 35

2405 2957 2439 2982 40

2406 3297 2438 3321 45

2533 3361 2538 3371 ·
2527 3295 2542 3343 ‘³-
2529 3230 2541 3253 ἡ
2526 3159 2537 3210 ‘0‘
2527 3069 2540 3131 —>-
2525 2926 2550 3051 *-0·Qu‘
2525 2748 2543 2898 *td-eamr

2516 3783 2555 3970 ..u-02«
2528 3719 2533 3728 ,
