2558 3970
96 939 128 964 10

98 1286 127 1312 15

96 1975 127 2000 25

97 2319 130 2345 30

98 2665 129 2691 ³5

96 3355 130 3382 45

671 154 889 190 HEINRICI
917 156 1055 192 REGffi
1082 158 1514 194 c‹»NST1'1'L''1‘10NEs.
1567 161 1662 195 1222.
1716 162 1775 197 Nr.
1794 164 1871 198 279.
2284 170 2365 208 393

168 267 341 308 cellaria
372 267 489 309 ducis
521 268 785 310 Brabcmtme
816 274 1032 313 muratam
1065 286 1165 322 csse,
1209 275 1419 314 nominum
1447 275 1613 328 fernme
1644 279 1681 316 ct
1715 292 1789 318 vos
1823 279 1923 319 bota
1957 281 2228 332 comprobant.
2297 282 2364 336 (ff.

167 336 290 376 ett'am
320 335 475 378 Fickcr
512 337 722 391 ‘Bee‘lra'yc
759 354 835 380 zm·
873 340 1225 382 le'rkzcndcnlclerc'
1259 343 1295 391 l,
1318 346 1414 385 335¹.
1479 344 1735 398 Apoqraplca
1773 347 1966 399 [equuleu-
2007 349 2050 388 in
2087 348 2366 390 Clmrlulario

165 403 436 445 Brabantino
472 405 621 447 codicis
661 406 854 448 Paris-em·
895 408 1002 450 (Julb.
1033 411 1178 451 10197.
1203 415 1241 451 2.
1265 415 1294 450 2
1331 425 1432 452 sacru
1459 412 1531 453 XI
1545 412 1616 458 ΙΝ,
1658 414 1699 453 in
1737 415 1931 466 Capisa-io
1969 417 2150 457 civitatis
2181 417 2365 457 Bruxel-

165 471 291 514 zeusis
320 487 423 516 sace.
450 473 579 516 XVI.
612 476 816 517 tabularii
851 477 1092 519 (r'andcnsis
1108 480 1134 521 ².
1170 480 1213 518 in*
1245 480 1375 520 codice
1408 481 1668 522 lu'ble'otlwcac
1698 483 1997 524 J›’›·1‹.ceal‹›nsis
2025 487 2159 525 16940
2173 486 2203 530 ³:
2235 486 2366 525 versio

170 541 423 583 Germanica
460 543 506 583 iu
544 544 674 585 codiee
717 545 796 585 ciri
827 546 874 586 cl.
908 546 1077 587 (ι’ένανιῖ
1107 547 1140 588 b.
1165 561 1214 587 m.
1253 547 1543 589 [irad-ellipsis
1582 564 1644 590 nr.
1678 553 1792 591 104⁴.
1830 577 1879 582 —
1916 553 2366 594 linium-«l-Breleolles

164 610 226 660 II,
250 613 343 652 745.
405 611 599 661 Bo'lmwr,
634 612 731 665 Rea.
767 615 861 666 imp.
897 614 940 663 V,
963 617 1088 657 3575.
2011 622 2223 674 (11:349.)

307 713 517 756 Noverint
557 717 767 761 universi,
810 717 921 771 quod
966 732 1062 759 cum
1104 719 1215 774 apud
1250 720 1572 775 Aquisgranum
1614 721 1829 763 Heni-irus
1877 738 1950 764 rex
1986 725 2277 766 Romanorum
2324 727 2363 766 in

165 782 392 838 sollempni
416 785 535 826 curia
559 785 730 827 sederet
754 800 829 841 pro
854 786 1075 835 tribunali,
1110 787 1188 828 sub
1212 789 1457 842 frequentia
1488 790 1744 845 principum.
1779 793 1969 847 precepit
1992 793 2181 835 I‘Ienrico
2208 795 2362 835 illustri

164 851 261 892 duci
292 852 574 908 Lotharingie
618 859 660 894 et
694 854 934 896 Brabancie
976 861 1019 896 et
1058 857 1099 897 in
1140 856 1348 898 fidelitate
1396 859 1574 914 imperio
1608 861 1786 914 prestita
1828 861 2013 901 iniunxit
2055 863 2219 904 cidem.
2253 863 2363 918 quod

163 920 257 962 iura
287 921 455 977 imperii
487 922 666 963 firmiter
699 924 952 965 observaret
985 930 1027 965 ct
1060 926 1102 966 in
1135 931 1249 967 terra
1283 940 1361 967 sua
1392 927 1559 968 faceret
1592 928 1828 981 observari,
1863 934 1906 969 et
1939 930 2018 971 hcc
2048 931 2148 971 fecit
2172 938 2258 972 tam
2283 946 2359 986 per

164 990 428 1031 sentenciam
461 992 701 1047 principum
736 1007 863 1047 quam
896 1007 972 1048 per
1007 993 1230 1036 obtentum
1263 996 1404 1051 gratie
1439 996 1621 1052 imperii.

255 1109 259 1112 .
317 1062 346 1100 l.
381 1059 611 1102 Inventum
644 1061 774 1116 igitur
796 1067 838 1103 et
863 1063 1179 1104 sentenciatum
1204 1068 1270 1105 est
1299 1064 1375 1105 ibi:
1409 1065 1521 1119 quod
1547 1066 1588 1106 in
1613 1065 1702 1107 iure
1726 1066 1883 1107 feodali
1906 1068 2043 1108 omnis
2068 1068 2363 1108 ministerialis

164 1128 428 1170 feodotarius
461 1143 570 1185 eque
604 1130 795 1171 iudicare
828 1132 966 1186 possit
989 1145 1120 1186 super
1143 1132 1282 1173 feodis
1309 1133 1513 1174 nobilium
1539 1139 1582 1175 et
1606 1135 1968 1178 ministerialium.
2004 1137 2195 1191 exceptis
2220 1142 2363 1178 tamen

164 1196 303 1239 feodis
336 1198 590 1254 principum.

308 1267 345 1307 2.
378 1266 447 1308 Ad
480 1267 559 1309 hec
592 1269 907 1310 sentenciatum
941 1274 1006 1311 est
1028 1270 1108 1311 ibi:
1144 1270 1255 1325 quod
1279 1271 1460 1326 quilibet
1484 1272 1637 1313 nobilis
1662 1272 1753 1314 sive
1778 1273 2072 1315 ministerialis
2096 1274 2364 1315 feodetarius

163 1350 188 1377 a
220 1335 391 1378 domino
426 1351 502 1378 suo
535 1338 575 1379 iu
610 1339 702 1379 iure
735 1338 896 1380 feodali
928 1340 1066 1394 prima
1098 1340 1305 1381 citatione
1339 1341 1392 1382 ad
1426 1341 1688 1396 quindenam
1723 1347 1867 1398 potest
1900 1344 2034 1384 citari.

306 1408 343 1447 3.
378 1406 539 1449 Iterum
574 1407 609 1448 si
642 1407 815 1463 aliquis,
849 1409 940 1450 sive
974 1409 1129 1451 nobilis
1164 1410 1255 1451 sive
1291 1410 1601 1462 ministerialis,
1635 1411 1842 1453 allodium
1877 1412 1999 1453 ducis
2033 1412 2085 1453 de
2111 1412 2219 1454 duce
2247 1417 2367 1454 tenet

164 1476 205 1517 in
238 1476 432 1529 feodum,
474 1477 567 1532 ipse
600 1477 687 1518 dux
721 1478 861 1533 ipsum
896 1478 1028 1519 citare
1062 1482 1208 1533 potest
1242 1493 1375 1534 super
1408 1479 1478 1520 illo
1513 1479 1672 1521 allodio
1706 1480 1758 1521 ad
1793 1481 1923 1522 alium
1957 1482 2096 1523 locum
2131 1481 2202 1522 ubi
2235 1481 2367 1522 habet

164 1545 391 1598 allodium,
425 1545 669 1602 ubicunque
704 1546 898 1588 voluerit.
963 1547 1007 1588 Si
1041 1552 1183 1588 autem
1217 1547 1325 1589 illud
1358 1548 1535 1590 feodum
1569 1550 1622 1590 sit
1655 1550 1829 1591 feodum
1863 1551 1915 1592 ab
1949 1551 2032 1592 alio
2066 1551 2255 1607 principe
2290 1551 2363 1592 ob-

166 1618 345 1666 tentum,
379 1619 480 1656 tunc
513 1614 600 1656 dux
633 1629 757 1657 suum
791 1615 1073 1658 feodetarium
1100 1617 1232 1658 citare
1256 1622 1403 1672 potest
1429 1632 1558 1673 super
1582 1632 1883 1675 quamcunque
1908 1624 2074 1675 partem
2098 1620 2210 1660 illius
2234 1620 2364 1666 feodi,

164 1683 277 1740 quod
309 1684 362 1726 ab
394 1684 466 1726 illo
497 1685 692 1741 principe
726 1684 961 1726 descendit.

308 1757 345 1795 4.
386 1753 591 1796 Ceterum
629 1767 926 1810 quemcunque
960 1754 1048 1796 dux
1087 1754 1139 1796 de
1181 1756 1271 1797 iure
1304 1755 1415 1797 sicut
1448 1760 1624 1797 tenetur
1655 1757 1873 1807 citaverit,
1915 1758 1987 1799 ille
2021 1759 2056 1798 si
2088 1759 2244 1799 citatus
2280 1772 2364 1799 non

165 1827 386 1878 comparet
418 1823 470 1865 ad
504 1824 686 1879 primam
720 1824 980 1876 citationem,
1014 1824 1240 1866 emendam
1274 1826 1442 1867 solvere
1475 1830 1648 1868 tenetur
1680 1840 1762 1882 que
1795 1827 1897 1868 bota
1930 1831 2123 1870 vocatur.

309 1896 348 1933 5.
382 1893 566 1950 Insuper
599 1893 633 1934 si
666 1893 753 1934 dux
789 1894 1055 1935 sentenciam
1090 1894 1142 1935 ab
1167 1895 1310 1950 aliquo
1334 1894 1595 1950 requisierit,
1630 1895 1701 1937 ille
1726 1897 1958 1951 requisitus
1983 1897 2202 1938 tenebitur
2224 1897 2366 1938 dicere

166 1962 434 2004 sentenciam
466 1962 578 2004 intra
610 1964 837 2005 terminum
872 1977 954 2018 quo
987 1962 1074 2004 dux
1108 1963 1232 2005 sedet
1264 1978 1340 2019 pro
1375 1964 1577 2005 tribunali
1602 1965 1675 2006 illo
1698 1964 1781 2016 die,
1817 1966 1898 2007 nisi
1923 1967 2013 2021 ipse
2038 1966 2125 2007 dux
2149 1966 2202 2007 de
2229 1968 2367 2021 gratia

166 2031 246 2072 sibi
279 2031 482 2073 remittat.

309 2101 347 2142 6.
380 2099 448 2141 Ad
481 2099 561 2142 hec
593 2100 635 2140 in
666 2100 759 2141 iure
792 2099 953 2142 feodali
985 2101 1128 2142 nullus
1161 2104 1305 2157 potest
1327 2114 1423 2143 esse
1448 2101 1697 2153 advocatus,
1732 2103 1809 2143 nisi
1837 2103 1892 2143 sit
1915 2103 2050 2158 ipsius
2075 2103 2192 2144 ducis
2215 2104 2361 2144 feodo-

164 2170 320 2217 tarius;
352 2169 609 2212 advocatum
643 2170 912 2226 appellamus
945 2174 1175 2226 patronum
1208 2184 1352 2213 cause.

310 2241 346 2282 7.
379 2238 588 2280 Additum
621 2252 789 2295 quoque
823 2239 882 2280 ibi
915 2244 980 2281 est
1011 2254 1088 2296 per
1120 2241 1402 2293 sentenciam,
1435 2240 1548 2296 quod
1573 2241 1686 2282 servi
1715 2255 1791 2297 per
1815 2241 2006 2296 stipitem
2031 2245 2073 2282 et
2096 2242 2363 2296 parentelam

166 2322 222 2350 ex
253 2312 376 2364 parte
408 2309 557 2350 matris
589 2309 920 2364 provenientem
953 2313 1051 2351 sunt
1082 2309 1310 2362 retinendi,
1343 2310 1539 2352 homines
1563 2309 1892 2352 advocaciarum
1918 2314 2062 2352 autem
2089 2324 2165 2365 per
2189 2311 2364 2361 curiam,

166 2378 234 2419 cui
266 2381 365 2420 sunt
397 2378 634 2429 censuales,
669 2382 768 2420 sunt
799 2378 1026 2420 retinendi.

306 2448 345 2490 8.
383 2446 570 2503 Insuper
607 2447 852 2503 quicunque
890 2453 1069 2489 exactus
1103 2453 1169 2490 est
1208 2463 1283 2504 pro
1326 2451 1507 2503 patrono
1541 2462 1694 2498 cause,
1740 2449 1812 2489 ille
1847 2452 2026 2489 exactus
2059 2451 2232 2490 tenetur
2263 2463 2361 2503 pro-

165 2530 325 2571 ponere
358 2515 536 2558 verbum
574 2516 710 2569 illius,
752 2517 824 2572 qui
856 2517 996 2572 ipsum
1031 2518 1198 2572 exegit,
1243 2522 1287 2559 et
1318 2530 1478 2571 negare
1511 2531 1597 2558 non
1636 2521 1801 2572 potest,
1843 2516 2072 2558 dummodo
2108 2518 2217 2558 sciat
2251 2518 2364 2572 loqui

164 2586 384 2628 usualiter.

310 2657 347 2696 9.
381 2654 450 2697 Ad
490 2656 569 2697 hec
606 2655 764 2697 ibidem
805 2670 882 2711 per
915 2655 1183 2698 sentenciam
1221 2655 1301 2696 fuit
1333 2654 1431 2696 duci
1463 2654 1713 2697 adiudicata
1745 2656 1882 2697 tutela
1915 2655 2192 2710 parvulorum
2226 2667 2362 2708 usque

166 2723 219 2764 ad
250 2723 550 2766 duodecimum
582 2739 743 2767 annum
776 2725 827 2766 dc
861 2725 1001 2767 feodis
1035 2739 1116 2780 que
1151 2725 1204 2766 ab
1238 2725 1330 2781 ipso
1362 2728 1579 2766 tenentur.

306 2793 547 2836 Prolationi
591 2794 771 2836 istarum
818 2795 1136 2836 sentenciarum
1185 2794 1473 2835 interfuerunt
1525 2794 1586 2834 hii
1630 2793 1850 2849 principes
1894 2797 1937 2834 et
1977 2797 2133 2833 testes:
2182 2790 2362 2831 Sifridus

166 2862 460 2918 Moguntinus,
493 2863 788 2919 Engelbertus
824 2862 1116 2910 Ooloniensis,
1150 2862 1419 2905 Theodricus
1453 2862 1734 2904 Treverensis
1768 2861 2103 2916 archiepiscopi;
2139 2858 2362 2900 Com-aelus

166 2930 370 2973 Metensis
403 2936 447 2974 et
470 2932 686 2988 Spirensis
710 2933 940 2988 episcopus
973 2932 1210 2988 imperialis
1244 2932 1341 2973 aule
1367 2931 1666 2979 cancellarius,
1701 2930 2046 2985 Herbipolensis‚
2071 2928 2361 2983 Augustensis

167 3001 376 3057 episcopi;
409 3015 554 3043 comes
587 3001 639 3042 de
670 3001 844 3056 Dyseh,
878 3015 1021 3042 comes
1055 3001 1272 3056 palatinus
1305 3000 1437 3051 Reni,
1471 3013 1616 3041 comes
1648 2998 1907 3040 Loduwicus
1941 2997 1991 3037 de
2025 2995 2360 3050 Wertenberge,

165 3069 351 3111 Adulfus
384 3084 529 3112 comes
561 3070 614 3111 (19
645 3070 811 3118 Marka,
845 3069 1100 3111 Fredericus
1132 3084 1275 3111 comes
1306 3069 1359 3111 de
1383 3069 1587 3118 Althena,
1618 3069 1801 3110 domnus
1829 3067 1881 3109 (16
1904 3065 2185 3115 Henoesbera,
2219 3078 2361 3105 comes

165 3138 345 3180 Lutscel
378 3139 430 3181 de
462 3139 683 3187 Hostade,
725 3153 870 3180 comes
904 3139 956 3179 de
990 3138 1192 3189 Cascele,
1225 3137 1443 3179 Henricus
1476 3137 1646 3193 dapifer
1678 3136 1730 3178 de
1764 3134 2020 3183 Waltborh,
2060 3147 2275 3187 pyncerna
2307 3133 2359 3174 (16

166 3206 272 3263 pr,
305 3207 547 3250 Wernerus
579 3208 632 3249 de
664 3207 908 3251 Bollandia.
942 3206 1163 3248 Gerardus
1196 3206 1247 3247 de
1280 3205 1491 3255 Seneeka,
1525 3210 1567 3247 et
1600 3206 1670 3246 alii
1704 3219 1831 3260 quam
1863 3204 2022 3258 plures.

307 3276 466 3318 Actum
506 3277 849 3332 Aquisgranum,
893 3276 935 3316 in
983 3275 1210 3329 sollempni
1255 3275 1374 3315 curia
1411 3275 1451 3314 in
1499 3279 1646 3314 nostra
1691 3273 1987 3321 coronatione,
2034 3284 2144 3311 anno
2184 3269 2360 3310 Domini

169 3344 437 3397 MGGXXII,
468 3359 619 3386 mense
652 3345 779 3386 Maio.

301 3448 387 3484 279.
421 3451 452 3490 ³)
479 3450 633 3483 hemesbs
661 3462 729 3489 or.;
754 3449 932 3492 leyemzum
958 3459 1026 3481 esse
1050 3448 1181 3480 videtur
1206 3447 1424 3479 Heinesberc.

302 3540 335 3582 l)
370 3539 407 3573 V.
437 3539 592 3574 ‘Archiv'
622 3540 692 3582 XI,
712 3544 787 3574 430.
869 3540 903 3579 2)
929 3541 1020 3572 Istos
1043 3537 1132 3571 (laos
1157 3535 1288 3570 codices
1313 3534 1473 3569 cuzlcibait
1500 3537 1608 3568 Perta
1689 3536 1724 3575 3)
1751 3533 1830 3568 Hoc
1853 3532 1968 3567 codice
1994 3543 2079 3565 usus
2104 3536 2153 3566 est
2174 3530 2356 3565 Huillard.

165 3595 198 3638 4)
228 3595 267 3630 V.
295 3595 452 3630 ‘Archiv’
478 3596 551 3639 IX,
571 3602 640 3631 511.

299 3740 347 3764 1,1,.
375 3738 660 3764 CONSTITUTIONES
677 3740 710 3763 11.
2039 3718 2085 3751 50
