2558 3970
164 175 240 212 114
668 166 906 201 FRIDERICI
933 166 976 200 ΙΙ.
1003 163 1429 200 CONSTITUTIONES.
1479 164 1577 198 1221.
1625 163 1688 196 Nr.
1706 163 1760 197 90.
1785 163 1839 196 91.

158 285 247 325 fieri
288 285 465 324 fecimus
505 282 715 337 quoddam
758 282 963 336 scriptum
1006 280 1058 321 ud
1092 279 1339 320 mandatum
1384 277 1601 318 karissimi
1634 278 1674 317 in
1709 276 1876 317 Christo
1909 276 2043 331 patris
2077 275 2234 317 domini
2267 275 2342 317 ΗΡ

162 360 307 394 sancte
341 353 532 392 Romane
567 351 748 392 ecclesie
784 350 936 390 summi
969 349 1184 404 pontificis
1218 351 1261 389 et
1293 347 1539 387 nuntiorum
1572 347 1679 395 eius,
1713 345 1826 400 quod
1859 345 2127 386 continebat:

303 420 364 460 ·In
399 419 569 460 nomine
611 423 759 459 sancte
799 424 839 458 et
882 416 1100 457 individue
1134 415 1377 465 Trinitatis,
1420 428 1556 455 amen.
1625 413 1720 468 Ego
1754 413 1996 454 Fridericus
2031 411 2244 453 secundus
2276 413 2345 453 etc.

165 502 288 541 usquc
320 488 549 528 indictione
583 485 761 527 octava‘.
814 499 944 537 supra
977 498 1039 526 ην.
1065 487 1132 526 (56.

307 557 396 597 Nos
437 561 579 596 autem
619 569 693 609 pre
737 554 870 594 oculis
913 553 1124 594 habentes
1157 552 1399 593 dilectionis
1433 555 1475 591 et
1507 551 1642 604 gratie
1674 550 1928 605 puritatem,
1967 563 2095 604 quam
2126 548 2345 604 predictus

159 637 281 681 pater
313 630 459 665 noster
490 637 679 663 summus
718 622 912 677 pontifex
952 623 993 662 in
1026 626 1170 662 nostra
1214 620 1484 675 promotione
1517 618 1794 660 laudabiliter
1825 618 2092 673 dignoscitur
2123 617 2346 669 habuisse,

160 705 200 734 et
245 692 356 748 quod
395 692 446 733 de
490 692 599 732 bono
643 692 684 731 in
718 691 871 731 melius
904 690 956 730 ad
998 690 1305 730 exaltationem
1339 692 1528 729 nostram
1576 687 1771 737 intendit,
1819 687 2023 741 scriptum
2054 686 2207 740 ipsum,
2240 685 2348 726 sicut

160 763 400 803 continetur
441 761 659 815 superiuS,
710 760 1012 800 confirmamus
1053 763 1094 799 et
1135 759 1330 799 volumus
1371 756 1424 797 ab
1465 755 1660 796 omnibus
1702 755 1942 804 observari,
1983 753 2108 795 etad
2141 754 2347 795 maiorem

161 831 435 871 securitatem
479 842 656 883 presens
699 828 902 883 scriptum
944 827 1034 868 fieri
1077 827 1258 867 fecimus
1298 825 1416 865 bulla
1448 838 1580 865 aurea
1620 824 1788 879 typario
1822 827 1962 864 nostre
1996 823 2234 864 maiestatis
2269 823 2346 863 im-

161 913 308 953 pressa
343 898 571 938 firmatum.

305 966 463 1006 Datum
499 965 646 1019 Capue
680 970 774 1020 post
807 965 967 1005 curiam
980 964 992 988 s
1021 963 1317 1018 sollempniter
1350 961 1626 1011 celebratam,
1661 975 1771 1002 anno
1796 960 2007 1001 dominice
2041 959 2348 1000 incarnationis

159 1036 386 1076 millesimo
433 1034 728 1075 ducentesimo
769 1034 973 1074 vicesimo
1023 1033 1200 1087 primog,
1247 1044 1394 1071 mense
1435 1029 1643 1080 Ianuarii,
1691 1028 1922 1070 indictione
1969 1027 2109 1068 nona¹¹
2157 1031 2200 1069 et
2237 1041 2347 1069 anno

162 1104 327 1159 imperii
361 1103 493 1144 nostri
526 1101 689 1157 primoi:
721 1102 901 1143 feliciter
933 1100 1097 1143 amenk.

831 1496 1058 1563 {ll-93.
1101 1491 1701 1563 EPISTOLAE

337 1597 479 1668 DE
533 1595 1291 1667 EXPEDITIONE
1347 1593 2180 1665 TRANSMARINA.

1047 1720 1189 1767 102021.
1229 1719 1370 1767 Febr.
1407 1721 1480 1767 10.

389 1864 460 1905 91.
499 1862 801 1905 EPISTOLA
835 1861 921 1903 AD
952 1862 1000 1902 H
1007 1861 1247 1905 UGOLIN
1251 1861 1345 1904 UM
1371 1860 1734 1903 EPISGOPUM
1766 1860 2132 1903 OSTIENSEM.

308 1945 588 1986 Adlzibecimus
627 1946 662 1999 1)
695 1944 934 1997 Reyistrum
964 1942 1146 1983 Honora·
1177 1942 1270 1983 III.
1304 1941 1397 1992 ΙΙΙ,
1432 1943 1498 1991 89,
1532 1942 1600 1982 lib.
1635 1941 1679 1992 V,
1705 1944 1801 1991 447,
1833 1942 1941 1993 qaod
1962 1955 2044 1993 pro
2067 1944 2191 1993 parte
2221 1954 2355 1983 σέσωκ-

160 2013 295 2063 plcm't
327 2012 460 2063 Pcrtz,
501 2014 688 2065 suppleto
729 2015 842 2053 textu
879 2026 929 2052 cx
959 2012 1204 2053 Annalibus
1242 2010 1463 2065 Raymcldi
1492 2025 1529 2051 α.
1554 2009 1670 2052 1221
1694 2011 1723 2066 §
1743 2014 1790 2060 3;
1832 2013 1875 2065 2)
1906 2010 2078 2051 codicem
2107 2009 2356 2052 Parisinum

166 2081 236 2122 lat.
262 2084 373 2122 5152
394 2082 433 2122 Α
467 2081 602 2134 (Colb.
626 2082 769 2134 1660),
800 2083 892 2122 acta
924 2080 1141 2132 locationis
1162 2079 1370 2133 Huyolini
1404 2079 1636 2121 cardinalis
1666 2093 1705 2120 a.
1728 2080 1839 2120 1221
1860 2081 1898 2120 et
1920 2080 2033 2120 1222
2061 2081 2237 2120 exarata
2265 2091 2358 2120 con-

165 2150 398 2200 tinenteml,
450 2164 565 2202 (secem
608 2151 788 2191 excussit
827 2149 1091 2199 Bctlzmamz‚·
1131 2162 1150 2189 e
1189 2161 1267 2200 quo
1304 2147 1434 2189 codice
1471 2147 1593 2188 editio
1631 2147 1807 2188 Balzm'i
1846 2147 1891 2188 in
1921 2146 2208 2188 Miscellaneis
2237 2146 2295 2189 ed.
2318 2146 2358 2188 I.

165 2217 201 2266 I,
225 2220 307 2257 446
348 2218 425 2265 (cd.
450 2219 510 2260 II.
543 2219 636 2269 III,
658 2220 732 2273 03)
769 2218 957 2259 derivata
988 2230 1072 2259 csse
1104 2217 1278 2259 videtur.
1330 2241 1385 2246 ——
1424 2215 1884 2257 Huillard-Breholles
1920 2215 1986 2265 II,
2008 2216 2101 2256 124.
2167 2214 2360 2265 Bc‘hmer,

168 2284 265 2338 Πομ.
301 2286 394 2337 imp.
423 2286 466 2336 V,
493 2289 613 2328 1256.
2001 2282 2072 2335 (P.
2097 2284 2217 2334 246.)

310 2411 585 2453 Fridericus²²
626 2413 708 2454 Dei
760 2414 899 2468 gratia
937 2413 1228 2453 Romanorum
1276 2412 1512 2466 imperator
1552 2424 1724 2465 semper
1763 2413 1971 2464 augustus
2014 2413 2057 2450 et
2098 2423 2175 2450 rex
2213 2408 2358 2450 Sicilie

168 2480 394 2521 karissimo
441 2482 481 2521 in
523 2481 695 2522 Christo
743 2483 856 2537 patri
896 2487 937 2522 et
976 2483 1111 2523 amico
1154 2495 1229 2522 suo
1263 2479 1522 2534 H(ugolin0)
1565 2477 1717 2520 eadem
1762 2478 1902 2532 gratia
1935 2477 2124 2519 Ostiensi
2157 2478 2356 2533 episcopo

168 2548 403 2602 apostolice
437 2549 550 2590 sedis
583 2550 725 2604 legato
759 2551 943 2592 salutem
977 2555 1019 2592 et
1052 2551 1218 2591 sincere
1252 2548 1495 2591 dilectionis
1529 2548 1744 2588 affectum.

312 2616 500 2658 Iocunde
543 2620 656 2660 fame
695 2619 877 2660 felicitas
910 2624 953 2660 et
991 2619 1128 2660 felicis
1162 2618 1344 2659 rumoris
1378 2616 1632 2665 iocunditas,
1673 2630 1754 2670 quc
1788 2614 1946 2656 dilecto
1980 2615 2274 2656 fideli‘nostro
2307 2648 2316 2657 .
2350 2647 2359 2655 .

186 2686 431 2739 {eginensib
465 2687 666 2742 episcopo
700 2688 915 2728 referente
948 2688 1106 2727 nostris
1138 2686 1312 2727 auribus
1346 2688 1596 2735 sonuerunt,
1631 2685 1840 2724 immense
1873 2684 2169 2738 prosperitatis
2201 2683 2358 2738 gaudio

169 2756 362 2794 fecerunt
410 2769 485 2795 nos
533 2755 767 2796 secundum
812 2761 1040 2810 utrumque
1092 2756 1306 2795 hominem
1346 2755 1386 2794 in
1430 2754 1613 2795 Domino
1656 2752 1915 2806 prosperari.
1977 2751 2144 2792 Retulit
2174 2765 2358 2806 namque

170 2823 304 2862 nobis.
354 2824 644 2864 venerabilem
690 2829 857 2879 patrem
906 2829 1098 2864 nostrum
1139 2822 1416 2876 H(onorium)
1456 2834 1669 2862 summum
1712 2820 1960 2875 pontificem
1994 2833 2069 2860 vos
2101 2820 2359 2875 promotioni

171 2891 334 2944 negotii
367 2892 504 2931 crucis
540 2890 713 2932 Christi.
748 2893 874 2932 immo
906 2892 1037 2932 totius
1081 2891 1228 2946 populi
1262 2889 1485 2930 christiani
1517 2890 1712 2930 consulto
1745 2888 1922 2929 consilio
1955 2888 2202 2943 deputasse,
2241 2887 2360 2928 vobis

172 2973 248 3013 per
271 2959 573 3000 Lombardiam
599 2964 641 3001 et
660 2960 865 3000 Tusciam
890 2974 1093 3000 concesso
1116 2960 1242 3014 plene
1266 2959 1495 3013 legationis
1515 2958 1655 2998 officio
1679 2962 1853 3012 propter
1875 2956 1967 3007 hoe,
1992 2957 2100 2996 sicut
2122 2970 2360 3011 speramus,

172 3027 354 3068 feliciter
398 3028 749 3082 promovendum.
821 3028 1021 3069 Gaudeat
1062 3029 1191 3083 igitur
1222 3027 1419 3068 Romana
1462 3027 1667 3075 ecclesia,
1713 3026 1812 3080 quia
1853 3025 2073 3079 negotium
2103 3025 2248 3065 multis
2280 3024 2358 3064 ini-

173 3096 321 3136 tiatum
356 3097 588 3137 laboribus.
632 3102 851 3152 optatumc
882 3097 1007 3137 finem
1051 3097 1348 3137 indubitanter
1385 3099 1590 3136 assumet.
1654 3093 1931 3135 Gaudeamus
1965 3097 2008 3135 et
2039 3107 2127 3143 nos,
2169 3093 2269 3148 quia
2300 3093 2363 3133 vir

173 3164 285 3204 fama
317 3165 498 3218 integer.
545 3166 751 3220 religione
783 3166 1049 3220 perspicuus,
1093 3166 1179 3205 vita
1212 3179 1357 3220 puruS.
1397 3163 1598 3204 facundia
1631 3163 2011 3218 eloquentissimus
2044 3167 2086 3202 et
2117 3162 2244 3202 claris
2274 3161 2358 3202 vir-

174 3242 309 3273 tutum
350 3242 391 3272 et
434 3234 614 3274 scientie
663 3234 796 3274 titulis
840 3234 1176 3288 circumspectus
1227 3232 1279 3273 ad
1319 3232 1595 3273 animandum
1643 3246 1737 3281 eOS,
1785 3231 1826 3271 in
1868 3244 1975 3285 quos
2014 3229 2361 3285 exprobrantium

175 3315 328 3341 nomen
364 3300 521 3341 Christi
557 3302 787 3357 obprobria
821 3301 1086 3352 ceciderunt,
1128 3305 1214 3342 tam
1247 3300 1412 3340 utiliter
1444 3314 1569 3354 quam
1604 3299 1835 3340 efficaciter
1868 3298 2121 3349 destinatur,
2159 3303 2206 3338 ut
2238 3312 2360 3339 secu-

178 3368 336 3409 laribus
385 3369 610 3410 desideriis
655 3365 880 3424 abnegatis
924 3370 1124 3411 vexillum
1174 3369 1394 3409 salutifere
1438 3368 1574 3408 crucis
1613 3371 1853 3418 assumant,
1898 3367 2036 3421 ipsum
2079 3370 2170 3407 toto
2208 3366 2363 3407 mentis

312 3482 374 3515 90.
402 3485 431 3523 Ε)
458 3484 597 3515 Honorii
623 3483 654 3515 4.
770 3483 805 3525 f)
825 3485 950 3527 sinitur
975 3484 1006 3516 3.
1125 3488 1158 3525 8)
1183 3483 1370 3516 MCCXXI.
1395 3480 1426 3514 2.
1452 3480 1483 3513 4.
1622 3480 1656 3522 l¹)
1683 3482 1741 3514 IX.
1767 3480 1798 3514 4.
1916 3480 1938 3521 i)
1965 3482 1989 3513 I.
2014 3479 2044 3512 4.
2160 3479 2193 3520 k)
2218 3481 2306 3514 deest
2332 3479 2361 3512 l.

310 3550 371 3584 91.
404 3552 433 3591 a)
462 3553 658 3585 Fredericus
684 3552 714 3584 ’2.
838 3553 867 3592 b)
894 3554 1022 3595 Regino
1053 3553 1079 3585 1.
1198 3551 1228 3594 ⁰)
1257 3552 1407 3584 obtatum
1437 3551 1465 3582 l.

316 3654 347 3694 1)
374 3652 411 3686 Γ.
439 3652 592 3687 ‘Archiv'
623 3652 707 3695 VII,
729 3656 807 3687 888.

2387 904 2419 929 10

2392 1628 2423 1653 15

2393 2092 2426 2119 20

2394 2492 2426 2518 25

2396 2832 2429 2857 30
2487 2849 2494 2856 ,

2395 3178 2426 3203 35

2397 3550 2442 3586 ιο,
