2558 3970
164 671 178 695 5

149 1015 182 1040 10

147 1364 178 1390 15

148 2622 181 2648 25

148 2989 180 3015 30

151 3332 183 3359 35

715 149 954 185 FRIDERICI
980 151 1024 186 II.
1051 152 1485 188 CONS'Pl'rL'TmNEs.
1538 155 1634 190 1240.
1686 156 1843 192 N1·.‘23·.›.
1869 158 1945 192 233.
2343 164 2421 203 317

467 319 570 362 232.
610 321 911 364 EPISTOLA
951 324 1389 366 BIARL'IIIONI'JI
1431 326 2176 372 [fl-:AXDJa'NJfl'Je(·'12'N,S'llm[.

363 406 819 450 Huillard-Brcholles
850 409 893 459 V,
916 411 1012 451 990.
1074 410 1268 460 Bo‘hmcr,
1298 411 1397 464 Req.
1431 413 1527 464 imp.
1564 413 1606 462 V,
1637 416 1783 456 11267.
2066 419 2092 463 ί
2090 418 2136 459 P.
2159 422 2279 474 337.)

362 522 526 564 Littere
559 521 806 578 I(ohannis)
840 528 882 565 et
906 524 1122 579 O(ttonis)
1156 525 1334 566 fratrum
1367 527 1663 568 marchionum
1697 528 1749 569 de
1776 529 2082 572 Brandeborcli
2118 534 2169 574 ad
2203 534 2422 577 dominum

218 605 374 648 papam
407 605 538 647 super
570 591 736 634 eodem.

360 659 618 702 Reverendo
659 661 832 702 domino
875 676 924 703 ac
966 663 1076 718 patri
1117 677 1194 703 suo
1229 663 1278 704 G.
1322 668 1470 704 sancte
1503 664 1701 706 Romane
1741 667 1854 708 sedis
1897 670 2074 711 antistiti
2115 672 2145 712 l.
2180 678 2223 713 et
2256 674 2306 714 O.
2342 674 2421 715 Dei

215 730 357 784 gratia
387 729 657 772 marchiones
690 734 733 771 et
765 730 919 772 fratres
951 731 1004 773 de
1029 731 1338 773 Brandeborch
1373 732 1566 774 debitam
1601 748 1695 775 cum
1729 734 1887 777 devoto
1923 739 2097 780 servitio
2132 744 2421 784 reverentiam

214 798 257 840 in
289 797 463 840 domino
494 798 597 841 Iesu
630 798 818 841 Christo.

360 867 469 910 Cum
503 882 558 910 ex
590 868 859 910 dissensione
892 869 1004 910 inter
1036 871 1328 911 reverentiam
1353 875 1542 912 vestram
1568 887 1622 912 cx
1655 878 1776 927 parte
1802 888 1886 914 una
1918 880 1960 915 ct
1989 875 2207 917 dominum
2233 885 2423 920 nostrum

216 937 522 992 imperatorem
556 952 611 979 ex
643 938 782 979 altera
814 938 1042 990 suscitata,
1077 938 1250 980 diabolo
1283 940 1593 995 persuadente,
1630 946 1750 982 tanta
1784 943 1865 983 iam
1901 958 1979 999 per
2012 951 2145 986 totam
2180 948 2423 989 christiani-

218 1010 352 1047 tatem
385 1007 501 1048 mala
533 1007 803 1058 emerserint,
838 1007 952 1062 quod
987 1008 1124 1049 maior
1157 1013 1223 1049 est
1255 1010 1382 1050 timor
1415 1014 1457 1050 et
1490 1011 1692 1052 anxietas
1727 1011 1971 1058 defuturis,
2006 1015 2086 1054 nisi
2111 1015 2255 1056 divina
2278 1017 2425 1072 ‹lispo-

216 1075 314 1117 sitio
347 1089 426 1131 per
457 1076 661 1131 angelum
706 1077 825 1132 pacis
859 1081 902 1118 et
935 1078 1102 1118 consilii
1147 1078 1388 1120 remedium
1423 1078 1622 1131 inducat,
1669 1082 1930 1124 excellentie
1965 1091 2110 1125 vestre
2145 1085 2424 1127 devotissime

215 1144 417 1186 duximus
465 1145 818 1201 supplicandum,
872 1147 1075 1201 quatinus
1127 1151 1215 1188 tum
1262 1162 1338 1203 pro
1383 1147 1478 1190 Deo
1526 1154 1615 1190 tum
1663 1165 1738 1205 pro
1786 1153 2049 1194 necessitate
2099 1155 2230 1194 totius
2280 1156 2424 1209 populi

216 1214 453 1266 christiani,
487 1215 608 1256 cuius
644 1215 760 1257 salus
794 1216 837 1256 in
861 1220 1009 1258 vestra
1042 1221 1085 1258 et
1108 1216 1268 1257 domini
1291 1218 1565 1273 imperatoris
1589 1220 1819 1261 concordia
1844 1225 1886 1261 et
1917 1223 2227 1277 tranquillitate
2254 1224 2424 1265 videtur

216 1284 466 1334 consistere,
500 1285 738 1327 concedere
772 1299 823 1326 ac
856 1286 1079 1327 licentiare
1114 1287 1287 1339 curetis,
1321 1291 1368 1328 ut
1401 1288 1534 1330 frater
1569 1288 1613 1330 G.
1645 1289 1907 1332 honorabilis
1943 1292 2149 1346 magister
2179 1292 2422 1348 Hospitalis

217 1357 367 1395 sancte
420 1352 557 1395 Marie
608 1354 761 1396 domus
801 1354 1136 1397 'teutonicorum
1189 1357 1230 1397 in
1276 1356 1513 1398 Ierusalem
1562 1359 1754 1401 laborem
1806 1365 1849 1401 et
1893 1361 2224 1402 sollicitudinem
2268 1368 2422 1403 sumat.

215 1426 420 1478 tanquam
452 1423 744 1465 internuntius
778 1428 820 1465 et
850 1424 1130 1466 fidelissimus
1162 1425 1373 1467 mediator
1406 1431 1666 1469 tractaturus
1700 1429 1812 1470 inter
1839 1444 1911 1470 vos
1945 1435 1988 1471 ct
2020 1430 2262 1485 predictum
2287 1431 2421 1472 domi-

215 1504 315 1532 num
356 1491 663 1548 imperatorem
712 1492 764 1534 de
806 1494 1120 1549 compositione
1169 1495 1459 1537 amicabiliter
1499 1496 1713 1540 facienda.
1776 1498 1899 1539 Alius
1943 1499 2055 1540 enim
2097 1500 2296 1555 princeps
2339 1506 2423 1541 tam

215 1565 393 1616 propter
424 1560 724 1604 difficultatem
757 1567 798 1603 et
830 1563 995 1604 viarum
1029 1563 1222 1619 pericula
1255 1578 1380 1619 quam
1415 1571 1592 1621 propter
1623 1567 1921 1622 suspitionem,
1956 1582 2037 1623 que
2073 1568 2154 1609 sibi
2188 1574 2336 1624 posset
2370 1584 2422 1610 ex

216 1629 354 1672 altera
386 1631 574 1687 partium
605 1632 828 1687 generari,
862 1631 1052 1673 nondum
1086 1638 1206 1674 esset
1238 1633 1319 1674 hoc
1352 1639 1547 1690 tempore
1581 1635 1688 1677 adeo
1721 1637 1838 1678 utilis
1872 1643 1916 1679 et
1948 1637 2150 1689 idoneus,
2185 1639 2294 1679 sicut
2327 1654 2422 1694 prc-

215 1698 356 1742 dictus
388 1701 609 1757 magister,
642 1702 685 1742 in
718 1701 799 1743 hoc
833 1703 1008 1758 negotio
1040 1702 1225 1744 feliciter
1258 1704 1528 1759 exequendo.
1593 1704 1772 1761 Copiam
1806 1706 2045 1761 sigillorum
2070 1712 2313 1749 nostrorum
2338 1723 2422 1748 non

216 1768 446 1812 habuimus
479 1771 560 1812 ista
593 1771 687 1812 vice
721 1776 764 1812 et
796 1771 892 1813 ideo
924 1773 1113 1814 litteram
1149 1773 1275 1814 istam
1309 1773 1450 1828 sigillo
1484 1775 1632 1815 matris
1661 1781 1806 1817 nostre
1840 1776 2020 1817 fecimus
2055 1777 2250 1831 sigillari.

929 2215 1064 2284 233.
1103 2217 1236 2286 234.
1287 2215 1715 2288 EDICTA

305 2324 756 2397 CONTRA
813 2325 1764 2404 CONVOOATIONEM
1818 2334 2332 2406 CONCILH.

1167 2467 1339 2525 (1240.
1380 2470 1477 2528 ex.)

700 2607 804 2652 233.
841 2610 1198 2655 ENGYCLICA
1230 2612 1676 2657 IMPERATORIS.
1738 2615 1847 2668 Sept.
1872 2618 1938 2657 13.

356 2694 412 2736 In
452 2695 611 2749 triplici
645 2694 792 2750 forma
829 2697 949 2739 nobis
980 2701 1146 2740 servata
1176 2701 1250 2749 cst,
1292 2713 1473 2752 quarum
1497 2701 1641 2753 prima
1673 2702 1713 2742 A
1746 2701 1965 2757 (Qualiter
1999 2727 2048 2732 —
2082 2703 2280 2753 accedat,
2312 2704 2424 2745 alias·

215 2761 411 2810 Qualiter
439 2787 492 2794 —
523 2764 705 2821 evitare)
737 2779 785 2807 ea
817 2769 893 2818 est,
919 2781 999 2821 per
1029 2782 1154 2821 quani
1186 2770 1392 2823 encyclica
1415 2770 1684 2822 principibus
1714 2771 1881 2824 imperii
1913 2771 2114 2822 ‘inmotum
2146 2773 2212 2812 cui
2244 2774 2422 2823 initium,

214 2832 323 2884 quod
341 2833 446 2875 alibi
466 2833 618 2887 leyitm·
640 2833 909 2890 (Infallibilis
934 2862 983 2866 —
1009 2839 1214 2880 virtutem
1236 2853 1272 2881 v.
1296 2839 1448 2894 iulia),
1481 2839 1626 2891 deficit.
1678 2839 1795 2881 Hcccc
1811 2840 1956 2894 forma
1979 2841 2130 2892 lcyilw·
2153 2841 2197 2881 in
2219 2842 2423 2883 codicibus

218 2903 259 2956 1)
290 2901 616 2956 Willierinyensi
645 2904 693 2944 in
716 2908 844 2957 parte
864 2905 927 2956 II,
960 2920 1019 2960 cp.
1041 2909 1109 2957 43,
1147 2921 1227 2960 quo
1254 2921 1333 2959 pro
1365 2907 1646 2963 fundamento
1677 2908 1873 2949 editionis
1903 2910 1970 2950 usi
2000 2922 2163 2961 sum-iis,·
2196 2912 2219 2951 2
2224 2923 2236 2961 )
2271 2910 2422 2951 Vindo-

215 2968 384 3012 bonensz·
405 2971 488 3011 590
509 2972 685 3026 (Philoc.
704 2974 810 3025 305)
833 2973 915 3029 fol.
935 2977 1018 3014 111
1040 2989 1098 3027 ep.
1122 2978 1229 3027 15³8,-
1261 2978 1303 3030 3)
1339 2977 1640 3017 Vindobonmisi
1662 2978 1746 3016 409
1775 2977 1953 3030 (Plie'lol.
1979 2979 2052 3031 61)
2087 2979 2129 3018 in
2152 2979 2421 3030 epistolarum

215 3039 458 3091 collectione,
480 3055 585 3095 quae
605 3041 1135 3098 Baumyartenberoensem
1157 3046 1320 3097 excipit,
1337 3045 1413 3100 fol.
1434 3047 1487 3086 75
1501 3042 1510 3057 '
1533 3048 1667 3098 0122&
1683 3047 1708 3096 1,
1741 3059 1858 3098 quem
1880 3046 2051 3087 codicem
2075 3046 2198 3088 Pei-te
2220 3047 2420 3088 adhibuit.

215 3107 273 3149 In
312 3109 502 3151 omnibus
542 3111 608 3152 his
649 3111 854 3154 codicibus
895 3114 1068 3165 epistola
1114 3114 1320 3169 inscripta
1365 3119 1425 3156 est
1467 3115 1563 3157 duci
1606 3115 1829 3156 §oxoniae
1891 3115 2064 3169 Lefjitm·
2101 3117 2224 3157 ctiam
2265 3117 2309 3157 in
2337 3118 2422 3168 sine

215 3178 365 3220 mutila
406 3177 622 3233 (Qualiter
661 3205 715 3210 —
756 3183 1037 3224 securitatem
1078 3184 1315 3239 quamlibet
1357 3184 1642 3239 denegamus)
1684 3185 1730 3225 iri
1768 3183 1900 3225 codice
1937 3184 2224 3226 universitatis
2262 3184 2423 3226 Vratis-

217 3244 414 3289 laviensis
434 3248 519 3290 IV.
545 3248 625 3304 fol.
647 3251 732 3291 102
761 3263 865 3294 saec.
888 3250 986 3292 XV.
1009 3252 1068 3294 in.
1101 3265 1160 3304 ep.
1185 3255 1222 3302 7,
1254 3252 1326 3294 ubi
1356 3253 1560 3304 inscripta
1591 3256 1670 3294 est:
1703 3252 1773 3294 Fr.
1808 3253 1911 3294 bero
1945 3252 2041 3305 (leq.
2066 3256 2193 3309 aepo)
2223 3253 2418 3309 Magunt.

219 3314 398 3371 eiusque
432 3317 689 3374 suffragan.²

359 3384 549 3428 Secunda
573 3386 720 3442 forma
740 3389 776 3430 B
810 3389 1030 3445 (Qualiter
1052 3415 1105 3420 —
1128 3390 1334 3445 tolerare)
1367 3393 1425 3431 est
1455 3405 1514 3441 ea,
1545 3391 1593 3430 m
1624 3404 1707 3442 qua
1737 3391 1942 3443 encyclica
1972 3391 2060 3443 νομί
2080 3390 2263 3444 Anyliae
2296 3392 2421 3432 missa

217 3454 298 3503 est,·
335 3456 373 3494 et
402 3455 497 3509 ipsa
526 3456 649 3497 initio
688 3458 761 3498 illo
792 3459 930 3500 caruit
958 3473 1007 3500 ac
1037 3459 1180 3500 multis
1210 3460 1256 3499 in
1289 3459 1406 3510 locis,
1443 3460 1689 3511 praesertim
1722 3460 1769 3499 in
1797 3461 1881 3511 sinc
1911 3459 2118 3511 discrepat
2149 3473 2175 3500 α
2201 3459 2345 3514 forma
2366 3461 2418 3502 A.

217 3519 391 3564 Servata
429 3527 489 3565 est
536 3525 576 3579 1)
615 3525 662 3566 in
692 3526 860 3568 Mathai·
897 3527 1159 3569 Parisieizsis
1201 3528 1418 3569 Clzronicis
1455 3528 1702 3578 maioribus,
1744 3528 1862 3569 cicius
1898 3527 2116 3568 editionem
2153 3529 2419 3570 novissimam

356 3637 389 3681 1)
417 3637 456 3672 V.
475 3638 625 3674 ‘Fontes
648 3650 766 3674 rerum
790 3643 1081 3676 Austriaca‘rum'
1107 3642 1158 3686 ΙΙ,
1185 3646 1262 3676 tom.
1282 3647 1332 3686 25,
1354 3653 1393 3686 p.
1411 3646 1477 3677 438
1501 3653 1557 3677 nr.
1576 3647 1626 3677 28.
1746 3643 1781 3682 2)
1809 3642 1846 3676 V.
1875 3641 2032 3676 ‘Archiv'
2059 3641 2141 3685 VII,
2158 3647 2233 3676 924.
