2558 3970
196 165 275 203 342
730 156 970 191 FRIBERIGI
998 157 1040 190 ΙΙ.
1069 154 1500 190 CONSTITUTIONES.
1550 155 1646 189 1244.
1697 155 1855 189 N1·.252.

194 277 274 316 nisi
307 274 558 316 Lombardis
592 278 633 312 ct
666 273 761 312 aliis
795 270 1105 311 adherentibus
1140 271 1324 311 ecclesie
1358 283 1508 324 pacem
1542 269 1759 314 daremus.
1793 269 1965 311 tandem
1999 284 2088 311 nos.
2124 272 2224 312 licet
2246 273 2380 313 iustas

195 344 459 384 derencionis
501 355 654 382 causas
697 340 856 380 habere
889 339 1128 380 diceremus
1174 338 1225 378 de
1269 344 1383 379 terra.
1418 338 1634 393 predicta..
1675 342 1721 378 ut
1752 342 1852 392 pote
1887 351 2011 392 quam
2045 339 2135 380 iure
2169 340 2270 380 belli
2305 354 2381 395 per

195 412 405 467 quondam
440 408 735 463 Gtregorium)
771 407 1119 463 predecessorem
1154 420 1276 447 suum
1310 407 1523 447 hostiliter
1555 419 1862 460 acceperamus
1896 407 2092 460 primitus
2116 408 2381 462 propulsatih

196 491 237 522 et
269 494 400 535 quam⁴
418 480 457 519 in
484 479 716 519 ecclesiam
741 476 793 517 de
818 477 987 531 imperii
1012 475 1269 516 liberalitate
1294 476 1546 516 translatam
1574 479 1750 530 propter
1772 475 2025 515 manifestas
2049 475 2380 529 ingratitudines

195 548 426 589 secundum
461 547 670 587 iusticiam
709 545 844 585 coacti
870 559 1016 585 sumus
1041 544 1092 584 ad
1117 544 1345 598 imperium
1367 558 1586 593 revocare,
1619 548 1762 584 tamen
1792 547 1838 582 ut
1860 543 1901 583 in
1926 543 2004 584 hoc
2027 544 2375 586 satisfaceremus

196 617 374 658 ecclesio
409 615 636 655 voluntati.
680 614 909 669 optulimus
947 627 1024 667 per
1057 613 1236 653 nuncios
1278 611 1574 666 supradictosi.
1619 609 1731 665 quod
1763 610 1816 651 ad
1858 610 1938 651 hoc
1970 615 2016 651 ut
2050 611 2091 652 in
2125 611 2381 654 detencione

196 687 328 740 ipsius
362 691 473 725 terre
507 684 673 737 integer
705 682 842 722 honor
873 681 1054 722 ecclesie
1079 684 1336 724 servaretur.
1370 681 1507 735 parati
1530 693 1700 720 eramus
1724 682 1882 720 terram
1906 680 2043 734 ipsam
2066 682 2317 723 renunciare
2341 683 2383 722 in

194 754 392 795 inanibus
418 752 572 793 domini
597 765 708 806 pape
733 756 774 791 et
797 750 974 790 fratrum
999 754 1041 790 et
1063 748 1234 790 demum
1257 762 1352 789 eam
1377 748 1429 788 ab
1448 748 1633 789 ecclesia
1652 748 1730 788 sub
1749 761 1890 787 annuo
1913 761 2044 788 censu
2062 749 2252 804 recipere
2273 749 2382 791 deti-

194 823 396 863 nendam:
427 822 547 861 cuius
572 834 725 861 census
749 819 964 874 quantitas
987 817 1218 857 utilitatem
1241 816 1474 857 excederet
1497 830 1623 870 quam
1646 829 1848 870 umquam
1872 815 1924 856 de
1947 820 2061 857 terra
2083 817 2175 871 ipsa
2199 818 2383 859 ecclesia

193 892 472 946 percepisset.
527 888 768 944 Optulimus
801 887 930 928 etiam
955 886 1212 941 quingentos
1236 885 1393 925 milites
1416 885 1619 938 quociens
1650 884 1754 939 ipsis
1779 884 1964 925 ecclesia
1985 884 2219 939 indigeret;
2253 890 2378 941 optu-

195 962 320 1001 limus
354 960 481 1000 etiam
516 972 591 1013 pro
615 957 770 997 debitis
794 955 977 997 ecclesie
1001 953 1296 1009 persolvendis
1321 953 1497 1007 triginta
1519 953 1637 994 milia
1659 966 1901 993 marcarum
1924 953 2114 1007 argenti;
2149 954 2381 1009 optulimus

196 1030 346 1070 etiam.
393 1026 507 1082 quod
548 1027 685 1067 maius
726 1030 790 1066 est
830 1030 872 1064 et
905 1023 1016 1078 quod
1056 1022 1398 1063 indubitabiliter
1430 1021 1689 1062 credidimus
1731 1021 1967 1075 acceptari.
2007 1022 2383 1076 recuperacionem

196 1099 404 1151 integram
435 1095 566 1137 Terre
592 1094 749 1135 Sancte
784 1106 877 1133 cum
911 1092 1116 1146 expensis
1148 1092 1319 1142 nostris,
1352 1092 1411 1131 ita
1443 1090 1553 1145 quod
1587 1090 1772 1131 ecclesia
1804 1093 1846 1130 et
1879 1090 2168 1131 christianitas
2198 1095 2287 1132 tota
2309 1106 2385 1147 pro

197 1166 522 1221 recuperatione
547 1163 677 1203 Terre
703 1162 860 1203 Sancte
887 1160 1152 1201 exhonerata
1176 1164 1290 1201 esset
1311 1164 1519 1215 perpetuo
1546 1158 1764 1199 laboribus
1789 1162 1831 1199 et
1856 1159 2071 1212 expensis.
2127 1157 2220 1206 Que
2243 1160 2385 1201 omnia

196 1233 411 1289 predictus
459 1246 648 1273 summus
687 1230 881 1285 pontifex
923 1228 1221 1284 parvipenditk
1260 1234 1302 1269 et
1342 1228 1477 1268 noluit
1517 1232 1757 1282 acceptare.
1878 1226 1943 1282 (2)
1984 1227 2103 1268 Misit
2143 1232 2289 1269 tamen
2329 1228 2383 1269 ad

196 1317 270 1343 nos
294 1302 471 1342 nuncios
496 1299 625 1351 511051,
651 1299 813 1340 scilicet
835 1297 1233 1352 Rothomagensem
1256 1296 1628 1351 archiepiscopum
1652 1310 1762 1337 nunc
1785 1296 1826 1336 in
1849 1295 2112 1337 cardinalem
2133 1297 2383 1353 episcopum

201 1370 510 1411 Albanensem.
544 1368 834 1409 Mutinensem
868 1380 980 1407 1111110
1013 1367 1056 1406 111
1089 1365 1351 1407 cardinalem
1384 1365 1632 1420 episcopum
1668 1365 1974 1415 Sabinensem,
2008 1364 2210 1406 abbatem
2235 1364 2384 1407 Sancti

195 1438 387 1480 Facundi
422 1452 535 1479 nunc
569 1438 610 1477 in
643 1436 928 1492 presbiterum
962 1434 1224 1476 cardinalem
1257 1438 1494 1490 promotos,
1529 1448 1607 1489 per
1639 1448 1744 1488 quos
1778 1447 1928 1488 pacem
1961 1433 2083 1474 nobis
2117 1433 2271 1488 optulit
2302 1435 2384 1486 vel,

197 1508 355 1548 vocatis
389 1507 556 1547 nunciis
590 1518 738 1559 regum
772 1508 813 1544 et
844 1504 1087 1559 principum
1121 1508 1164 1544 et
1204 1503 1384 1558 prelatis
1418 1502 1472 1543 ad
1505 1503 1733 1543 concilium
1766 1502 1990 1557 generale,
2034 1501 2384 1544 emendacionem

195 1577 357 1618 offense
390 1576 513 1616 nobis
545 1587 620 1630 per
651 1572 891 1628 predictum
925 1586 1081 1628 papam
1115 1571 1164 1612 Gr.
1190 1572 1379 1627 irrogate
1408 1586 1488 1613 nec
1512 1586 1597 1612 non
1628 1572 1926 1626 recepcionem
1952 1570 2257 1612 satisfactionis
2281 1585 2376 1612 cum

194 1644 488 1687 misericordia
521 1648 562 1684 et
596 1643 780 1684 ecclesie
815 1642 963 1682 debita
994 1641 1186 1682 lenitate.
1248 1640 1384 1681 Nobis
1417 1644 1562 1682 autem
1596 1641 1707 1681 viam
1741 1640 1856 1695 pacis
1889 1644 2106 1694 tamquam
2138 1639 2384 1682 breviorem

195 1714 467 1769 eligentibus.
500 1717 546 1753 ut
578 1710 723 1752 mundi
757 1710 936 1751 dissidio
970 1714 1118 1765 posset
1149 1709 1336 1750 facillius
1367 1709 1603 1765 provideri.
1638 1713 1679 1750 et
1713 1723 1809 1750 cum
1839 1707 2041 1763 predictis
2074 1708 2249 1763 prelatis
2283 1723 2384 1750 con-

194 1783 310 1822 tinuo
358 1780 725 1837 precedentibusm
770 1780 811 1819 in
858 1778 1031 1822 eadem.
1080 1778 1221 1819 subito
1262 1778 1442 1819 nuncius
1486 1779 1732 1833 insperatus
1783 1777 1974 1827 advenit,
2024 1777 2136 1831 quod
2180 1778 2388 1832 magister

195 1850 466 1905 R(ainerius)
501 1849 742 1898 cardinalis.
775 1848 847 1888 ille
880 1848 1052 1901 inquam
1087 1847 1286 1902 specialis
1318 1848 1480 1887 amicus
1514 1852 1557 1887 et
1591 1851 1735 1887 totus¹¹
1766 1849 1927 1897 noster,
1961 1845 2180 1887 civitatem
2203 1845 2387 1888 Viterbii

197 1920 274 1960 sub
318 1920 458 1960 colore
509 1918 833 1972 oppressionum
881 1916 1044 1956 comitis
1091 1915 1276 1956 Simonis
1321 1915 1541 1966 Theatini,
1588 1916 1630 1955 in
1671 1914 1864 1970 partibus
1906 1914 2009 1968 ipsis
2048 1914 2196 1955 vicarii
2235 1916 2383 1967 nostri,

195 1988 409 2029 turbatam
450 1986 502 2027 de
543 1986 749 2028 fidelitate
792 1989 935 2026 nostra
978 1983 1189 2025 servanda
1233 1984 1544 2039 multiplicibus
1587 1983 1778 2038 prestitis
1821 1983 2124 2033 sacramentis,
2168 1983 2386 2025 civitatem

195 2058 331 2111 ipsam
365 2056 581 2110 ingressus
615 2069 638 2095 a
670 2058 818 2095 nostro
852 2053 1040 2094 dominio
1074 2053 1308 2094 revocavit.
1430 2050 1495 2107 (3)
1529 2051 1598 2093 Ad
1631 2052 1751 2092 cuius
1785 2051 2166 2105 recuperacionem
2189 2065 2284 2092 011111
2307 2066 2385 2093 1105

195 2125 453 2180 perdicionis
487 2123 636 2164 modus
671 2123 819 2178 pocius
852 2136 981 2176 quam
1013 2122 1107 2177 ipsa
1151 2122 1344 2176 perdicio
1377 2125 1654 2176 provocaret,
1694 2120 1747 2161 ad
1781 2120 2158 2175 expugnaoionem
2190 2120 2385 2162 eiusdem

195 2198 393 2249 potenter
434 2192 709 2233 accessimus.
781 2191 830 2231 In
873 2205 955 2246 qua
1001 2191 1122 2231 nobis
1169 2195 1333 2232 attente
1372 2190 1661 2242 morantibus,
1708 2189 1954 2244 supervenit
1993 2188 2200 2242 magister
2240 2188 2382 2244 O(tto)

196 2263 308 2303 tituli
339 2261 483 2302 Sancti
505 2261 673 2301 Nicolai
706 2261 757 2302 de
783 2260 967 2301 Carcere
991 2259 1187 2300 Tulliano
1211 2259 1415 2301 diaconus
1441 2259 1685 2309 cardinalis,
1719 2272 1831 2298 nunc
1861 2258 2088 2312 episcopus
2110 2256 2377 2310 Portuensis,

197 2330 485 2372 attentissime
529 2343 603 2384 pro
649 2334 769 2384 parte
811 2328 971 2369 domini
1010 2342 1120 2383 pape
1154 2333 1196 2368 et
1233 2328 1412 2369 fratrum
1447 2328 1634 2369 omnium
1669 2327 1859 2382 rogitans
1893 2330 1936 2367 et
1966 2326 2210 2380 requirens,
2254 2330 2300 2366 ut
2331 2326 2384 2367 ab

197 2399 522 2454 expugnacione
554 2399 723 2454 prefata
755 2397 808 2439 ob
842 2398 1048 2439 honorem
1071 2397 1155 2438 Dei
1187 2401 1229 2438 et
1262 2397 1445 2438 ecclesie
1479 2410 1575 2437 cum
1607 2396 1802 2437 exercitu
1824 2398 1971 2436 nostro
2003 2393 2227 2436 discedere
2250 2394 2382 2436 debe-

197 2482 359 2517 remus.
406 2468 691 2509 certissimam
734 2466 856 2506 nobis
899 2470 941 2506 et
991 2465 1273 2520 multiplicem
1318 2479 1437 2520 spem
1477 2465 1619 2520 gracie
1659 2463 1783 2505 nobis
1822 2467 1889 2504 et⁰
1929 2463 2048 2518 pacis
2087 2463 2268 2517 negocio
2308 2463 2383 2505 de-

197 2537 448 2592 promittens
490 2550 568 2577 nec
607 2550 692 2577 non
729 2549 804 2589 pro
841 2538 962 2589 parte
1002 2535 1185 2576 ecclesie
1227 2534 1455 2589 sollempni
1498 2533 1780 2588 stipulacione
1823 2546 1867 2573 50
1909 2531 2103 2586 obligans
2137 2532 2178 2572 in
2210 2532 2383 2587 publico

198 2611 432 2660 conspectu
474 2606 724 2657 multorum„
766 2603 878 2658 quod
919 2603 1064 2644 comiti
1098 2602 1370 2658 supradictop
1404 2607 1447 2643 et
1486 2602 1689 2643 militibus
1721 2601 1875 2642 nostris
1907 2614 2044 2655 usque
2077 2599 2131 2641 ad
2162 2604 2381 2642 trecentos

199 2675 266 2729 qui
313 2688 406 2715 cum
452 2688 501 2715 eo
546 2679 666 2715 erant
704 2673 812 2714 liber
854 2673 1016 2723 exitus,
1065 2673 1108 2712 in
1147 2673 1346 2727 personis
1380 2675 1422 2712 et
1454 2670 1582 2712 rebus
1615 2671 1753 2711 omnis
1786 2668 2070 2724 indempnitas
2104 2673 2382 2723 prestaretur,

195 2742 393 2783 fidelibus
443 2744 570 2784 etiam
617 2742 772 2783 nostris
820 2741 871 2782 de
920 2742 1094 2782 civitate
1126 2741 1311 2782 Viterbii
1353 2745 1437 2781 tam
1479 2740 1592 2780 intus
1641 2743 1741 2780 tunc
1781 2752 1909 2793 quam
1950 2741 2071 2778 extra
2112 2738 2384 2779 manentibus

198 2812 392 2852 similiter
430 2812 469 2851 in
509 2810 705 2865 personis
748 2815 790 2851 et
832 2810 959 2851 rebus
998 2809 1263 2864 quibuslibet
1303 2807 1635 2862 indempnitate,
1676 2807 1916 2862 inpunitate
1949 2809 1991 2845 et
2023 2805 2253 2847 securitate
2284 2820 2382 2861 pro-

197 2879 349 2925 missis,
384 2884 510 2934 prout
541 2879 620 2920 hec
652 2879 791 2919 omnia
824 2878 1004 2933 publicis
1027 2878 1257 2918 multorum
1282 2877 1542 2918 testimoniis
1566 2880 1608 2916 et
1637 2876 1838 2930 legitimis
1861 2874 2130 2915 documentis
2153 2874 2382 2916 manifeste

198 2947 443 3001 probantur.
508 2947 594 2988 Sed
633 2947 811 2988 istorum
844 2947 1031 2987 omnium
1065 2945 1193 2986 nichil
1227 2949 1291 2986 est
1323 2945 1476 2986 nobisq
1507 2943 1678 2985 omnino
1718 2947 1956 2990 servatum3
2001 2943 2129 2982 immo
2161 2955 2303 2984 comes
2337 2947 2380 2985 et

197 3015 354 3056 milites
399 3015 631 3070 supradicti
674 3016 715 3055 in
756 3016 873 3056 exitu
913 3014 1097 3055 civitatis
1137 3014 1261 3054 bonis
1310 3014 1397 3054 suis
1439 3013 1634 3054 omnibus
1674 3011 1846 3067 spoliati
1889 3011 1931 3051 in
1974 3011 2108 3051 oculis
2152 3010 2382 3052 cardinalis

200 3083 391 3124 eiusdem
426 3084 496 3124 vix
529 3084 613 3124 vivi
645 3083 695 3124 de
729 3083 1011 3138 spoliancium
1044 3083 1239 3124 manibus
1273 3086 1515 3123 evaserunt.
1579 3081 1706 3122 Cives
1739 3084 1897 3131 autem,
1930 3079 2132 3129 incensis,
2165 3079 2314 3119 dirutis
2339 3083 2382 3120 et

199 3150 418 3205 diremptis
443 3151 651 3202 domibus.
674 3151 859 3192 turribus
884 3156 926 3192 et
948 3150 1075 3192 rebus
1098 3151 1299 3205 ipsorum.
1327 3165 1381 3192 ex
1404 3155 1504 3191 tunc
1527 3164 1662 3204 usque
1693 3149 1736 3189 in
1759 3148 2014 3189 hodiernum
2038 3147 2149 3188 diem
2173 3147 2381 3189 dirissimo

199 3232 371 3259 carcere
405 3226 501 3260 sunt
533 3221 674 3262 affecti
709 3224 751 3262 et
783 3220 897 3260 cives
932 3219 1071 3260 exteri
1097 3219 1321 3260 nobiscum
1343 3224 1568 3260 manentes
1592 3218 1743 3259 exules
1768 3220 2080 3258 remanserunt.
2136 3214 2201 3255 De
2225 3215 2378 3270 quibus

200 3287 395 3327 omnibus
428 3302 521 3328 cum
556 3288 805 3343 frequenter
836 3287 889 3328 ad
922 3287 1139 3329 dominum
1174 3301 1329 3343 papam
1361 3292 1403 3328 et
1426 3287 1580 3328 fratres
1610 3290 1757 3327 nostra
1779 3285 2029 3339 conquestio
2052 3297 2131 3324 nec
2154 3297 2240 3324 non
2263 3284 2376 3325 iusta

199 3355 354 3408 peticio
388 3357 667 3398 mitterentur.
702 3356 815 3411 quod
847 3356 975 3397 fidem
1009 3356 1258 3397 exolverent
1291 3356 1606 3410 repromissam7
1640 3354 1692 3394 de
1716 3365 1922 3407 responso
1946 3351 2105 3392 domini
2128 3365 2240 3406 pape
2263 3351 2378 3392 istud

200 3422 251 3462 ad
285 3424 479 3463 ultimum
513 3426 650 3478 potuit
681 3426 876 3479 optineri7
909 3424 1022 3479 quod
1054 3424 1235 3465 libenter
1267 3424 1346 3465 hec
1381 3425 1522 3464 omnia
1552 3424 1715 3463 faceret
1741 3421 1983 3471 emendari,
2016 3420 2097 3460 nisi
2130 3419 2241 3474 quod
2273 3420 2376 3461 civi-

199 3497 329 3530 tatem
372 3491 548 3532 timebat
589 3493 782 3533 amittere
815 3493 1117 3547 supradictam.
1179 3491 1355 3543 Videte.
1394 3492 1429 3531 si
1471 3495 1562 3532 erat
1594 3491 1673 3531 hec
1713 3489 1866 3530 efficax
1907 3493 1948 3529 et
1982 3489 2095 3529 iusta
2136 3488 2376 3543 responsio,

335 3591 420 3626 252.
454 3592 484 3633 ¹¹1
513 3595 696 3637 propulsati
722 3595 876 3637 primitus
902 3605 1098 3637 ceperamus
1123 3594 1154 3626 3.
1295 3593 1318 3636 i)
1344 3596 1425 3628 istos
1450 3594 1479 3626 3.
1620 3592 1653 3634 k)
1686 3592 1890 3635 parupendit
1918 3591 1945 3624 l.
2079 3590 2103 3631 l)
2130 3591 2272 3624 nuncios
2297 3602 2378 3624 suos

198 3649 263 3681 des.
279 3648 309 3680 ’3-
427 3655 468 3692 m)
495 3651 752 3693 procedentibus
777 3649 807 3682 3.
924 3656 957 3691 ¹²)
983 3657 1083 3685 notus
1109 3650 1140 3683 3.
1258 3652 1288 3692 0)
1317 3653 1350 3683 in
1376 3651 1407 3684 3.
1526 3649 1558 3692 P)
1584 3651 1648 3682 isto
1673 3648 1705 3682 3.
1821 3650 1852 3690 (1)
1877 3649 1967 3682 deest
1992 3648 2023 3681 3.

2420 906 2452 930 10

2420 1248 2451 1272 15

2419 1589 2452 1614 20

2419 2275 2452 2300 30

2417 2615 2449 2641 35

2417 2963 2451 2988 40

2411 3303 2443 3329 45

2415 3653 2446 3680 50
