2558 3970
80 903 112 927 10

76 1249 108 1273 15

73 1587 106 1613 20

72 1940 105 1966 25

71 2288 104 2314 30

74 2633 106 2659 ³5

72 2976 106 3002 40

72 3320 106 3347 45

62 3630 109 3665 ‚50

23 3699 46 3754 ἱ,

0 3757 67 3970 4

709 141 920 176 OTTONIS
946 142 1006 176 lV.
1034 141 1466 177 CONST1'1‘17‘1·10NES.
1520 146 1614 179 1209.
1667 145 1728 179 ΝΥ.
1746 147 1800 180 32.
2303 156 2354 192 39

149 265 232 307 tini,
256 263 543 305 Ferrarienses',
566 263 841 304 Rawnnenses,
861 263 1145 304 Clomaclenses,
1166 264 1429 303 Ariminenses.
1455 266 1717 307 Pisaurienses,
1742 270 1978 310 Cvsvuensvs,
2005 270 2222 312 qu·¹1s‹·s⁸,
2245 275 2351 306 >wno—

149 333 361 380 gallienses,
385 333 637 375 Anconenses,
662 332 932 374 Humanenses,
963 332 1181 374 Firiuenses,
1207 331 1444 378 Epinensvs&
1473 335 1714 377 veronenses,
1740 324 2050 379 Montcsilivnsvs,
2076 340 2354 381 (lavullvnsosu,

150 403 429 445 Vineentemxes,
461 402 735 444 paduanenses,
769 402 974 444 Tei-visani,
1000 403 1238 444 cenotensus,
1265 404 1577 446 Foroiulienscsv,
1612 406 1838 441 Histricum-s
1851 403 1921 450 w·¹,
1954 412 1992 441 vt.
2014 408 2136 442 cuncti
2160 408 2203 442 de
2229 413 2355 443 nostro

149 472 297 507 Ytalico
329 483 456 517 regno,
489 472 567 507 sive
595 472 659 517 qui
684 472 793 506 modo
817 474 904 506 sunt
927 472 983 506 vel
1002 471 1065 516 qui
1091 471 1127 505 in
1153 474 1342 516 posterum
1368 473 1481 507 futuri
1506 476 1610 514 suut:
1644 487 1688 508 vx
1711 476 1878 519 predicto
1903 488 1989 510 vero
2011 477 2175 510 ‹lut-aust
2202 477 2354 511 anvtiv

147 543 251 577 sunt:
294 541 566 583 Rivoaltenses,
620 541 978 582 Metamaucensesf,
1031 540 1303 582 'fomentans-es,
1352 542 1586 585 Clu-givnsvs,
1635 543 1937 585 Pulest1·in..·nsvs‚
1983 546 2317 589 (Juputargelvnsvs
2330 549 2353 584 ’χ

147 610 449 653 Brundulienses‚
496 610 804 652 Lauretauenses,
854 610 1150 651 Murianensesss,
1197 606 1482 652 Amianensvsh,

1529 612 1785 655 Buri-anemos,
1831 614 2058 658 Equilvuses,
2099 615 2354 659 Caprulvuses,

149 679 451 722 Civitatinenses,
485 679 674 722 Finenscs‚
708 678 918 714 Gradenses
951 681 989 714 et
1020 680 1154 713 cuncta
1185 679 1414 722 generalitas
1448 681 1576 725 populi
1611 681 1790 723 Venetici,
1832 683 1909 716 sivo
1941 683 2003 727 qui
2038 684 2146 718 niodo
2179 688 2260 718 sunt
2298 686 2352 718 vv!

147 748 236 794 quic
268 748 386 783 futuri
417 750 515 783 sunt.

1247 810 1265 835 ‘¹
1297 829 1319 851 a
1342 817 1488 851 nemine.
1518 821 1727 853 nostrorum
1763 819 1976 864 inquietari,
2011 821 2133 855 invadi
2160 822 2214 855 vul
2240 822 2353 856 unino-

290 810 356 866 (l)
388 817 657 853 Confirmamus
689 817 817 861 itaque
850 817 1114 852 Veneticorum
1147 818 1237 851 fines

147 887 222 923 rari
253 887 399 930 debere,
432 887 496 923 sed
527 886 643 921 libere
675 888 713 921 et
734 886 876 930 absque
899 886 975 921 ullo
996 885 1158 931 impulsu
1181 898 1253 930 que
1276 889 1376 921 retro
1400 886 1447 921 ab
1469 887 1578 921 annis
1603 889 1846 932 possederunt
1871 890 2009 930 multis,
2043 891 2217 935 ‹leinwps
2241 892 2352 935 possi-

144 958 270 994 deant.
330 956 586 1003 Proprietates
619 968 705 991 vero
738 958 777 991 et
806 955 947 1001 predia,
980 968 1051 1000 que
1084 955 1222 991 habere
1247 955 1420 990 videntur
1453 958 1530 990 tam
1565 956 1644 1001 ipse
1676 957 1749 992 dux
1782 971 1891 1002 quatu
1926 971 2012 992 suus
2045 960 2254 1003 patriarcha
2291 973 2355 993 nm·

147 1039 224 1063 non
256 1026 433 1073 episcopi,
466 1026 623 1061 abbates
656 1027 694 1060 et
726 1025 883 1073 ecclesist-
916 1027 1044 1060 sancte
1068 1025 1136 1059 Dei
1168 1027 1206 1059 et
1239 1024 1404 1069 reliquus
1437 1026 1597 1070 populus
1622 1026 1785 1062 Venetus
1818 1028 1886 1062 sibi
1922 1027 2110 1064 subiectus
2135 1029 2226 1063 infra
2253 1034 2352 1074 potv-

145 1098 283 1132 statem
314 1095 463 1141 imperii
493 1094 624 1136 nostri,
658 1094 762 1130 sive⁰
793 1094 832 1129 in
864 1094 1005 1139 campis
1036 1094 1141 1129 sive⁰
1174 1093 1211 1128 in
1243 1093 1427 1136 domibus,
1460 1095 1589 1139 pratis,
1629 1095 1744 1138 silvis,
1780 1097 1907 1133 vineis.
1943 1098 2150 1142 paludibus,
2184 1093 2353 1134 salietis(

145 1165 369 1208 sacionibus‚
402 1163 675 1210 piscationibus
707 1166 745 1199 et
767 1163 901 1199 ceteris
923 1163 1234 1208 possessionibus,
1267 1163 1394 1208 quiete
1427 1164 1645 1209 possideant
1669 1164 1710 1200 et
1734 1166 1873 1210 absque
1897 1167 2114 1211 cuiusquam
2139 1167 2354 1202 insultantis

144 1235 424 1271 machinatione
463 1235 530 1269 aut
569 1233 711 1269 lesione
749 1233 852 1268 sive⁰
884 1232 1038 1267 sinistra
1069 1232 1273 1278 quapiamg
1305 1233 1630 1278 tergiversatione,
1663 1234 1717 1269 ita
1749 1237 1790 1269 ut
1823 1247 1930 1270 nomo
1963 1236 2268 1271 0011trarietat‹.·1n
2303 1238 2355 1271 vis

142 1305 229 1341 inde
268 1304 391 1340 facere
432 1305 636 1349 presumat.
697 1302 772 1338 Nec
812 1302 927 1338 etiam
961 1302 1181 1337 venationes
1213 1304 1280 1337 aut
1312 1296 1541 1347 pabulatus¹¹
1573 1303 1651 1338 sine
1684 1316 1811 1339 eorum
1844 1304 1997 1340 lieentia
2033 1308 2205 1340 exerceat
2237 1319 2355 1350 nequ(-

142 1374 354 1410 molestiam
396 1373 450 1408 ibi
485 1372 736 1408 residentibus
767 1372 907 1407 inferat
948 1383 1070 1416 neque
1111 1364 1295 1416 aliquami
1328 1383 1461 1407 navem
1502 1372 1664 1417 ipsorum
1700 1373 1961 1409 Veneticoruui
2002 1374 2037 1408 in
2077 1375 2203 1419 aliqua
2239 1375 2352 1409 nostri

141 1442 289 1489 imperii
321 1444 429 1488 parte
462 1434 772 1487 periclitantemk
804 1440 954 1486 predari
986 1452 1050 1476 seu
1082 1440 1296 1476 hominibus
1329 1441 1567 1486 naufragium
1599 1442 1832 1487 patientibus
1865 1443 2028 1488 aliquam
2061 1444 2352 1478 controversiam

141 1513 279 1548 inferre
311 1513 520 1558 presumat;
560 1511 660 1556 quod
698 1510 763 1556 qui
794 1510 936 1553 fecerit,
979 1512 1181 1556 componat
1213 1513 1363 1545 centum
1403 1511 1517 1545 libras
1549 1512 1630 1546 auri
1667 1512 1854 1557 purissimi
1888 1513 1974 1555 illis,
2014 1513 2148 1557 quibus
2181 1513 2352 1548 iniuriam

141 1581 325 1625 intulerit,
371 1583 410 1617 et
447 1593 505 1617 res
548 1580 714 1616 dominio
756 1579 1029 1625 possidentium
1067 1579 1331 1625 mancipentur
1371 1582 1410 1615 et
1459 1580 1586 1625 quiete
1625 1581 1739 1617 liceat
1784 1581 2059 1627 possessoribus
2104 1582 2187 1616 illas
2227 1586 2354 1618 tenen·

144 1664 188 1689 ac
217 1652 302 1688 frui.

288 1715 354 1770 (2)
387 1720 527 1763 Quodsi
559 1732 735 1756 excursus
767 1720 867 1756 inter
897 1722 1025 1766 partes
1057 1720 1178 1755 factus
1211 1720 1335 1763 fuerit,
1369 1720 1452 1765 ipsa
1483 1731 1655 1765 persona,
1688 1732 1759 1765 que
1788 1720 1826 1754 in
1849 1720 1971 1765 capite
1995 1720 2108 1754 suerit
2130 1721 2175 1754 ud
2199 1721 2352 1755 eandem

142 1792 330 1828 maliciam
352 1791 574 1835 faciendam,
606 1791 706 1827 infra
728 1785 808 1827 LXl
839 1792 918 1828 dies
945 1792 1128 1834 tradatur,
1163 1793 1201 1827 et
1225 1791 1362 1834 omnia,
1395 1802 1467 1836 que
1490 1791 1666 1826 fuerintffi
1688 1789 1827 1832 ablata,
1851 1790 1889 1824 in
1911 1790 2065 1834 duplum
2089 1789 2351 1831 1·estituantur;

143 1862 278 1908 quodsi
308 1862 430 1907 ipsum
462 1861 618 1907 duplum
649 1861 900 1906 compositum
931 1873 1006 1897 non
1038 1861 1153 1897 fuerit
1185 1861 1243 1896 vel
1275 1872 1436 1906 persona
1468 1861 1550 1906 ipsa
1581 1860 1722 1895 tradita
1754 1872 1828 1895 non
1861 1859 1974 1894 fuerit
1997 1859 2090 1894 infra
2120 1855 2352 1900 1„x‘¹·¹·‹1i‹·.-,

142 1934 186 1968 ut
215 1931 358 1967 dictum
389 1932 456 1974 est,
494 1932 584 1966 tunc
614 1942 682 1976 per
712 1942 1016 1976 unamquamque
1048 1941 1258 1976 personam,
1299 1941 1370 1974 que
1403 1929 1523 1975 ipsam
1555 1925 1738 1964 malitiam
1770 1929 2056 1974 perpetraverit,
2095 1931 2354 1973 conponantur

141 2001 245 2038 aurei
275 2001 512 2047 quingenti0.

284 2062 350 2119 (3)
384 2069 422 2105 Si
453 2069 596 2104 furtum
624 2069 725 2105 inter
755 2071 883 2115 partes
915 2068 1029 2104 fuerit
1061 2068 1214 2111 factum,
1247 2068 1286 2102 in
1318 2068 1569 2113 quadruplum
1600 2067 1835 2102 restituatur.

285 2131 350 2189 (4)
382 2138 448 2174 Sil>
480 2139 578 2174 servi
609 2141 677 2174 aut
698 2134 849 2174 'ancille
886 2138 987 2174 inter
1023 2139 1152 2183 partes
1184 2137 1433 2183 confugerint,
1479 2149 1561 2172 cum
1603 2136 1774 2172 omnibus
1808 2136 1928 2178 rebus,
1969 2148 2061 2180 quas
2094 2146 2217 2170 seeum
2249 2135 2351 2169 detu-

139 2208 264 2251 lerint,
296 2208 518 2250 reddantur;
551 2210 590 2244 et
619 2208 742 2251 iudex,
777 2207 842 2253 qui
872 2207 974 2253 ipsos
1006 2206 1187 2252 fugitivos
1219 2206 1434 2250 reddiderit,
1468 2205 1631 2252 accipiat
1662 2217 1728 2250 pro
1761 2216 1986 2249 unoquoque
2020 2203 2186 2249 singulos
2215 2203 2352 2238 solidos

139 2277 238 2321 auri,
277 2278 330 2313 sic
369 2280 497 2314 tamen
535 2280 595 2321 ut,
640 2278 671 2313 si
711 2278 871 2324 amplius
915 2277 1136 2322 requiritur,
1181 2288 1248 2322 per
1288 2278 1564 2312 sacramentum
1601 2275 1762 2311 dominis
1800 2274 1948 2308 illorum
1990 2273 2124 2308 idonea
2164 2273 2352 2308 satietati«)

139 2347 215 2383 fiat.
276 2348 313 2382 Si
347 2360 432 2383 vero
464 2347 576 2384 iudex
608 2350 675 2383 aut
705 2347 868 2392 aliquisq
899 2347 1001 2392 ipsos
1029 2346 1210 2393 fugitivos
1233 2346 1463 2391 susceperitr
1496 2347 1533 2381 et
1557 2357 1619 2380 eos
1640 2345 1794 2380 reddere
1823 2355 1911 2378 cura
1932 2342 2128 2388 negaverit
2160 2345 2198 2377 et
2220 2342 2351 2377 exinde

139 2416 323 2462 fugerint,
364 2418 454 2453 tunc
492 2429 560 2463 pro
598 2428 826 2462 unoquoque
866 2415 1028 2462 fugitivo
1061 2417 1252 2461 conponat
1283 2415 1365 2450 auri
1397 2414 1535 2450 solidos
1568 2414 1712 2448 LXX11.
1775 2412 1913 2455 Quodsi
1945 2412 2119 2447 dubiumS
2152 2411 2263 2446 fuerit
2296 2408 2351 2445 et²

140 2485 385 2532 denegaverit
415 2486 527 2522 iudex
559 2487 618 2522 vel
649 2488 782 2522 auctor
810 2485 885 2521 loci
915 2485 1028 2528 illius,
1066 2484 1104 2519 in
1136 2496 1210 2529 quo
1250 2484 1403 2531 fugitivi
1440 2484 1699 2528 requiruntur,
1738 2485 1827 2518 tunc
1865 2482 2048 2528 prebeant
2079 2483 2350 2515 sacramentum

140 2555 336 2592 duodecim
357 2556 478 2599 electi,
511 2557 638 2601 quodu
659 2556 713 2591 ibi
734 2555 900 2601 suscepti
920 2567 996 2591 non
1018 2554 1159 2590 fuerint
1180 2566 1249 2590 nec
1269 2554 1355 2589 illos
1376 2553 1544 2589 habeant
1564 2564 1633 2588 nec
1654 2548 1713 2587 int
1733 2551 1963 2588 conscientia
1985 2551 2134 2586 illorum
2157 2550 2261 2584 sintv
2283 2562 2350 2585 nec

141 2625 323 2670 aliquasw
353 2637 412 2661 res
444 2625 620 2661 illorumv
652 2637 778 2661 secum
808 2624 1021 2661 habuerint.
1082 2624 1120 2660 Si
1143 2626 1270 2659 autem
1296 2624 1396 2659 hocX
1427 2622 1618 2658 distulerit
1638 2623 1772 2665 facere,
1805 2623 1892 2667 post
1913 2621 2070 2667 primam
2093 2622 2131 2655 et
2152 2620 2349 2655 secundam

141 2695 458 2731 contestationem
488 2695 681 2741 presentia
701 2695 884 2730 testiumy
914 2694 1129 2740 peractamz
1161 2704 1228 2738 per
1248 2691 1452 2728 iussionem
1473 2692 1606 2727 iudicis
1633 2692 1689 2727 sui
1714 2692 1851 2727 liceat²²
1874 2691 2073 2736 pignorare
2095 2689 2281 2724 hominem
2305 2689 2349 2723 de

138 2763 221 2810 ipso
252 2765 346 2808 loco,
379 2765 444 2800 ubi
475 2776 588 2800 causa
618 2764 834 2810 requiritur,
865 2764 922 2799 ita
953 2766 1091 2805 tamen,
1124 2765 1167 2798 ut
1198 2762 1321 2808 ipsum
1342 2762 1478 2808 pignus
1501 2764 1587 2807 post
1608 2754 1827 2807 peractamb
1859 2759 2046 2796 iusticiam
2076 2771 2141 2804 per
2162 2758 2346 2803 integrum

138 2834 327 2870 reddatur.

287 2896 350 2952 (5)
388 2902 438 2938 Et
477 2904 695 2939 nullatenus
727 2903 842 2939 liceat
881 2902 1021 2938 alicuic
1052 2902 1190 2948 pignus
1221 2901 1391 2946 accipere
1429 2912 1496 2946 per
1526 2900 1602 2935 alia
1632 2901 1732 2942 loca,
1764 2899 1837 2934 nisi
1867 2898 1931 2933 ubi
1962 2896 2113 2942 fugitivi
2143 2898 2209 2930 aut
2240 2907 2348 2929 caus(-

140 2971 399 3017 requiruntur;
432 2974 471 3008 et
501 2972 532 3007 si
562 2965 808 3018 pignoratiod
838 2971 1064 3018 pervenerit,
1097 2982 1173 3006 non
1205 2971 1398 3016 presumat
1429 2969 1557 3014 aliqua
1587 2981 1674 3014 pars
1705 2980 1772 3014 pro
1804 2968 1961 3013 pignore
1994 2966 2106 3001 aliam
2137 2964 2347 3010 pignorare,

277 3081 340 3116 32.
373 3082 402 3125 ¹)
428 3084 644 3116 Ferarienses
671 3081 700 3116 1.
844 3082 871 3124 s)
897 3084 1072 3116 Fauenses
1106 3080 1134 3114 1.
1161 3080 1192 3114 2.
1334 3079 1358 3123 t)
1392 3080 1564 3113 Erimiuus
1591 3078 1626 3118 13
1664 3079 1807 3112 Erimifi.
1833 3078 1864 3110 2.
2005 3078 2039 3118 ¹²)
2066 3076 2291 3109 Gauallenses
2317 3074 2346 3106 2.

140 3139 172 3182 V)
196 3141 434 3175 Forolinenses
460 3140 490 3174 1.
621 3141 660 3183 W)
685 3142 878 3174 Ystrienses
901 3139 934 3174 2.
1053 3139 1085 3181 x)
1111 3151 1175 3172 om.
1203 3137 1233 3171 l.
1351 3137 1383 3179 δ’)
1410 3139 1682 3171 Metamucenses
1710 3136 1740 3169 1.
1858 3135 1888 3179 z)
1914 3135 2119 3179 Csffiaroglfi.
2148 3133 2182 3173 1;
2210 3134 2347 3176 Campa—

139 3199 263 3242 rongfi.
289 3198 320 3231 2.
485 3198 517 3241 a)
552 3200 812 3233 Mauris-nenses
836 3198 867 3232 2.
1033 3196 1065 3239 b)
1098 3198 1254 3230 Ametafi.
1284 3195 1314 3229 1.
1339 3194 1370 3228 2.
1536 3197 1565 3235 c)
1592 3206 1654 3228 om.
1680 3193 1712 3227 2.
1877 3191 1909 3236 d)
1937 3204 1998 3226 om.
2027 3192 2062 3231 1;
2101 3192 2290 3223 districtum
2315 3190 2346 3223 2.

140 3255 171 3298 0)
196 3257 268 3290 suis
294 3255 323 3289 1.
441 3255 473 3300 f)
499 3258 612 3290 salicis
638 3256 668 3290 l.
802 3258 834 3299 Β)
861 3257 1022 3300 quapiam
1050 3254 1081 3288 1.
1198 3253 1231 3293 11)
1258 3254 1475 3298 priabulatus
1504 3252 1532 3285 1.
1660 3250 1684 3293 i)
1709 3251 1827 3293 aliqua
1852 3250 1882 3283 1.
2000 3248 2034 3291 k)
2062 3249 2289 3293 periclitantes
2318 3248 2346 3281 1.

140 3310 167 3356 1)
192 3314 254 3346 XL
281 3314 310 3346 1.
336 3313 368 3347 2.
485 3313 529 3354 m)
555 3316 696 3347 fuerunt
720 3314 750 3347 1.
776 3312 809 3346 2.
927 3311 962 3354 ¹²)
987 3312 1083 3345 XLta
1109 3310 1138 3345 1.
1164 3310 1196 3344 2.
1314 3311 1346 3351 0)
1372 3310 1568 3353 quingentis
1597 3309 1625 3341 l.
1742 3306 1776 3349 Ρ)
1802 3308 1859 3340 sed
1887 3307 1916 3340 1.
2035 3307 2067 3347 ⁴1)
2093 3306 2181 3338 alius
2207 3305 2288 3337 add.
2315 3304 2345 3337 2.

138 3370 168 3411 1·)
193 3372 344 3415 suscepit
371 3371 400 3404 1.
541 3370 570 3415 Β)
595 3372 720 3405 dubius
746 3371 777 3404 1.
918 3370 944 3413 t)
972 3382 1034 3403 om.
1062 3368 1091 3403 1.
1233 3366 1267 3411 u)
1299 3369 1327 3400 si
1360 3367 1442 3400 add.
1468 3367 1499 3399 2.
1641 3364 1674 3409 V)
1707 3366 1775 3398 sint
1805 3376 1868 3397 nec
1895 3382 1935 3387 —-
1962 3375 2015 3397 res
2045 3364 2178 3395 illorum
2206 3368 2348 3405 propter

141 3427 420 3462 homoioteleuton
444 3430 581 3462 illorum
605 3429 747 3471 repetita
771 3429 808 3462 in
833 3427 864 3461 1.
983 3426 1024 3470 W)
1051 3427 1176 3469 aliquis
1203 3425 1232 3458 1.
1327 3424 1362 3467 Χ)
1388 3426 1452 3458 hoc
1477 3429 1591 3458 autem
1619 3424 1650 3457 1.
1743 3422 1776 3464 δ’)
1802 3423 1922 3456 testius
1949 3421 1977 3454 1.
2072 3419 2102 3461 z)
2128 3425 2280 3464 paratam
2311 3420 2345 3459 l;

140 3490 259 3529 perata
282 3484 314 3518 2.
433 3488 463 3525 a)
487 3487 568 3520 licet
594 3485 623 3519 1.
741 3485 775 3528 b)
802 3491 954 3531 paratam
980 3485 1014 3525 1;
1047 3489 1199 3529 peratam
1223 3482 1257 3516 2.
1376 3482 1406 3523 c)
1433 3483 1537 3515 alacri
1565 3481 1594 3515 1.
1712 3479 1745 3522 d)
1773 3481 1986 3524 pigneratore
2012 3478 2040 3510 1.

279 3577 314 3621 1)
349 3576 547 3611 Nominum
584 3576 742 3610 ordinem
778 3576 818 3610 in
853 3575 968 3610 codice
996 3574 1182 3609 Trivisano
1201 3584 1270 3618 per
1293 3574 1478 3608 columnas
1503 3571 1713 3615 dispositmn
1738 3569 1889 3605 Bolmzer
1912 3569 1952 3603 in
1976 3568 2123 3603 editione
2146 3577 2214 3601 sna
2240 3566 2344 3600 ‘Acta

142 3632 224 3677 imp.
249 3634 387 3668 selecta'
405 3645 445 3678 p.
463 3638 529 3668 210
552 3643 608 3668 nr.
627 3637 693 3668 235
723 3634 821 3668 hunc
844 3633 991 3668 codicem
1013 3636 1154 3668 secutus
1181 3631 1348 3667 turbavit.
1403 3630 1504 3666 Unde
1529 3628 1725 3665 concidunt
1749 3638 1789 3661 ea
1814 3637 1904 3672 quae
1930 3625 2177 3660 IVinkelma-nn
2204 3623 2345 3658 ‘Kaiser

146 3688 334 3728 Friedrich
358 3690 428 3725 II'.
453 3691 484 3734 Ι,
505 3702 544 3740 p.
566 3696 608 3726 99
631 3694 737 3726 not.3
760 3690 965 3739 disputavit.
