<?xml version="1.0" encoding="UTF-8"?>
<!DOCTYPE html PUBLIC "-//W3C//DTD XHTML 1.0 Transitional//EN"
    "http://www.w3.org/TR/xhtml1/DTD/xhtml1-transitional.dtd">
<html xmlns="http://www.w3.org/1999/xhtml" xml:lang="en" lang="en">
 <head>
  <title>
</title>
<meta http-equiv="Content-Type" content="text/html;charset=utf-8" />
  <meta name='ocr-system' content='tesseract 3.04.00' />
  <meta name='ocr-capabilities' content='ocr_page ocr_carea ocr_par ocr_line ocrx_word'/>
</head>
<body>
  <div class='ocr_page' id='page_1' title='image "./monumentager02geseuoft_0391.png"; bbox 0 0 2558 3970; ppageno 0'>
   <div class='ocr_carea' id='block_1_1' title="bbox 730 150 2391 200">
    <p class='ocr_par' dir='ltr' id='par_1_1' title="bbox 730 150 2391 200">
     <span class='ocr_line' id='line_1_1' title="bbox 730 150 2391 200; baseline 0.005 -16"><span class='ocrx_word' id='word_1_1' title='bbox 730 150 969 186; x_wconf 77' lang='lat' dir='ltr'>FRIDERICI</span> <span class='ocrx_word' id='word_1_2' title='bbox 998 152 1040 186; x_wconf 90' lang='lat' dir='ltr'>Il.</span> <span class='ocrx_word' id='word_1_3' title='bbox 1067 151 1496 188; x_wconf 74' lang='lat' dir='ltr'>CONS&#39;rl&#39;rL&#39;TloNEs.</span> <span class='ocrx_word' id='word_1_4' title='bbox 1550 155 1644 189; x_wconf 75' lang='lat'>1244.</span> <span class='ocrx_word' id='word_1_5' title='bbox 1698 155 1758 189; x_wconf 84' lang='lat' dir='ltr'>Nr.</span> <span class='ocrx_word' id='word_1_6' title='bbox 1777 156 1855 190; x_wconf 71' lang='lat'>252.</span> <span class='ocrx_word' id='word_1_7' title='bbox 2311 161 2391 200; x_wconf 83' lang='lat'>343</span> 
     </span>
    </p>
   </div>
   <div class='ocr_carea' id='block_1_2' title="bbox 130 263 2392 793">
    <p class='ocr_par' dir='ltr' id='par_1_2' title="bbox 189 263 2392 530">
     <span class='ocr_line' id='line_1_2' title="bbox 189 263 2391 324; baseline 0.005 -20"><span class='ocrx_word' id='word_1_8' title='bbox 189 263 302 320; x_wconf 89' lang='lat' dir='ltr'>quod</span> <span class='ocrx_word' id='word_1_9' title='bbox 345 279 419 320; x_wconf 85' lang='lat' dir='ltr'>pro</span> <span class='ocrx_word' id='word_1_10' title='bbox 463 265 616 305; x_wconf 85' lang='lat' dir='ltr'>timore</span> <span class='ocrx_word' id='word_1_11' title='bbox 655 265 867 321; x_wconf 87' lang='lat' dir='ltr'>dispendii</span> <span class='ocrx_word' id='word_1_12' title='bbox 910 267 1158 322; x_wconf 81' lang='lat' dir='ltr'>temporalis</span> <span class='ocrx_word' id='word_1_13' title='bbox 1199 268 1362 309; x_wconf 79' lang='lat' dir='ltr'>solucio</span> <span class='ocrx_word' id='word_1_14' title='bbox 1409 275 1526 310; x_wconf 80' lang='lat' dir='ltr'>tante</span> <span class='ocrx_word' id='word_1_15' title='bbox 1567 271 1864 324; x_wconf 72' lang='lat' dir='ltr'>promissionis</span> <span class='ocrx_word' id='word_1_16' title='bbox 1910 277 1950 312; x_wconf 86' lang='lat' dir='ltr'>ct</span> <span class='ocrx_word' id='word_1_17' title='bbox 1994 272 2091 313; x_wconf 71' lang='lat' dir='ltr'>fidei</span> <span class='ocrx_word' id='word_1_18' title='bbox 2138 272 2391 314; x_wconf 73' lang='lat' dir='ltr'>tardaretur.</span> 
     </span>
     <span class='ocr_line' id='line_1_3' title="bbox 191 334 2392 393; baseline 0.004 -18"><span class='ocrx_word' id='word_1_19' title='bbox 191 334 286 375; x_wconf 90' lang='lat' dir='ltr'>Hec</span> <span class='ocrx_word' id='word_1_20' title='bbox 310 338 409 375; x_wconf 89' lang='lat' dir='ltr'>ante</span> <span class='ocrx_word' id='word_1_21' title='bbox 435 339 660 376; x_wconf 81' lang='lat' dir='ltr'>tractatam</span> <span class='ocrx_word' id='word_1_22' title='bbox 684 339 726 375; x_wconf 88' lang='lat' dir='ltr'>ct</span> <span class='ocrx_word' id='word_1_23' title='bbox 749 336 959 376; x_wconf 83' lang='lat' dir='ltr'>firmatam</span> <span class='ocrx_word' id='word_1_24' title='bbox 985 336 1097 377; x_wconf 88' lang='lat' dir='ltr'>inter</span> <span class='ocrx_word' id='word_1_25' title='bbox 1121 351 1198 376; x_wconf 86' lang='lat' dir='ltr'>nos</span> <span class='ocrx_word' id='word_1_26' title='bbox 1225 342 1268 377; x_wconf 88' lang='lat' dir='ltr'>ct</span> <span class='ocrx_word' id='word_1_27' title='bbox 1291 338 1519 378; x_wconf 83' lang='lat' dir='ltr'>ecclesiam</span> <span class='ocrx_word' id='word_1_28' title='bbox 1546 339 1818 380; x_wconf 81' lang='lat' dir='ltr'>concordiam</span> <span class='ocrx_word' id='word_1_29' title='bbox 1846 343 2132 392; x_wconf 70' lang='lat' dir='ltr'>contigerunt.</span> <span class='ocrx_word' id='word_1_30' title='bbox 2213 346 2278 393; x_wconf 68' lang='lat'>(4)</span> <span class='ocrx_word' id='word_1_31' title='bbox 2303 343 2392 383; x_wconf 80' lang='lat' dir='ltr'>Nos</span> 
     </span>
     <span class='ocr_line' id='line_1_4' title="bbox 191 403 2388 465; baseline 0.004 -22"><span class='ocrx_word' id='word_1_32' title='bbox 191 407 336 444; x_wconf 91' lang='lat' dir='ltr'>autem</span> <span class='ocrx_word' id='word_1_33' title='bbox 370 403 674 444; x_wconf 79' lang='lat' dir='ltr'>nichilominus</span> <span class='ocrx_word' id='word_1_34' title='bbox 716 404 1063 449; x_wconf 77' lang='lat' dir='ltr'>considerantes,</span> <span class='ocrx_word' id='word_1_35' title='bbox 1105 405 1365 446; x_wconf 74' lang='lat' dir='ltr'>discordiam</span> <span class='ocrx_word' id='word_1_36' title='bbox 1401 407 1691 462; x_wconf 78' lang='lat' dir='ltr'>supradictam</span> <span class='ocrx_word' id='word_1_37' title='bbox 1737 423 1818 449; x_wconf 83' lang='lat' dir='ltr'>non</span> <span class='ocrx_word' id='word_1_38' title='bbox 1853 415 1937 450; x_wconf 87' lang='lat' dir='ltr'>tam</span> <span class='ocrx_word' id='word_1_39' title='bbox 1973 410 2119 451; x_wconf 85' lang='lat' dir='ltr'>nobisr</span> <span class='ocrx_word' id='word_1_40' title='bbox 2151 425 2277 465; x_wconf 85' lang='lat' dir='ltr'>quam</span> <span class='ocrx_word' id='word_1_41' title='bbox 2313 413 2388 452; x_wconf 89' lang='lat' dir='ltr'>toti</span> 
     </span>
     <span class='ocr_line' id='line_1_5' title="bbox 189 472 2390 530; baseline 0.003 -18"><span class='ocrx_word' id='word_1_42' title='bbox 189 472 490 512; x_wconf 84' lang='lat' dir='ltr'>christianitati</span> <span class='ocrx_word' id='word_1_43' title='bbox 529 472 808 527; x_wconf 83' lang='lat' dir='ltr'>dampnosam</span> <span class='ocrx_word' id='word_1_44' title='bbox 851 479 892 513; x_wconf 89' lang='lat' dir='ltr'>et</span> <span class='ocrx_word' id='word_1_45' title='bbox 932 488 1082 528; x_wconf 89' lang='lat' dir='ltr'>pacem</span> <span class='ocrx_word' id='word_1_46' title='bbox 1116 475 1381 527; x_wconf 83' lang='lat' dir='ltr'>generaliter</span> <span class='ocrx_word' id='word_1_47' title='bbox 1423 477 1712 530; x_wconf 89' lang='lat' dir='ltr'>profuturam.</span> <span class='ocrx_word' id='word_1_48' title='bbox 1759 477 1811 517; x_wconf 91' lang='lat' dir='ltr'>ad</span> <span class='ocrx_word' id='word_1_49' title='bbox 1847 479 2199 520; x_wconf 66' lang='lat' dir='ltr'>intercessionem</span> <span class='ocrx_word' id='word_1_50' title='bbox 2235 481 2390 521; x_wconf 84' lang='lat' dir='ltr'>nobilis</span> 
     </span>
    </p>

    <p class='ocr_par' dir='ltr' id='par_1_3' title="bbox 130 540 2392 793">
     <span class='ocr_line' id='line_1_6' title="bbox 130 540 2392 598; baseline 0.004 -17"><span class='ocrx_word' id='word_1_51' title='bbox 130 551 144 574; x_wconf 84' lang='lat'><strong>⁵</strong></span> <span class='ocrx_word' id='word_1_52' title='bbox 187 541 266 581; x_wconf 90' lang='lat' dir='ltr'>viri</span> <span class='ocrx_word' id='word_1_53' title='bbox 299 540 568 595; x_wconf 90' lang='lat' dir='ltr'>R(aimundi)</span> <span class='ocrx_word' id='word_1_54' title='bbox 614 542 781 582; x_wconf 90' lang='lat' dir='ltr'>comitis</span> <span class='ocrx_word' id='word_1_55' title='bbox 821 542 1077 583; x_wconf 81' lang='lat' dir='ltr'>Tliolesani.</span> <span class='ocrx_word' id='word_1_56' title='bbox 1123 543 1193 597; x_wconf 89' lang='lat' dir='ltr'>qui</span> <span class='ocrx_word' id='word_1_57' title='bbox 1238 557 1312 597; x_wconf 91' lang='lat' dir='ltr'>pro</span> <span class='ocrx_word' id='word_1_58' title='bbox 1353 557 1459 597; x_wconf 85' lang='lat' dir='ltr'>pace</span> <span class='ocrx_word' id='word_1_59' title='bbox 1505 544 1697 598; x_wconf 87' lang='lat' dir='ltr'>predicta</span> <span class='ocrx_word' id='word_1_60' title='bbox 1743 547 1846 586; x_wconf 80' lang='lat' dir='ltr'>satis</span> <span class='ocrx_word' id='word_1_61' title='bbox 1889 547 2098 588; x_wconf 80' lang='lat' dir='ltr'>instantor</span> <span class='ocrx_word' id='word_1_62' title='bbox 2131 555 2173 588; x_wconf 88' lang='lat' dir='ltr'>et</span> <span class='ocrx_word' id='word_1_63' title='bbox 2207 548 2392 590; x_wconf 79' lang='lat' dir='ltr'>fideliter</span> 
     </span>
     <span class='ocr_line' id='line_1_7' title="bbox 184 609 2387 667; baseline 0.003 -17"><span class='ocrx_word' id='word_1_64' title='bbox 184 610 417 654; x_wconf 80' lang='lat' dir='ltr'>laboravit,</span> <span class='ocrx_word' id='word_1_65' title='bbox 458 609 662 665; x_wconf 72' lang='lat' dir='ltr'>predictis</span> <span class='ocrx_word' id='word_1_66' title='bbox 706 611 945 665; x_wconf 80' lang='lat' dir='ltr'>magistris⁸</span> <span class='ocrx_word' id='word_1_67' title='bbox 979 610 1153 651; x_wconf 82' lang='lat' dir='ltr'>Petrum</span> <span class='ocrx_word' id='word_1_68' title='bbox 1193 610 1244 651; x_wconf 91' lang='lat' dir='ltr'>dc</span> <span class='ocrx_word' id='word_1_69' title='bbox 1268 611 1409 652; x_wconf 70' lang='lat' dir='ltr'>Vinea</span> <span class='ocrx_word' id='word_1_70' title='bbox 1450 618 1492 652; x_wconf 88' lang='lat' dir='ltr'>ct</span> <span class='ocrx_word' id='word_1_71' title='bbox 1525 613 1790 667; x_wconf 78' lang='lat' dir='ltr'>T(a‹ldeum)</span> <span class='ocrx_word' id='word_1_72' title='bbox 1824 614 1875 655; x_wconf 84' lang='lat' dir='ltr'>dc</span> <span class='ocrx_word' id='word_1_73' title='bbox 1911 616 2071 656; x_wconf 78' lang='lat' dir='ltr'>Suessa</span> <span class='ocrx_word' id='word_1_74' title='bbox 2107 632 2200 657; x_wconf 88' lang='lat' dir='ltr'>cum</span> <span class='ocrx_word' id='word_1_75' title='bbox 2237 617 2387 657; x_wconf 84' lang='lat' dir='ltr'>codem</span> 
     </span>
     <span class='ocr_line' id='line_1_8' title="bbox 186 678 2384 741; baseline 0.003 -22"><span class='ocrx_word' id='word_1_76' title='bbox 186 679 342 720; x_wconf 78' lang='lat' dir='ltr'>comite</span> <span class='ocrx_word' id='word_1_77' title='bbox 375 678 428 719; x_wconf 92' lang='lat' dir='ltr'>ad</span> <span class='ocrx_word' id='word_1_78' title='bbox 470 693 683 720; x_wconf 89' lang='lat' dir='ltr'>summum</span> <span class='ocrx_word' id='word_1_79' title='bbox 726 680 969 734; x_wconf 78' lang='lat' dir='ltr'>pontificem</span> <span class='ocrx_word' id='word_1_80' title='bbox 1003 678 1251 729; x_wconf 76' lang='lat' dir='ltr'>destinatis,</span> <span class='ocrx_word' id='word_1_81' title='bbox 1294 680 1333 720; x_wconf 93' lang='lat' dir='ltr'>in</span> <span class='ocrx_word' id='word_1_82' title='bbox 1378 681 1652 736; x_wconf 86' lang='lat' dir='ltr'>infrascripta</span> <span class='ocrx_word' id='word_1_83' title='bbox 1685 684 1821 723; x_wconf 83' lang='lat' dir='ltr'>forma</span> <span class='ocrx_word' id='word_1_84' title='bbox 1856 684 1894 723; x_wconf 89' lang='lat' dir='ltr'>in</span> <span class='ocrx_word' id='word_1_85' title='bbox 1930 699 2036 724; x_wconf 74' lang='lat' dir='ltr'>cena</span> <span class='ocrx_word' id='word_1_86' title='bbox 2075 685 2240 726; x_wconf 76' lang='lat' dir='ltr'>Domini</span> <span class='ocrx_word' id='word_1_87' title='bbox 2276 686 2384 741; x_wconf 82' lang='lat' dir='ltr'>apud</span> 
     </span>
     <span class='ocr_line' id='line_1_9' title="bbox 185 747 1968 793; baseline 0.002 -5"><span class='ocrx_word' id='word_1_88' title='bbox 185 747 348 789; x_wconf 84' lang='lat' dir='ltr'>Urbem</span> <span class='ocrx_word' id='word_1_89' title='bbox 385 748 423 788; x_wconf 93' lang='lat' dir='ltr'>in</span> <span class='ocrx_word' id='word_1_90' title='bbox 460 762 570 789; x_wconf 89' lang='lat' dir='ltr'>anno</span> <span class='ocrx_word' id='word_1_91' title='bbox 604 748 791 790; x_wconf 82' lang='lat' dir='ltr'>secunde</span> <span class='ocrx_word' id='word_1_92' title='bbox 826 747 1073 789; x_wconf 82' lang='lat' dir='ltr'>indictionis</span> <span class='ocrx_word' id='word_1_93' title='bbox 1108 748 1340 789; x_wconf 87' lang='lat' dir='ltr'>iuravimus</span> <span class='ocrx_word' id='word_1_94' title='bbox 1373 754 1487 790; x_wconf 89' lang='lat' dir='ltr'>starc</span> <span class='ocrx_word' id='word_1_95' title='bbox 1521 751 1736 792; x_wconf 88' lang='lat' dir='ltr'>mandatis</span> <span class='ocrx_word' id='word_1_96' title='bbox 1770 753 1968 793; x_wconf 79' lang='lat' dir='ltr'>ecclesie:</span> 
     </span>
    </p>
   </div>
   <div class='ocr_carea' id='block_1_3' title="bbox 108 827 2391 3378">
    <p class='ocr_par' dir='ltr' id='par_1_4' title="bbox 108 827 2391 3378">
     <span class='ocr_line' id='line_1_10' title="bbox 301 827 2391 890; baseline 0.003 -21"><span class='ocrx_word' id='word_1_97' title='bbox 301 827 353 882; x_wconf 90' lang='grc' dir='ltr'>(Ι)</span> <span class='ocrx_word' id='word_1_98' title='bbox 391 827 530 884; x_wconf 86' lang='lat' dir='ltr'>Super</span> <span class='ocrx_word' id='word_1_99' title='bbox 572 829 683 870; x_wconf 86' lang='lat' dir='ltr'>facto</span> <span class='ocrx_word' id='word_1_100' title='bbox 722 833 835 869; x_wconf 89' lang='lat' dir='ltr'>terre</span> <span class='ocrx_word' id='word_1_101' title='bbox 875 829 1049 870; x_wconf 91' lang='lat' dir='ltr'>inventa</span> <span class='ocrx_word' id='word_1_102' title='bbox 1090 835 1155 870; x_wconf 87' lang='lat' dir='ltr'>est</span> <span class='ocrx_word' id='word_1_103' title='bbox 1197 829 1336 870; x_wconf 87' lang='lat' dir='ltr'>forma</span> <span class='ocrx_word' id='word_1_104' title='bbox 1376 844 1458 884; x_wconf 87' lang='lat' dir='ltr'>que</span> <span class='ocrx_word' id='word_1_105' title='bbox 1499 831 1641 885; x_wconf 88' lang='lat' dir='ltr'>placet</span> <span class='ocrx_word' id='word_1_106' title='bbox 1680 832 1849 886; x_wconf 88' lang='lat' dir='ltr'>utrique</span> <span class='ocrx_word' id='word_1_107' title='bbox 1890 835 2043 887; x_wconf 86' lang='lat' dir='ltr'>parti¹.</span> <span class='ocrx_word' id='word_1_108' title='bbox 2137 842 2209 875; x_wconf 69' lang='lat' dir='ltr'>(lli</span> <span class='ocrx_word' id='word_1_109' title='bbox 2252 837 2391 890; x_wconf 76' lang='lat' dir='ltr'>Supcr</span> 
     </span>
     <span class='ocr_line' id='line_1_11' title="bbox 119 897 2388 958; baseline 0.003 -20"><span class='ocrx_word' id='word_1_110' title='bbox 119 908 149 931; x_wconf 89' lang='lat'>¹0</span> <span class='ocrx_word' id='word_1_111' title='bbox 303 901 551 953; x_wconf 89' lang='lat' dir='ltr'>contemptu</span> <span class='ocrx_word' id='word_1_112' title='bbox 601 897 782 939; x_wconf 83' lang='lat' dir='ltr'>clavium</span> <span class='ocrx_word' id='word_1_113' title='bbox 825 897 1065 939; x_wconf 83' lang='lat' dir='ltr'>scribemus</span> <span class='ocrx_word' id='word_1_114' title='bbox 1106 898 1370 952; x_wconf 82' lang='lat' dir='ltr'>generaliter</span> <span class='ocrx_word' id='word_1_115' title='bbox 1413 913 1490 954; x_wconf 92' lang='lat' dir='ltr'>per</span> <span class='ocrx_word' id='word_1_116' title='bbox 1528 904 1665 940; x_wconf 87' lang='lat' dir='ltr'>totum</span> <span class='ocrx_word' id='word_1_117' title='bbox 1699 901 1868 942; x_wconf 88' lang='lat' dir='ltr'>orbem.</span> <span class='ocrx_word' id='word_1_118' title='bbox 1918 902 2029 956; x_wconf 85' lang='lat' dir='ltr'>quod</span> <span class='ocrx_word' id='word_1_119' title='bbox 2065 905 2104 943; x_wconf 91' lang='lat' dir='ltr'>in</span> <span class='ocrx_word' id='word_1_120' title='bbox 2140 909 2388 958; x_wconf 85' lang='lat' dir='ltr'>contemptu</span> 
     </span>
     <span class='ocr_line' id='line_1_12' title="bbox 299 966 2388 1025; baseline 0.002 -17"><span class='ocrx_word' id='word_1_121' title='bbox 299 966 480 1008; x_wconf 85' lang='lat' dir='ltr'>ecclesie</span> <span class='ocrx_word' id='word_1_122' title='bbox 528 971 571 1008; x_wconf 93' lang='lat' dir='ltr'>et</span> <span class='ocrx_word' id='word_1_123' title='bbox 618 967 842 1022; x_wconf 89' lang='lat' dir='ltr'>potestatis</span> <span class='ocrx_word' id='word_1_124' title='bbox 891 967 1187 1008; x_wconf 83' lang='lat' dir='ltr'>ecclesiastice</span> <span class='ocrx_word' id='word_1_125' title='bbox 1235 969 1494 1009; x_wconf 85' lang='lat' dir='ltr'>sententiam</span> <span class='ocrx_word' id='word_1_126' title='bbox 1546 969 1676 1009; x_wconf 88' lang='lat' dir='ltr'>latam</span> <span class='ocrx_word' id='word_1_127' title='bbox 1726 984 1803 1025; x_wconf 89' lang='lat' dir='ltr'>per</span> <span class='ocrx_word' id='word_1_128' title='bbox 1844 970 2060 1011; x_wconf 87' lang='lat' dir='ltr'>dominum</span> <span class='ocrx_word' id='word_1_129' title='bbox 2096 972 2388 1025; x_wconf 70' lang='lat' dir='ltr'>Gr(rcgoriumi</span> 
     </span>
     <span class='ocr_line' id='line_1_13' title="bbox 297 1034 2387 1093; baseline 0.002 -17"><span class='ocrx_word' id='word_1_130' title='bbox 297 1034 651 1090; x_wconf 86' lang='lat' dir='ltr'>predecessorem</span> <span class='ocrx_word' id='word_1_131' title='bbox 686 1049 809 1076; x_wconf 90' lang='lat' dir='ltr'>suum</span> <span class='ocrx_word' id='word_1_132' title='bbox 845 1049 926 1076; x_wconf 93' lang='lat' dir='ltr'>non</span> <span class='ocrx_word' id='word_1_133' title='bbox 960 1036 1312 1091; x_wconf 86' lang='lat' dir='ltr'>contempsimus.</span> <span class='ocrx_word' id='word_1_134' title='bbox 1380 1036 1465 1078; x_wconf 85' lang='lat' dir='ltr'>Sed</span> <span class='ocrx_word' id='word_1_135' title='bbox 1490 1051 1585 1078; x_wconf 89' lang='lat' dir='ltr'>cum</span> <span class='ocrx_word' id='word_1_136' title='bbox 1611 1037 1736 1078; x_wconf 87' lang='lat' dir='ltr'>nobis</span> <span class='ocrx_word' id='word_1_137' title='bbox 1760 1039 1955 1093; x_wconf 88' lang='lat' dir='ltr'>predicta</span> <span class='ocrx_word' id='word_1_138' title='bbox 1980 1042 2199 1082; x_wconf 83' lang='lat' dir='ltr'>sententia</span> <span class='ocrx_word' id='word_1_139' title='bbox 2223 1041 2387 1081; x_wconf 78' lang='lat' dir='ltr'>denun-</span> 
     </span>
     <span class='ocr_line' id='line_1_14' title="bbox 299 1104 2389 1160; baseline 0.003 -15"><span class='ocrx_word' id='word_1_140' title='bbox 299 1104 413 1146; x_wconf 87' lang='lat' dir='ltr'>ciata</span> <span class='ocrx_word' id='word_1_141' title='bbox 455 1119 538 1146; x_wconf 92' lang='lat' dir='ltr'>non</span> <span class='ocrx_word' id='word_1_142' title='bbox 586 1105 732 1155; x_wconf 88' lang='lat' dir='ltr'>fuerit,</span> <span class='ocrx_word' id='word_1_143' title='bbox 775 1104 829 1146; x_wconf 89' lang='lat' dir='ltr'>dc</span> <span class='ocrx_word' id='word_1_144' title='bbox 872 1105 1053 1146; x_wconf 91' lang='lat' dir='ltr'>consilio</span> <span class='ocrx_word' id='word_1_145' title='bbox 1096 1105 1362 1160; x_wconf 86' lang='lat' dir='ltr'>prelatorum</span> <span class='ocrx_word' id='word_1_146' title='bbox 1395 1111 1438 1147; x_wconf 88' lang='lat' dir='ltr'>et</span> <span class='ocrx_word' id='word_1_147' title='bbox 1470 1107 1649 1147; x_wconf 91' lang='lat' dir='ltr'>aliorum</span> <span class='ocrx_word' id='word_1_148' title='bbox 1685 1107 1892 1149; x_wconf 88' lang='lat' dir='ltr'>nobilium</span> <span class='ocrx_word' id='word_1_149' title='bbox 1928 1110 2155 1151; x_wconf 82' lang='lat' dir='ltr'>Alemanic</span> <span class='ocrx_word' id='word_1_150' title='bbox 2189 1116 2231 1150; x_wconf 89' lang='lat' dir='ltr'>ct</span> <span class='ocrx_word' id='word_1_151' title='bbox 2271 1110 2389 1151; x_wconf 84' lang='lat' dir='ltr'>ltalic</span> 
     </span>
     <span class='ocr_line' id='line_1_15' title="bbox 298 1173 2386 1230; baseline 0.003 -16"><span class='ocrx_word' id='word_1_152' title='bbox 298 1174 509 1229; x_wconf 86' lang='lat' dir='ltr'>processit</span> <span class='ocrx_word' id='word_1_153' title='bbox 541 1173 668 1228; x_wconf 93' lang='lat' dir='ltr'>quod,</span> <span class='ocrx_word' id='word_1_154' title='bbox 701 1174 952 1230; x_wconf 86' lang='lat' dir='ltr'>priusquam</span> <span class='ocrx_word' id='word_1_155' title='bbox 986 1174 1108 1215; x_wconf 87' lang='lat' dir='ltr'>nobis</span> <span class='ocrx_word' id='word_1_156' title='bbox 1143 1174 1492 1224; x_wconf 71' lang='lat' dir='ltr'>denunciaretur,</span> <span class='ocrx_word' id='word_1_157' title='bbox 1527 1189 1622 1217; x_wconf 86' lang='lat' dir='ltr'>eam</span> <span class='ocrx_word' id='word_1_158' title='bbox 1648 1190 1732 1217; x_wconf 92' lang='lat' dir='ltr'>non</span> <span class='ocrx_word' id='word_1_159' title='bbox 1757 1178 2016 1219; x_wconf 83' lang='lat' dir='ltr'>tenebamur</span> <span class='ocrx_word' id='word_1_160' title='bbox 2041 1193 2230 1221; x_wconf 85' lang='lat' dir='ltr'>servare.</span> <span class='ocrx_word' id='word_1_161' title='bbox 2286 1180 2386 1221; x_wconf 91' lang='lat' dir='ltr'>l&#39;ro-</span> 
     </span>
     <span class='ocr_line' id='line_1_16' title="bbox 115 1242 2389 1299; baseline 0.004 -19"><span class='ocrx_word' id='word_1_162' title='bbox 115 1256 145 1281; x_wconf 66' lang='grc' dir='ltr'>ιιι</span> <span class='ocrx_word' id='word_1_163' title='bbox 300 1242 471 1284; x_wconf 87' lang='lat' dir='ltr'>fitemur</span> <span class='ocrx_word' id='word_1_164' title='bbox 502 1248 646 1284; x_wconf 88' lang='lat' dir='ltr'>tamen</span> <span class='ocrx_word' id='word_1_165' title='bbox 680 1247 723 1285; x_wconf 90' lang='lat' dir='ltr'>et</span> <span class='ocrx_word' id='word_1_166' title='bbox 755 1243 1104 1298; x_wconf 86' lang='lat' dir='ltr'>recognoscimus</span> <span class='ocrx_word' id='word_1_167' title='bbox 1138 1243 1270 1291; x_wconf 82' lang='lat' dir='ltr'>bene,</span> <span class='ocrx_word' id='word_1_168' title='bbox 1314 1243 1427 1299; x_wconf 91' lang='lat' dir='ltr'>quod</span> <span class='ocrx_word' id='word_1_169' title='bbox 1462 1244 1722 1299; x_wconf 90' lang='lat' dir='ltr'>deliquimus</span> <span class='ocrx_word' id='word_1_170' title='bbox 1756 1247 1794 1286; x_wconf 93' lang='lat' dir='ltr'>in</span> <span class='ocrx_word' id='word_1_171' title='bbox 1831 1246 1932 1288; x_wconf 88' lang='lat' dir='ltr'>hoc.</span> <span class='ocrx_word' id='word_1_172' title='bbox 1968 1261 2049 1288; x_wconf 92' lang='lat' dir='ltr'>non</span> <span class='ocrx_word' id='word_1_173' title='bbox 2084 1249 2315 1298; x_wconf 83' lang='lat' dir='ltr'>servando,</span> <span class='ocrx_word' id='word_1_174' title='bbox 2349 1256 2389 1289; x_wconf 87' lang='lat' dir='ltr'>ct</span> 
     </span>
     <span class='ocr_line' id='line_1_17' title="bbox 296 1312 2386 1372; baseline 0.003 -19"><span class='ocrx_word' id='word_1_175' title='bbox 296 1312 409 1353; x_wconf 89' lang='lat' dir='ltr'>male</span> <span class='ocrx_word' id='word_1_176' title='bbox 442 1312 637 1363; x_wconf 86' lang='lat' dir='ltr'>fecimus,</span> <span class='ocrx_word' id='word_1_177' title='bbox 671 1327 767 1354; x_wconf 92' lang='lat' dir='ltr'>cum</span> <span class='ocrx_word' id='word_1_178' title='bbox 800 1312 912 1354; x_wconf 89' lang='lat' dir='ltr'>bene</span> <span class='ocrx_word' id='word_1_179' title='bbox 948 1313 1136 1353; x_wconf 88' lang='lat' dir='ltr'>sciamus</span> <span class='ocrx_word' id='word_1_180' title='bbox 1170 1318 1212 1354; x_wconf 93' lang='lat' dir='ltr'>et</span> <span class='ocrx_word' id='word_1_181' title='bbox 1245 1313 1470 1354; x_wconf 88' lang='lat' dir='ltr'>credamus</span> <span class='ocrx_word' id='word_1_182' title='bbox 1502 1313 1703 1355; x_wconf 87' lang='lat' dir='ltr'>fideliter.</span> <span class='ocrx_word' id='word_1_183' title='bbox 1738 1315 1849 1368; x_wconf 91' lang='lat' dir='ltr'>quod</span> <span class='ocrx_word' id='word_1_184' title='bbox 1882 1321 1970 1356; x_wconf 87' lang='lat' dir='ltr'>tam</span> <span class='ocrx_word' id='word_1_185' title='bbox 2004 1330 2134 1372; x_wconf 86' lang='lat' dir='ltr'>super</span> <span class='ocrx_word' id='word_1_186' title='bbox 2159 1332 2235 1357; x_wconf 87' lang='lat' dir='ltr'>nos</span> <span class='ocrx_word' id='word_1_187' title='bbox 2259 1332 2386 1372; x_wconf 89' lang='lat' dir='ltr'>quam</span> 
     </span>
     <span class='ocr_line' id='line_1_18' title="bbox 298 1382 2388 1438; baseline 0.003 -16"><span class='ocrx_word' id='word_1_188' title='bbox 298 1395 430 1437; x_wconf 90' lang='lat' dir='ltr'>super</span> <span class='ocrx_word' id='word_1_189' title='bbox 468 1396 619 1423; x_wconf 90' lang='lat' dir='ltr'>omnes</span> <span class='ocrx_word' id='word_1_190' title='bbox 665 1382 922 1423; x_wconf 87' lang='lat' dir='ltr'>christianos</span> <span class='ocrx_word' id='word_1_191' title='bbox 963 1396 1090 1435; x_wconf 81' lang='lat' dir='ltr'>reges</span> <span class='ocrx_word' id='word_1_192' title='bbox 1139 1388 1181 1423; x_wconf 89' lang='lat' dir='ltr'>et</span> <span class='ocrx_word' id='word_1_193' title='bbox 1228 1383 1468 1438; x_wconf 78' lang='lat' dir='ltr'>principes,</span> <span class='ocrx_word' id='word_1_194' title='bbox 1520 1383 1700 1424; x_wconf 89' lang='lat' dir='ltr'>clericos</span> <span class='ocrx_word' id='word_1_195' title='bbox 1749 1390 1790 1424; x_wconf 89' lang='lat' dir='ltr'>et</span> <span class='ocrx_word' id='word_1_196' title='bbox 1834 1385 1968 1426; x_wconf 89' lang='lat' dir='ltr'>laicos</span> <span class='ocrx_word' id='word_1_197' title='bbox 2022 1386 2153 1427; x_wconf 88' lang='lat' dir='ltr'>habet</span> <span class='ocrx_word' id='word_1_198' title='bbox 2197 1401 2388 1428; x_wconf 82' lang='lat' dir='ltr'>summus</span> 
     </span>
     <span class='ocr_line' id='line_1_19' title="bbox 296 1451 2387 1508; baseline 0.002 -16"><span class='ocrx_word' id='word_1_199' title='bbox 296 1451 511 1506; x_wconf 87' lang='lat' dir='ltr'>pontifex.</span> <span class='ocrx_word' id='word_1_200' title='bbox 556 1453 953 1507; x_wconf 85' lang='lat' dir='ltr'>quantuscumquet</span> <span class='ocrx_word' id='word_1_201' title='bbox 996 1457 1199 1506; x_wconf 88' lang='lat' dir='ltr'>peccator</span> <span class='ocrx_word' id='word_1_202' title='bbox 1241 1457 1283 1493; x_wconf 89' lang='lat' dir='ltr'>et</span> <span class='ocrx_word' id='word_1_203' title='bbox 1328 1453 1619 1508; x_wconf 87' lang='lat' dir='ltr'>prevaricator</span> <span class='ocrx_word' id='word_1_204' title='bbox 1666 1454 1849 1494; x_wconf 86' lang='lat' dir='ltr'>existat.</span> <span class='ocrx_word' id='word_1_205' title='bbox 1894 1455 2005 1508; x_wconf 93' lang='lat' dir='ltr'>quod</span> <span class='ocrx_word' id='word_1_206' title='bbox 2045 1455 2165 1496; x_wconf 88' lang='lat' dir='ltr'>Deus</span> <span class='ocrx_word' id='word_1_207' title='bbox 2207 1463 2387 1497; x_wconf 83' lang='lat' dir='ltr'>avertat.</span> 
     </span>
     <span class='ocr_line' id='line_1_20' title="bbox 297 1521 2384 1578; baseline 0.002 -17"><span class='ocrx_word' id='word_1_208' title='bbox 297 1521 339 1561; x_wconf 91' lang='lat' dir='ltr'>in</span> <span class='ocrx_word' id='word_1_209' title='bbox 374 1521 672 1576; x_wconf 90' lang='lat' dir='ltr'>spiritualibus</span> <span class='ocrx_word' id='word_1_210' title='bbox 715 1521 1029 1577; x_wconf 88' lang='lat' dir='ltr'>plenitudinem</span> <span class='ocrx_word' id='word_1_211' title='bbox 1072 1522 1315 1576; x_wconf 87' lang='lat' dir='ltr'>potestatis.</span> <span class='ocrx_word' id='word_1_212' title='bbox 1387 1521 1704 1563; x_wconf 87' lang='lat' dir='ltr'>Nichilominus</span> <span class='ocrx_word' id='word_1_213' title='bbox 1739 1527 1780 1563; x_wconf 90' lang='lat' dir='ltr'>et</span> <span class='ocrx_word' id='word_1_214' title='bbox 1813 1530 1917 1578; x_wconf 88' lang='lat' dir='ltr'>prou</span> <span class='ocrx_word' id='word_1_215' title='bbox 1952 1524 2033 1564; x_wconf 87' lang='lat' dir='ltr'>isto</span> <span class='ocrx_word' id='word_1_216' title='bbox 2067 1538 2250 1565; x_wconf 82' lang='lat' dir='ltr'>excessu</span> <span class='ocrx_word' id='word_1_217' title='bbox 2285 1526 2384 1565; x_wconf 79' lang='lat' dir='ltr'>sul)-</span> 
     </span>
     <span class='ocr_line' id='line_1_21' title="bbox 111 1589 2385 1648; baseline 0.002 -18"><span class='ocrx_word' id='word_1_218' title='bbox 111 1599 143 1624; x_wconf 81' lang='lat'>20</span> <span class='ocrx_word' id='word_1_219' title='bbox 297 1589 452 1630; x_wconf 90' lang='lat' dir='ltr'>sidium</span> <span class='ocrx_word' id='word_1_220' title='bbox 500 1590 708 1631; x_wconf 89' lang='lat' dir='ltr'>faciemus</span> <span class='ocrx_word' id='word_1_221' title='bbox 748 1591 788 1630; x_wconf 91' lang='lat' dir='ltr'>in</span> <span class='ocrx_word' id='word_1_222' title='bbox 832 1590 1037 1630; x_wconf 89' lang='lat' dir='ltr'>militibus</span> <span class='ocrx_word' id='word_1_223' title='bbox 1079 1591 1144 1630; x_wconf 81' lang='lat' dir='ltr'>vel</span> <span class='ocrx_word' id='word_1_224' title='bbox 1186 1591 1224 1630; x_wconf 92' lang='lat' dir='ltr'>in</span> <span class='ocrx_word' id='word_1_225' title='bbox 1266 1592 1472 1646; x_wconf 79' lang='lat' dir='ltr'>pecunia,</span> <span class='ocrx_word' id='word_1_226' title='bbox 1515 1590 1774 1646; x_wconf 90' lang='lat' dir='ltr'>ubicumque</span> <span class='ocrx_word' id='word_1_227' title='bbox 1816 1592 2012 1633; x_wconf 85' lang='lat' dir='ltr'>dominus</span> <span class='ocrx_word' id='word_1_228' title='bbox 2056 1607 2165 1648; x_wconf 88' lang='lat' dir='ltr'>papa</span> <span class='ocrx_word' id='word_1_229' title='bbox 2213 1595 2385 1635; x_wconf 88' lang='lat' dir='ltr'>utilitati</span> 
     </span>
     <span class='ocr_line' id='line_1_22' title="bbox 293 1658 2385 1715; baseline 0.003 -16"><span class='ocrx_word' id='word_1_230' title='bbox 293 1658 614 1700; x_wconf 85' lang='lat' dir='ltr'>christianitatis</span> <span class='ocrx_word' id='word_1_231' title='bbox 655 1663 1048 1714; x_wconf 86' lang='lat' dir='ltr'>quantumcumque</span> <span class='ocrx_word' id='word_1_232' title='bbox 1089 1664 1131 1699; x_wconf 90' lang='lat' dir='ltr'>et</span> <span class='ocrx_word' id='word_1_233' title='bbox 1173 1658 1298 1714; x_wconf 88' lang='lat' dir='ltr'>quale</span> <span class='ocrx_word' id='word_1_234' title='bbox 1340 1658 1493 1700; x_wconf 82' lang='lat' dir='ltr'>viderit</span> <span class='ocrx_word' id='word_1_235' title='bbox 1534 1660 1762 1715; x_wconf 81' lang='lat' dir='ltr'>expedire,</span> <span class='ocrx_word' id='word_1_236' title='bbox 1808 1662 1916 1703; x_wconf 88' lang='lat' dir='ltr'>alias</span> <span class='ocrx_word' id='word_1_237' title='bbox 1957 1664 2115 1704; x_wconf 87' lang='lat' dir='ltr'>ieiunia</span> <span class='ocrx_word' id='word_1_238' title='bbox 2155 1670 2224 1704; x_wconf 65' lang='lat' dir='ltr'>etv</span> <span class='ocrx_word' id='word_1_239' title='bbox 2266 1664 2385 1704; x_wconf 87' lang='lat' dir='ltr'>hele-</span> 
     </span>
     <span class='ocr_line' id='line_1_23' title="bbox 292 1727 2386 1788; baseline 0.002 -19"><span class='ocrx_word' id='word_1_240' title='bbox 292 1728 480 1769; x_wconf 85' lang='lat' dir='ltr'>mosinas</span> <span class='ocrx_word' id='word_1_241' title='bbox 522 1728 674 1769; x_wconf 90' lang='lat' dir='ltr'>facturi</span> <span class='ocrx_word' id='word_1_242' title='bbox 716 1729 839 1769; x_wconf 82' lang='lat' dir='ltr'>iuxta</span> <span class='ocrx_word' id='word_1_243' title='bbox 877 1727 1191 1769; x_wconf 87' lang='lat' dir='ltr'>ordinationem</span> <span class='ocrx_word' id='word_1_244' title='bbox 1235 1728 1394 1769; x_wconf 92' lang='lat' dir='ltr'>domini</span> <span class='ocrx_word' id='word_1_245' title='bbox 1438 1742 1567 1784; x_wconf 87' lang='lat' dir='ltr'>pape:</span> <span class='ocrx_word' id='word_1_246' title='bbox 1613 1735 1655 1770; x_wconf 88' lang='lat' dir='ltr'>et</span> <span class='ocrx_word' id='word_1_247' title='bbox 1695 1732 1959 1772; x_wconf 88' lang='lat' dir='ltr'>sentenciam</span> <span class='ocrx_word' id='word_1_248' title='bbox 1994 1733 2130 1787; x_wconf 87' lang='lat' dir='ltr'>ipsam</span> <span class='ocrx_word' id='word_1_249' title='bbox 2163 1747 2300 1788; x_wconf 89' lang='lat' dir='ltr'>usque</span> <span class='ocrx_word' id='word_1_250' title='bbox 2335 1733 2386 1774; x_wconf 91' lang='lat' dir='ltr'>ad</span> 
     </span>
     <span class='ocr_line' id='line_1_24' title="bbox 293 1797 2385 1857; baseline 0.002 -19"><span class='ocrx_word' id='word_1_251' title='bbox 293 1797 404 1838; x_wconf 88' lang='lat' dir='ltr'>diem</span> <span class='ocrx_word' id='word_1_252' title='bbox 449 1798 735 1840; x_wconf 88' lang='lat' dir='ltr'>absolucionis</span> <span class='ocrx_word' id='word_1_253' title='bbox 777 1798 994 1838; x_wconf 89' lang='lat' dir='ltr'>humiliter</span> <span class='ocrx_word' id='word_1_254' title='bbox 1032 1804 1073 1839; x_wconf 89' lang='lat' dir='ltr'>et</span> <span class='ocrx_word' id='word_1_255' title='bbox 1115 1797 1270 1838; x_wconf 88' lang='lat' dir='ltr'>devote</span> <span class='ocrx_word' id='word_1_256' title='bbox 1315 1797 1596 1840; x_wconf 80' lang='lat' dir='ltr'>servabimus,</span> <span class='ocrx_word' id='word_1_257' title='bbox 1708 1800 1796 1854; x_wconf 81' lang='grc' dir='ltr'><strong>(ΙΙΙ)</strong></span> <span class='ocrx_word' id='word_1_258' title='bbox 1833 1799 1974 1856; x_wconf 83' lang='lat' dir='ltr'>Super</span> <span class='ocrx_word' id='word_1_259' title='bbox 2007 1802 2212 1856; x_wconf 89' lang='lat' dir='ltr'>capcione</span> <span class='ocrx_word' id='word_1_260' title='bbox 2246 1803 2385 1857; x_wconf 88' lang='lat' dir='ltr'>prela-</span> 
     </span>
     <span class='ocr_line' id='line_1_25' title="bbox 291 1866 2385 1926; baseline 0.003 -19"><span class='ocrx_word' id='word_1_261' title='bbox 291 1871 451 1908; x_wconf 89' lang='lat' dir='ltr'>torum:</span> <span class='ocrx_word' id='word_1_262' title='bbox 495 1867 691 1922; x_wconf 88' lang='lat' dir='ltr'>inprimis</span> <span class='ocrx_word' id='word_1_263' title='bbox 733 1868 875 1907; x_wconf 88' lang='lat' dir='ltr'>omnia.</span> <span class='ocrx_word' id='word_1_264' title='bbox 918 1881 990 1917; x_wconf 89' lang='lat' dir='ltr'>ea,</span> <span class='ocrx_word' id='word_1_265' title='bbox 1034 1880 1116 1922; x_wconf 89' lang='lat' dir='ltr'>quc</span> <span class='ocrx_word' id='word_1_266' title='bbox 1160 1866 1213 1907; x_wconf 90' lang='lat' dir='ltr'>ad</span> <span class='ocrx_word' id='word_1_267' title='bbox 1255 1880 1331 1908; x_wconf 89' lang='lat' dir='ltr'>nos</span> <span class='ocrx_word' id='word_1_268' title='bbox 1364 1874 1656 1922; x_wconf 85' lang='lat' dir='ltr'>pervenerunt</span> <span class='ocrx_word' id='word_1_269' title='bbox 1696 1868 1748 1910; x_wconf 91' lang='lat' dir='ltr'>de</span> <span class='ocrx_word' id='word_1_270' title='bbox 1790 1869 1871 1910; x_wconf 89' lang='lat' dir='ltr'>hiis</span> <span class='ocrx_word' id='word_1_271' title='bbox 1919 1884 2002 1925; x_wconf 92' lang='lat' dir='ltr'>que</span> <span class='ocrx_word' id='word_1_272' title='bbox 2047 1876 2171 1926; x_wconf 87' lang='lat' dir='ltr'>capta</span> <span class='ocrx_word' id='word_1_273' title='bbox 2217 1877 2314 1912; x_wconf 84' lang='lat' dir='ltr'>sunt</span> <span class='ocrx_word' id='word_1_274' title='bbox 2346 1873 2385 1912; x_wconf 91' lang='lat' dir='ltr'>in</span> 
     </span>
     <span class='ocr_line' id='line_1_26' title="bbox 108 1936 2387 1992; baseline 0.003 -18"><span class='ocrx_word' id='word_1_275' title='bbox 108 1949 140 1974; x_wconf 75' lang='lat'>25</span> <span class='ocrx_word' id='word_1_276' title='bbox 292 1937 429 1991; x_wconf 86' lang='lat' dir='ltr'>galeis</span> <span class='ocrx_word' id='word_1_277' title='bbox 452 1937 521 1978; x_wconf 91' lang='lat' dir='ltr'>vel</span> <span class='ocrx_word' id='word_1_278' title='bbox 554 1936 666 1991; x_wconf 90' lang='lat' dir='ltr'>apud</span> <span class='ocrx_word' id='word_1_279' title='bbox 699 1940 903 1977; x_wconf 83' lang='lat' dir='ltr'>nostrosw</span> <span class='ocrx_word' id='word_1_280' title='bbox 935 1940 1137 1991; x_wconf 87' lang='lat' dir='ltr'>poterunt</span> <span class='ocrx_word' id='word_1_281' title='bbox 1166 1937 1368 1987; x_wconf 84' lang='lat' dir='ltr'>inveniri,</span> <span class='ocrx_word' id='word_1_282' title='bbox 1400 1937 1568 1992; x_wconf 85' lang='lat' dir='ltr'>integre</span> <span class='ocrx_word' id='word_1_283' title='bbox 1594 1939 1876 1980; x_wconf 86' lang='lat' dir='ltr'>restituemus</span> <span class='ocrx_word' id='word_1_284' title='bbox 1904 1945 1947 1980; x_wconf 90' lang='lat' dir='ltr'>et</span> <span class='ocrx_word' id='word_1_285' title='bbox 1971 1941 2140 1981; x_wconf 90' lang='lat' dir='ltr'>restitui</span> <span class='ocrx_word' id='word_1_286' title='bbox 2164 1940 2387 1982; x_wconf 86' lang='lat' dir='ltr'>faciemus.</span> 
     </span>
     <span class='ocr_line' id='line_1_27' title="bbox 295 2005 2386 2065; baseline 0.002 -19"><span class='ocrx_word' id='word_1_287' title='bbox 295 2005 361 2047; x_wconf 93' lang='lat' dir='ltr'>De</span> <span class='ocrx_word' id='word_1_288' title='bbox 393 2005 560 2060; x_wconf 90' lang='lat' dir='ltr'>reliquo</span> <span class='ocrx_word' id='word_1_289' title='bbox 586 2005 830 2047; x_wconf 85' lang='lat' dir='ltr'>volentibus</span> <span class='ocrx_word' id='word_1_290' title='bbox 864 2005 1051 2060; x_wconf 88' lang='lat' dir='ltr'>dampna</span> <span class='ocrx_word' id='word_1_291' title='bbox 1084 2006 1221 2060; x_wconf 85' lang='lat' dir='ltr'>passis</span> <span class='ocrx_word' id='word_1_292' title='bbox 1247 2006 1367 2046; x_wconf 80' lang='lat' dir='ltr'>iuxta</span> <span class='ocrx_word' id='word_1_293' title='bbox 1391 2005 1641 2047; x_wconf 86' lang='lat' dir='ltr'>mandatum</span> <span class='ocrx_word' id='word_1_294' title='bbox 1667 2007 1828 2048; x_wconf 90' lang='lat' dir='ltr'>domini</span> <span class='ocrx_word' id='word_1_295' title='bbox 1852 2022 1977 2064; x_wconf 90' lang='lat' dir='ltr'>pape.</span> <span class='ocrx_word' id='word_1_296' title='bbox 2012 2009 2064 2050; x_wconf 85' lang='lat' dir='ltr'>de</span> <span class='ocrx_word' id='word_1_297' title='bbox 2089 2010 2209 2050; x_wconf 90' lang='lat' dir='ltr'>cuius</span> <span class='ocrx_word' id='word_1_298' title='bbox 2234 2009 2386 2065; x_wconf 86' lang='lat' dir='ltr'>benig-</span> 
     </span>
     <span class='ocr_line' id='line_1_28' title="bbox 291 2074 2386 2124; baseline 0.001 -8"><span class='ocrx_word' id='word_1_299' title='bbox 291 2075 426 2116; x_wconf 90' lang='lat' dir='ltr'>nitate</span> <span class='ocrx_word' id='word_1_300' title='bbox 460 2074 727 2124; x_wconf 78' lang='lat' dir='ltr'>confidimus,</span> <span class='ocrx_word' id='word_1_301' title='bbox 763 2074 1098 2117; x_wconf 77' lang='lat' dir='ltr'>satisfaciemus,</span> <span class='ocrx_word' id='word_1_302' title='bbox 1162 2075 1388 2116; x_wconf 82' lang='lat' dir='ltr'>Facieinus</span> <span class='ocrx_word' id='word_1_303' title='bbox 1422 2081 1600 2116; x_wconf 70' lang='lat' dir='ltr'>autemX</span> <span class='ocrx_word' id='word_1_304' title='bbox 1634 2077 1675 2116; x_wconf 91' lang='lat' dir='ltr'>in</span> <span class='ocrx_word' id='word_1_305' title='bbox 1709 2077 2048 2118; x_wconf 86' lang='lat' dir='ltr'>satisfactionem</span> <span class='ocrx_word' id='word_1_306' title='bbox 2075 2078 2198 2119; x_wconf 88' lang='lat' dir='ltr'>huius</span> <span class='ocrx_word' id='word_1_307' title='bbox 2223 2079 2386 2120; x_wconf 84' lang='lat' dir='ltr'>offense</span> 
     </span>
     <span class='ocr_line' id='line_1_29' title="bbox 293 2143 2387 2202; baseline 0.001 -16"><span class='ocrx_word' id='word_1_308' title='bbox 293 2149 337 2186; x_wconf 89' lang='lat' dir='ltr'>et</span> <span class='ocrx_word' id='word_1_309' title='bbox 370 2144 423 2185; x_wconf 96' lang='lat' dir='ltr'>ob</span> <span class='ocrx_word' id='word_1_310' title='bbox 458 2144 663 2186; x_wconf 89' lang='lat' dir='ltr'>honorem</span> <span class='ocrx_word' id='word_1_311' title='bbox 697 2143 781 2185; x_wconf 89' lang='lat' dir='ltr'>Dei</span> <span class='ocrx_word' id='word_1_312' title='bbox 813 2143 1042 2199; x_wconf 88' lang='lat' dir='ltr'>hospitalia</span> <span class='ocrx_word' id='word_1_313' title='bbox 1078 2149 1120 2185; x_wconf 89' lang='lat' dir='ltr'>ct</span> <span class='ocrx_word' id='word_1_314' title='bbox 1154 2144 1365 2185; x_wconf 88' lang='lat' dir='ltr'>ecclesias</span> <span class='ocrx_word' id='word_1_315' title='bbox 1399 2143 1453 2184; x_wconf 90' lang='lat' dir='ltr'>ad</span> <span class='ocrx_word' id='word_1_316' title='bbox 1486 2144 1818 2200; x_wconf 84' lang='lat' dir='ltr'>disposicionem</span> <span class='ocrx_word' id='word_1_317' title='bbox 1853 2146 2013 2187; x_wconf 90' lang='lat' dir='ltr'>domini</span> <span class='ocrx_word' id='word_1_318' title='bbox 2049 2161 2174 2202; x_wconf 78' lang='lat' dir='ltr'>pape,</span> <span class='ocrx_word' id='word_1_319' title='bbox 2209 2152 2311 2202; x_wconf 89' lang='lat' dir='ltr'>quot</span> <span class='ocrx_word' id='word_1_320' title='bbox 2345 2155 2387 2189; x_wconf 89' lang='lat' dir='ltr'>et</span> 
     </span>
     <span class='ocr_line' id='line_1_30' title="bbox 294 2212 2385 2269; baseline 0.001 -14"><span class='ocrx_word' id='word_1_321' title='bbox 294 2214 366 2255; x_wconf 94' lang='lat' dir='ltr'>ubi</span> <span class='ocrx_word' id='word_1_322' title='bbox 400 2219 443 2256; x_wconf 91' lang='lat' dir='ltr'>et</span> <span class='ocrx_word' id='word_1_323' title='bbox 475 2215 586 2256; x_wconf 86' lang='lat' dir='ltr'>sicut</span> <span class='ocrx_word' id='word_1_324' title='bbox 617 2213 774 2256; x_wconf 86' lang='lat' dir='ltr'>viderit</span> <span class='ocrx_word' id='word_1_325' title='bbox 807 2213 1035 2269; x_wconf 84' lang='lat' dir='ltr'>expedire:</span> <span class='ocrx_word' id='word_1_326' title='bbox 1075 2219 1118 2254; x_wconf 89' lang='lat' dir='ltr'>et</span> <span class='ocrx_word' id='word_1_327' title='bbox 1151 2212 1347 2269; x_wconf 88' lang='lat' dir='ltr'>predicta</span> <span class='ocrx_word' id='word_1_328' title='bbox 1379 2214 1473 2254; x_wconf 86' lang='lat' dir='ltr'>loca</span> <span class='ocrx_word' id='word_1_329' title='bbox 1505 2213 1753 2256; x_wconf 87' lang='lat' dir='ltr'>dotabimus</span> <span class='ocrx_word' id='word_1_330' title='bbox 1787 2216 1898 2257; x_wconf 86' lang='lat' dir='ltr'>sicut</span> <span class='ocrx_word' id='word_1_331' title='bbox 1931 2216 2153 2257; x_wconf 88' lang='lat' dir='ltr'>mandabit</span> <span class='ocrx_word' id='word_1_332' title='bbox 2186 2216 2385 2258; x_wconf 87' lang='lat' dir='ltr'>dominus</span> 
     </span>
     <span class='ocr_line' id='line_1_31' title="bbox 109 2282 2387 2341; baseline 0.003 -21"><span class='ocrx_word' id='word_1_333' title='bbox 109 2294 142 2320; x_wconf 82' lang='lat'>30</span> <span class='ocrx_word' id='word_1_334' title='bbox 294 2298 420 2339; x_wconf 91' lang='lat' dir='ltr'>papa.</span> <span class='ocrx_word' id='word_1_335' title='bbox 511 2283 596 2339; x_wconf 86' lang='lat' dir='ltr'><strong>(IV)</strong></span> <span class='ocrx_word' id='word_1_336' title='bbox 631 2283 772 2339; x_wconf 84' lang='lat' dir='ltr'>Super</span> <span class='ocrx_word' id='word_1_337' title='bbox 803 2282 1008 2338; x_wconf 89' lang='lat' dir='ltr'>predictis</span> <span class='ocrx_word' id='word_1_338' title='bbox 1042 2288 1086 2323; x_wconf 90' lang='lat' dir='ltr'>et</span> <span class='ocrx_word' id='word_1_339' title='bbox 1119 2296 1250 2338; x_wconf 87' lang='lat' dir='ltr'>super</span> <span class='ocrx_word' id='word_1_340' title='bbox 1282 2282 1378 2324; x_wconf 90' lang='lat' dir='ltr'>aliis</span> <span class='ocrx_word' id='word_1_341' title='bbox 1413 2282 1611 2324; x_wconf 85' lang='lat' dir='ltr'>omnibus</span> <span class='ocrx_word' id='word_1_342' title='bbox 1647 2284 1861 2334; x_wconf 80' lang='lat' dir='ltr'>articulis,</span> <span class='ocrx_word' id='word_1_343' title='bbox 1896 2285 2082 2331; x_wconf 85' lang='lat' dir='ltr'>iniuriis.</span> <span class='ocrx_word' id='word_1_344' title='bbox 2116 2284 2311 2341; x_wconf 86' lang='lat' dir='ltr'>dampnis</span> <span class='ocrx_word' id='word_1_345' title='bbox 2345 2291 2387 2327; x_wconf 87' lang='lat' dir='ltr'>et</span> 
     </span>
     <span class='ocr_line' id='line_1_32' title="bbox 291 2352 2384 2409; baseline 0 -15"><span class='ocrx_word' id='word_1_346' title='bbox 291 2353 466 2394; x_wconf 84' lang='lat' dir='ltr'>offensis</span> <span class='ocrx_word' id='word_1_347' title='bbox 506 2358 606 2394; x_wconf 90' lang='lat' dir='ltr'>ante</span> <span class='ocrx_word' id='word_1_348' title='bbox 647 2358 690 2395; x_wconf 91' lang='lat' dir='ltr'>et</span> <span class='ocrx_word' id='word_1_349' title='bbox 730 2352 858 2408; x_wconf 85' lang='lat' dir='ltr'>post2</span> <span class='ocrx_word' id='word_1_350' title='bbox 903 2352 1101 2394; x_wconf 89' lang='lat' dir='ltr'>ecclesiis</span> <span class='ocrx_word' id='word_1_351' title='bbox 1144 2357 1186 2394; x_wconf 91' lang='lat' dir='ltr'>et</span> <span class='ocrx_word' id='word_1_352' title='bbox 1226 2352 1427 2408; x_wconf 89' lang='lat' dir='ltr'>personis</span> <span class='ocrx_word' id='word_1_353' title='bbox 1461 2352 1772 2394; x_wconf 88' lang='lat' dir='ltr'>ecclesiasticis</span> <span class='ocrx_word' id='word_1_354' title='bbox 1816 2354 1966 2399; x_wconf 74' lang='lat' dir='ltr'>illatis.</span> <span class='ocrx_word' id='word_1_355' title='bbox 2010 2367 2085 2409; x_wconf 91' lang='lat' dir='ltr'>pro</span> <span class='ocrx_word' id='word_1_356' title='bbox 2119 2355 2273 2409; x_wconf 89' lang='lat' dir='ltr'>quibus</span> <span class='ocrx_word' id='word_1_357' title='bbox 2309 2369 2384 2396; x_wconf 85' lang='lat' dir='ltr'>ex-</span> 
     </span>
     <span class='ocr_line' id='line_1_33' title="bbox 293 2421 2385 2478; baseline 0 -15"><span class='ocrx_word' id='word_1_358' title='bbox 293 2423 596 2464; x_wconf 89' lang='lat' dir='ltr'>communicati</span> <span class='ocrx_word' id='word_1_359' title='bbox 635 2436 803 2463; x_wconf 89' lang='lat' dir='ltr'>sumus.</span> <span class='ocrx_word' id='word_1_360' title='bbox 846 2421 1085 2463; x_wconf 88' lang='lat' dir='ltr'>iurabimus</span> <span class='ocrx_word' id='word_1_361' title='bbox 1126 2422 1296 2476; x_wconf 89' lang='lat' dir='ltr'>precise</span> <span class='ocrx_word' id='word_1_362' title='bbox 1340 2426 1456 2463; x_wconf 87' lang='lat' dir='ltr'>stare</span> <span class='ocrx_word' id='word_1_363' title='bbox 1494 2421 1711 2462; x_wconf 89' lang='lat' dir='ltr'>mandatis</span> <span class='ocrx_word' id='word_1_364' title='bbox 1754 2422 1913 2463; x_wconf 91' lang='lat' dir='ltr'>domini</span> <span class='ocrx_word' id='word_1_365' title='bbox 1957 2437 2066 2478; x_wconf 88' lang='lat' dir='ltr'>pape</span> <span class='ocrx_word' id='word_1_366' title='bbox 2107 2428 2149 2464; x_wconf 88' lang='lat' dir='ltr'>et</span> <span class='ocrx_word' id='word_1_367' title='bbox 2182 2424 2385 2464; x_wconf 90' lang='lat' dir='ltr'>ecclesie:</span> 
     </span>
     <span class='ocr_line' id='line_1_34' title="bbox 292 2491 2384 2547; baseline -0 -14"><span class='ocrx_word' id='word_1_368' title='bbox 292 2492 410 2533; x_wconf 79' lang='lat' dir='ltr'>salva</span> <span class='ocrx_word' id='word_1_369' title='bbox 453 2497 597 2533; x_wconf 87' lang='lat' dir='ltr'>tamen</span> <span class='ocrx_word' id='word_1_370' title='bbox 640 2492 724 2533; x_wconf 89' lang='lat' dir='ltr'>sint</span> <span class='ocrx_word' id='word_1_371' title='bbox 767 2492 890 2532; x_wconf 89' lang='lat' dir='ltr'>nobis</span> <span class='ocrx_word' id='word_1_372' title='bbox 934 2491 1120 2532; x_wconf 85' lang='lat' dir='ltr'>honores</span> <span class='ocrx_word' id='word_1_373' title='bbox 1164 2497 1206 2531; x_wconf 90' lang='lat' dir='ltr'>et</span> <span class='ocrx_word' id='word_1_374' title='bbox 1246 2492 1340 2532; x_wconf 86' lang='lat' dir='ltr'>iura</span> <span class='ocrx_word' id='word_1_375' title='bbox 1373 2495 1520 2532; x_wconf 90' lang='lat' dir='ltr'>nostra</span> <span class='ocrx_word' id='word_1_376' title='bbox 1552 2491 1693 2546; x_wconf 90' lang='lat' dir='ltr'>quoad</span> <span class='ocrx_word' id='word_1_377' title='bbox 1727 2492 2105 2533; x_wconf 89' lang='lat' dir='ltr'>conservacionem</span> <span class='ocrx_word' id='word_1_378' title='bbox 2139 2492 2384 2547; x_wconf 79' lang='lat' dir='ltr'>integram³</span> 
     </span>
     <span class='ocr_line' id='line_1_35' title="bbox 293 2559 2381 2617; baseline 0 -16"><span class='ocrx_word' id='word_1_379' title='bbox 293 2561 462 2617; x_wconf 88' lang='lat' dir='ltr'>imperii</span> <span class='ocrx_word' id='word_1_380' title='bbox 495 2565 538 2602; x_wconf 90' lang='lat' dir='ltr'>et</span> <span class='ocrx_word' id='word_1_381' title='bbox 568 2574 798 2616; x_wconf 88' lang='lat' dir='ltr'>regnorum</span> <span class='ocrx_word' id='word_1_382' title='bbox 831 2563 1093 2602; x_wconf 89' lang='lat' dir='ltr'>nostrorum.</span> <span class='ocrx_word' id='word_1_383' title='bbox 1185 2560 1255 2615; x_wconf 77' lang='lat' dir='ltr'>(V)</span> <span class='ocrx_word' id='word_1_384' title='bbox 1289 2559 1346 2601; x_wconf 81' lang='lat' dir='ltr'>Et</span> <span class='ocrx_word' id='word_1_385' title='bbox 1376 2560 1479 2601; x_wconf 88' lang='lat' dir='ltr'>licet</span> <span class='ocrx_word' id='word_1_386' title='bbox 1511 2574 1587 2615; x_wconf 89' lang='lat' dir='ltr'>pro</span> <span class='ocrx_word' id='word_1_387' title='bbox 1621 2560 1828 2616; x_wconf 91' lang='lat' dir='ltr'>predictis</span> <span class='ocrx_word' id='word_1_388' title='bbox 1851 2560 2027 2602; x_wconf 83' lang='lat' dir='ltr'>offensis</span> <span class='ocrx_word' id='word_1_389' title='bbox 2061 2562 2166 2602; x_wconf 89' lang='lat' dir='ltr'>satis</span> <span class='ocrx_word' id='word_1_390' title='bbox 2190 2561 2381 2602; x_wconf 89' lang='lat' dir='ltr'>oblatum</span> 
     </span>
     <span class='ocr_line' id='line_1_36' title="bbox 109 2628 2380 2685; baseline -0 -14"><span class='ocrx_word' id='word_1_391' title='bbox 109 2640 141 2666; x_wconf 79' lang='grc'>35</span> <span class='ocrx_word' id='word_1_392' title='bbox 294 2643 392 2671; x_wconf 89' lang='lat' dir='ltr'>esse</span> <span class='ocrx_word' id='word_1_393' title='bbox 432 2629 699 2681; x_wconf 63' lang='lat' dir='ltr'>credamusy,</span> <span class='ocrx_word' id='word_1_394' title='bbox 742 2629 1046 2671; x_wconf 90' lang='lat' dir='ltr'>nichilominus</span> <span class='ocrx_word' id='word_1_395' title='bbox 1086 2633 1234 2671; x_wconf 88' lang='lat' dir='ltr'>tamen</span> <span class='ocrx_word' id='word_1_396' title='bbox 1277 2628 1330 2670; x_wconf 89' lang='lat' dir='ltr'>ad</span> <span class='ocrx_word' id='word_1_397' title='bbox 1371 2629 1611 2685; x_wconf 90' lang='lat' dir='ltr'>pleniorem</span> <span class='ocrx_word' id='word_1_398' title='bbox 1653 2629 1994 2672; x_wconf 87' lang='lat' dir='ltr'>satisfactionem</span> <span class='ocrx_word' id='word_1_399' title='bbox 2028 2636 2070 2672; x_wconf 89' lang='lat' dir='ltr'>et</span> <span class='ocrx_word' id='word_1_400' title='bbox 2103 2631 2380 2672; x_wconf 87' lang='lat' dir='ltr'>securitatem</span> 
     </span>
     <span class='ocr_line' id='line_1_37' title="bbox 290 2698 2380 2755; baseline 0 -15"><span class='ocrx_word' id='word_1_401' title='bbox 290 2702 378 2740; x_wconf 87' lang='lat' dir='ltr'>tam</span> <span class='ocrx_word' id='word_1_402' title='bbox 410 2699 744 2754; x_wconf 89' lang='lat' dir='ltr'>precedencium</span> <span class='ocrx_word' id='word_1_403' title='bbox 777 2713 904 2755; x_wconf 86' lang='lat' dir='ltr'>quarn</span> <span class='ocrx_word' id='word_1_404' title='bbox 938 2699 1221 2754; x_wconf 89' lang='lat' dir='ltr'>sequencium</span> <span class='ocrx_word' id='word_1_405' title='bbox 1255 2698 1543 2754; x_wconf 88' lang='lat' dir='ltr'>capitulorum</span> <span class='ocrx_word' id='word_1_406' title='bbox 1574 2703 1617 2740; x_wconf 93' lang='lat' dir='ltr'>et</span> <span class='ocrx_word' id='word_1_407' title='bbox 1648 2698 1702 2740; x_wconf 92' lang='lat' dir='ltr'>ad</span> <span class='ocrx_word' id='word_1_408' title='bbox 1740 2699 1905 2740; x_wconf 89' lang='lat' dir='ltr'>maiora</span> <span class='ocrx_word' id='word_1_409' title='bbox 1937 2699 2188 2741; x_wconf 90' lang='lat' dir='ltr'>devocionis</span> <span class='ocrx_word' id='word_1_410' title='bbox 2221 2699 2380 2740; x_wconf 91' lang='lat' dir='ltr'>indicia</span> 
     </span>
     <span class='ocr_line' id='line_1_38' title="bbox 290 2767 2374 2818; baseline -0 -9"><span class='ocrx_word' id='word_1_411' title='bbox 290 2767 627 2810; x_wconf 88' lang='lat' dir='ltr'>demonstranda</span> <span class='ocrx_word' id='word_1_412' title='bbox 650 2773 764 2810; x_wconf 89' lang='lat' dir='ltr'>stare</span> <span class='ocrx_word' id='word_1_413' title='bbox 788 2769 1015 2809; x_wconf 79' lang='lat' dir='ltr'>volumusz</span> <span class='ocrx_word' id='word_1_414' title='bbox 1039 2768 1218 2809; x_wconf 90' lang='lat' dir='ltr'>consilio</span> <span class='ocrx_word' id='word_1_415' title='bbox 1243 2771 1286 2808; x_wconf 91' lang='lat' dir='ltr'>et</span> <span class='ocrx_word' id='word_1_416' title='bbox 1311 2767 1574 2809; x_wconf 88' lang='lat' dir='ltr'>ordinacioni</span> <span class='ocrx_word' id='word_1_417' title='bbox 1597 2772 1897 2818; x_wconf 85' lang='lat' dir='ltr'>tractatorum,</span> <span class='ocrx_word' id='word_1_418' title='bbox 1922 2768 2088 2809; x_wconf 89' lang='lat' dir='ltr'>scilicet</span> <span class='ocrx_word' id='word_1_419' title='bbox 2108 2767 2374 2808; x_wconf 92' lang='lat' dir='ltr'>dominorum</span> 
     </span>
     <span class='ocr_line' id='line_1_39' title="bbox 292 2836 2380 2893; baseline 0 -15"><span class='ocrx_word' id='word_1_420' title='bbox 292 2836 544 2879; x_wconf 89' lang='lat' dir='ltr'>Hostiensis</span> <span class='ocrx_word' id='word_1_421' title='bbox 568 2838 776 2893; x_wconf 82' lang='lat' dir='ltr'>episcopi,</span> <span class='ocrx_word' id='word_1_422' title='bbox 811 2837 1035 2893; x_wconf 78' lang='lat' dir='ltr'>Stephani,</span> <span class='ocrx_word' id='word_1_423' title='bbox 1070 2836 1216 2892; x_wconf 87' lang='lat' dir='ltr'>Egidii</span> <span class='ocrx_word' id='word_1_424' title='bbox 1240 2841 1283 2878; x_wconf 88' lang='lat' dir='ltr'>et</span> <span class='ocrx_word' id='word_1_425' title='bbox 1306 2836 1479 2879; x_wconf 90' lang='lat' dir='ltr'>Ottonis</span> <span class='ocrx_word' id='word_1_426' title='bbox 1504 2837 1798 2879; x_wconf 85' lang='lat' dir='ltr'>cardinalium.</span> <span class='ocrx_word' id='word_1_427' title='bbox 1854 2838 1951 2889; x_wconf 82' lang='lat' dir='ltr'>Qui,</span> <span class='ocrx_word' id='word_1_428' title='bbox 1983 2842 2170 2893; x_wconf 82' lang='lat' dir='ltr'>excepta</span> <span class='ocrx_word' id='word_1_429' title='bbox 2191 2851 2380 2892; x_wconf 86' lang='lat' dir='ltr'>persona</span> 
     </span>
     <span class='ocr_line' id='line_1_40' title="bbox 290 2905 2380 2962; baseline 0 -16"><span class='ocrx_word' id='word_1_430' title='bbox 290 2910 451 2957; x_wconf 85' lang='lat' dir='ltr'>nostra,</span> <span class='ocrx_word' id='word_1_431' title='bbox 485 2905 747 2962; x_wconf 88' lang='lat' dir='ltr'>supplebunt</span> <span class='ocrx_word' id='word_1_432' title='bbox 778 2907 819 2947; x_wconf 90' lang='lat' dir='ltr'>in</span> <span class='ocrx_word' id='word_1_433' title='bbox 854 2906 1149 2947; x_wconf 86' lang='lat' dir='ltr'>satisfactione</span> <span class='ocrx_word' id='word_1_434' title='bbox 1184 2910 1226 2947; x_wconf 89' lang='lat' dir='ltr'>et</span> <span class='ocrx_word' id='word_1_435' title='bbox 1259 2906 1493 2947; x_wconf 89' lang='lat' dir='ltr'>securitate</span> <span class='ocrx_word' id='word_1_436' title='bbox 1518 2906 1631 2961; x_wconf 92' lang='lat' dir='ltr'>quod</span> <span class='ocrx_word' id='word_1_437' title='bbox 1655 2906 1839 2948; x_wconf 91' lang='lat' dir='ltr'>viderint</span> <span class='ocrx_word' id='word_1_438' title='bbox 1863 2920 1959 2947; x_wconf 88' lang='lat' dir='ltr'>esse</span> <span class='ocrx_word' id='word_1_439' title='bbox 1987 2906 2290 2962; x_wconf 89' lang='lat' dir='ltr'>supplendum,</span> <span class='ocrx_word' id='word_1_440' title='bbox 2323 2907 2380 2946; x_wconf 90' lang='lat' dir='ltr'>ita</span> 
     </span>
     <span class='ocr_line' id='line_1_41' title="bbox 108 2975 2380 3031; baseline -0.001 -14"><span class='ocrx_word' id='word_1_441' title='bbox 108 2991 141 3016; x_wconf 79' lang='lat'>40</span> <span class='ocrx_word' id='word_1_442' title='bbox 291 2980 436 3017; x_wconf 89' lang='lat' dir='ltr'>tamen</span> <span class='ocrx_word' id='word_1_443' title='bbox 468 2975 583 3031; x_wconf 91' lang='lat' dir='ltr'>quod</span> <span class='ocrx_word' id='word_1_444' title='bbox 615 2975 744 3016; x_wconf 90' lang='lat' dir='ltr'>nichil</span> <span class='ocrx_word' id='word_1_445' title='bbox 778 2975 943 3016; x_wconf 89' lang='lat' dir='ltr'>faciant</span> <span class='ocrx_word' id='word_1_446' title='bbox 975 2975 1066 3016; x_wconf 89' lang='lat' dir='ltr'>sine</span> <span class='ocrx_word' id='word_1_447' title='bbox 1091 2975 1271 3016; x_wconf 93' lang='lat' dir='ltr'>consilio</span> <span class='ocrx_word' id='word_1_448' title='bbox 1306 2979 1349 3016; x_wconf 92' lang='lat' dir='ltr'>et</span> <span class='ocrx_word' id='word_1_449' title='bbox 1371 2975 1575 3016; x_wconf 89' lang='lat' dir='ltr'>mandato</span> <span class='ocrx_word' id='word_1_450' title='bbox 1599 2975 1758 3016; x_wconf 91' lang='lat' dir='ltr'>domini</span> <span class='ocrx_word' id='word_1_451' title='bbox 1780 2989 1913 3030; x_wconf 89' lang='lat' dir='ltr'>pape;</span> <span class='ocrx_word' id='word_1_452' title='bbox 1948 2980 1990 3016; x_wconf 88' lang='lat' dir='ltr'>et</span> <span class='ocrx_word' id='word_1_453' title='bbox 2018 2975 2223 3030; x_wconf 87' lang='lat' dir='ltr'>predictis</span> <span class='ocrx_word' id='word_1_454' title='bbox 2248 2975 2380 3015; x_wconf 87' lang='lat' dir='ltr'>salvis</span> 
     </span>
     <span class='ocr_line' id='line_1_42' title="bbox 291 3043 2378 3099; baseline -0.001 -13"><span class='ocrx_word' id='word_1_455' title='bbox 291 3045 345 3087; x_wconf 89' lang='lat' dir='ltr'>de</span> <span class='ocrx_word' id='word_1_456' title='bbox 379 3045 676 3087; x_wconf 86' lang='lat' dir='ltr'>satisfactione</span> <span class='ocrx_word' id='word_1_457' title='bbox 710 3048 754 3086; x_wconf 90' lang='lat' dir='ltr'>et</span> <span class='ocrx_word' id='word_1_458' title='bbox 786 3045 1032 3095; x_wconf 78' lang='lat' dir='ltr'>securitate,</span> <span class='ocrx_word' id='word_1_459' title='bbox 1065 3044 1245 3099; x_wconf 91' lang='lat' dir='ltr'>predicti</span> <span class='ocrx_word' id='word_1_460' title='bbox 1278 3048 1534 3086; x_wconf 87' lang='lat' dir='ltr'>tractatores</span> <span class='ocrx_word' id='word_1_461' title='bbox 1566 3045 1752 3086; x_wconf 80' lang='lat' dir='ltr'>facient²¹</span> <span class='ocrx_word' id='word_1_462' title='bbox 1787 3043 1898 3099; x_wconf 89' lang='lat' dir='ltr'>quod</span> <span class='ocrx_word' id='word_1_463' title='bbox 1923 3044 1975 3085; x_wconf 91' lang='lat' dir='ltr'>de</span> <span class='ocrx_word' id='word_1_464' title='bbox 2000 3044 2176 3085; x_wconf 90' lang='lat' dir='ltr'>consilio</span> <span class='ocrx_word' id='word_1_465' title='bbox 2201 3044 2378 3084; x_wconf 86' lang='lat' dir='ltr'>fratrum</span> 
     </span>
     <span class='ocr_line' id='line_1_43' title="bbox 293 3112 2380 3170; baseline -0.002 -14"><span class='ocrx_word' id='word_1_466' title='bbox 293 3114 490 3156; x_wconf 89' lang='lat' dir='ltr'>dominus</span> <span class='ocrx_word' id='word_1_467' title='bbox 522 3129 639 3170; x_wconf 91' lang='lat' dir='ltr'>papa</span> <span class='ocrx_word' id='word_1_468' title='bbox 671 3114 914 3155; x_wconf 88' lang='lat' dir='ltr'>decreverit</span> <span class='ocrx_word' id='word_1_469' title='bbox 944 3113 1203 3154; x_wconf 87' lang='lat' dir='ltr'>faciendum.</span> <span class='ocrx_word' id='word_1_470' title='bbox 1297 3112 1387 3167; x_wconf 79' lang='lat' dir='ltr'>(VI)</span> <span class='ocrx_word' id='word_1_471' title='bbox 1421 3113 1562 3169; x_wconf 88' lang='lat' dir='ltr'>Super</span> <span class='ocrx_word' id='word_1_472' title='bbox 1594 3112 1907 3154; x_wconf 88' lang='lat' dir='ltr'>adherentibus</span> <span class='ocrx_word' id='word_1_473' title='bbox 1941 3117 2085 3153; x_wconf 90' lang='lat' dir='ltr'>autem</span> <span class='ocrx_word' id='word_1_474' title='bbox 2110 3113 2297 3153; x_wconf 89' lang='lat' dir='ltr'>ecclesie</span> <span class='ocrx_word' id='word_1_475' title='bbox 2320 3113 2380 3152; x_wconf 90' lang='lat' dir='ltr'>ita</span> 
     </span>
     <span class='ocr_line' id='line_1_44' title="bbox 293 3180 2377 3239; baseline -0.002 -14"><span class='ocrx_word' id='word_1_476' title='bbox 293 3183 496 3225; x_wconf 89' lang='lat' dir='ltr'>dicimus:</span> <span class='ocrx_word' id='word_1_477' title='bbox 530 3183 643 3239; x_wconf 90' lang='lat' dir='ltr'>quod</span> <span class='ocrx_word' id='word_1_478' title='bbox 676 3183 874 3224; x_wconf 90' lang='lat' dir='ltr'>omnibus</span> <span class='ocrx_word' id='word_1_479' title='bbox 907 3183 989 3223; x_wconf 90' lang='lat' dir='ltr'>hiis</span> <span class='ocrx_word' id='word_1_480' title='bbox 1023 3183 1093 3237; x_wconf 89' lang='lat' dir='ltr'>qui</span> <span class='ocrx_word' id='word_1_481' title='bbox 1126 3187 1226 3238; x_wconf 89' lang='lat' dir='ltr'>post</span> <span class='ocrx_word' id='word_1_482' title='bbox 1258 3186 1395 3223; x_wconf 87' lang='lat' dir='ltr'>ortam</span> <span class='ocrx_word' id='word_1_483' title='bbox 1421 3181 1681 3223; x_wconf 87' lang='lat' dir='ltr'>discordiam</span> <span class='ocrx_word' id='word_1_484' title='bbox 1715 3182 1898 3223; x_wconf 87' lang='lat' dir='ltr'>ecclesie</span> <span class='ocrx_word' id='word_1_485' title='bbox 1931 3181 2209 3228; x_wconf 82' lang='lat' dir='ltr'>adheserunt,</span> <span class='ocrx_word' id='word_1_486' title='bbox 2242 3180 2377 3221; x_wconf 89' lang='lat' dir='ltr'>unde-</span> 
     </span>
     <span class='ocr_line' id='line_1_45' title="bbox 292 3249 2377 3308; baseline -0.002 -14"><span class='ocrx_word' id='word_1_487' title='bbox 292 3267 460 3308; x_wconf 90' lang='lat' dir='ltr'>cunque</span> <span class='ocrx_word' id='word_1_488' title='bbox 501 3253 606 3304; x_wconf 87' lang='lat' dir='ltr'>sint,</span> <span class='ocrx_word' id='word_1_489' title='bbox 649 3267 705 3294; x_wconf 83' lang='lat' dir='ltr'>ex</span> <span class='ocrx_word' id='word_1_490' title='bbox 746 3266 858 3293; x_wconf 87' lang='lat' dir='ltr'>nunc</span> <span class='ocrx_word' id='word_1_491' title='bbox 900 3252 1027 3307; x_wconf 92' lang='lat' dir='ltr'>plene</span> <span class='ocrx_word' id='word_1_492' title='bbox 1061 3251 1198 3292; x_wconf 87' lang='lat' dir='ltr'>omnis</span> <span class='ocrx_word' id='word_1_493' title='bbox 1231 3251 1478 3292; x_wconf 89' lang='lat' dir='ltr'>remittetur</span> <span class='ocrx_word' id='word_1_494' title='bbox 1510 3251 1678 3291; x_wconf 86' lang='lat' dir='ltr'>offensa</span> <span class='ocrx_word' id='word_1_495' title='bbox 1708 3255 1795 3291; x_wconf 89' lang='lat' dir='ltr'>tam</span> <span class='ocrx_word' id='word_1_496' title='bbox 1829 3255 1927 3291; x_wconf 87' lang='lat' dir='ltr'>ante</span> <span class='ocrx_word' id='word_1_497' title='bbox 1959 3249 2218 3291; x_wconf 89' lang='lat' dir='ltr'>discordiam</span> <span class='ocrx_word' id='word_1_498' title='bbox 2251 3263 2377 3305; x_wconf 89' lang='lat' dir='ltr'>quam</span> 
     </span>
     <span class='ocr_line' id='line_1_46' title="bbox 110 3318 2378 3378; baseline -0.002 -15"><span class='ocrx_word' id='word_1_499' title='bbox 110 3336 142 3362; x_wconf 78' lang='lat'>45</span> <span class='ocrx_word' id='word_1_500' title='bbox 291 3326 390 3378; x_wconf 84' lang='lat' dir='ltr'>post</span> <span class='ocrx_word' id='word_1_501' title='bbox 421 3321 703 3363; x_wconf 80' lang='lat' dir='ltr'>discordiamb</span> <span class='ocrx_word' id='word_1_502' title='bbox 736 3322 826 3362; x_wconf 85' lang='lat' dir='ltr'>sive</span> <span class='ocrx_word' id='word_1_503' title='bbox 859 3322 1085 3362; x_wconf 90' lang='lat' dir='ltr'>occasione</span> <span class='ocrx_word' id='word_1_504' title='bbox 1119 3319 1300 3361; x_wconf 91' lang='lat' dir='ltr'>ecclesie</span> <span class='ocrx_word' id='word_1_505' title='bbox 1343 3320 1432 3361; x_wconf 88' lang='lat' dir='ltr'>sive</span> <span class='ocrx_word' id='word_1_506' title='bbox 1474 3319 1560 3360; x_wconf 90' lang='lat' dir='ltr'>alia</span> <span class='ocrx_word' id='word_1_507' title='bbox 1597 3320 1837 3361; x_wconf 90' lang='lat' dir='ltr'>commissa.</span> <span class='ocrx_word' id='word_1_508' title='bbox 1899 3318 1956 3358; x_wconf 90' lang='lat' dir='ltr'>Et</span> <span class='ocrx_word' id='word_1_509' title='bbox 1987 3319 2131 3359; x_wconf 89' lang='lat' dir='ltr'>omnia</span> <span class='ocrx_word' id='word_1_510' title='bbox 2162 3318 2304 3359; x_wconf 89' lang='lat' dir='ltr'>banna</span> <span class='ocrx_word' id='word_1_511' title='bbox 2336 3323 2378 3359; x_wconf 91' lang='lat' dir='ltr'>et</span> 
     </span>
    </p>
   </div>
   <div class='ocr_carea' id='block_1_4' title="bbox 312 3421 2375 3467">
    <p class='ocr_par' dir='ltr' id='par_1_5' title="bbox 312 3421 2375 3467">
     <span class='ocr_line' id='line_1_47' title="bbox 312 3421 2375 3467; baseline -0.003 -8"><span class='ocrx_word' id='word_1_512' title='bbox 312 3423 399 3459; x_wconf 78' lang='lat'>252.</span> <span class='ocrx_word' id='word_1_513' title='bbox 431 3425 460 3467; x_wconf 82' lang='lat' dir='ltr'>r)</span> <span class='ocrx_word' id='word_1_514' title='bbox 486 3426 522 3458; x_wconf 78' lang='lat' dir='ltr'>in</span> <span class='ocrx_word' id='word_1_515' title='bbox 545 3437 675 3458; x_wconf 74' lang='lat' dir='ltr'>rasura</span> <span class='ocrx_word' id='word_1_516' title='bbox 699 3437 805 3458; x_wconf 79' lang='lat' dir='ltr'>manu</span> <span class='ocrx_word' id='word_1_517' title='bbox 829 3425 947 3458; x_wconf 82' lang='lat' dir='ltr'>eadem</span> <span class='ocrx_word' id='word_1_518' title='bbox 974 3424 1012 3465; x_wconf 84' lang='lat'>13</span> <span class='ocrx_word' id='word_1_519' title='bbox 1039 3425 1103 3457; x_wconf 90' lang='lat' dir='ltr'>sibi</span> <span class='ocrx_word' id='word_1_520' title='bbox 1120 3423 1150 3456; x_wconf 91' lang='lat'>3.</span> <span class='ocrx_word' id='word_1_521' title='bbox 1259 3424 1285 3464; x_wconf 75' lang='lat'>³)</span> <span class='ocrx_word' id='word_1_522' title='bbox 1313 3435 1400 3456; x_wconf 81' lang='lat' dir='ltr'>corr.</span> <span class='ocrx_word' id='word_1_523' title='bbox 1428 3434 1468 3456; x_wconf 71' lang='lat' dir='ltr'>ex</span> <span class='ocrx_word' id='word_1_524' title='bbox 1493 3423 1661 3466; x_wconf 86' lang='lat' dir='ltr'>predictos</span> <span class='ocrx_word' id='word_1_525' title='bbox 1686 3423 1865 3465; x_wconf 85' lang='lat' dir='ltr'>magistros</span> <span class='ocrx_word' id='word_1_526' title='bbox 1894 3421 1922 3454; x_wconf 94' lang='grc'>1.</span> <span class='ocrx_word' id='word_1_527' title='bbox 2017 3422 2043 3463; x_wconf 76' lang='lat' dir='ltr'>t)</span> <span class='ocrx_word' id='word_1_528' title='bbox 2068 3421 2123 3464; x_wconf 73' lang='lat' dir='ltr'>Eq’</span> <span class='ocrx_word' id='word_1_529' title='bbox 2149 3433 2320 3464; x_wconf 67' lang='lat' dir='ltr'>suprascr.</span> <span class='ocrx_word' id='word_1_530' title='bbox 2343 3422 2375 3461; x_wconf 85' lang='lat'>1;</span> 
     </span>
    </p>
   </div>
   <div class='ocr_carea' id='block_1_5' title="bbox 175 3479 2374 3526">
    <p class='ocr_par' dir='ltr' id='par_1_6' title="bbox 175 3479 2374 3526">
     <span class='ocr_line' id='line_1_48' title="bbox 175 3479 2374 3526; baseline -0.002 -10"><span class='ocrx_word' id='word_1_531' title='bbox 175 3488 494 3525; x_wconf 81' lang='lat' dir='ltr'>quantumcumque</span> <span class='ocrx_word' id='word_1_532' title='bbox 518 3482 550 3516; x_wconf 88' lang='grc'>3.</span> <span class='ocrx_word' id='word_1_533' title='bbox 691 3483 727 3525; x_wconf 80' lang='lat'>¹¹)</span> <span class='ocrx_word' id='word_1_534' title='bbox 756 3495 825 3526; x_wconf 81' lang='lat' dir='ltr'>pro</span> <span class='ocrx_word' id='word_1_535' title='bbox 851 3490 883 3517; x_wconf 88' lang='lat' dir='ltr'>et</span> <span class='ocrx_word' id='word_1_536' title='bbox 907 3495 967 3526; x_wconf 88' lang='lat' dir='ltr'>pro</span> <span class='ocrx_word' id='word_1_537' title='bbox 994 3481 1030 3515; x_wconf 86' lang='lat'>3:</span> <span class='ocrx_word' id='word_1_538' title='bbox 1062 3494 1174 3526; x_wconf 89' lang='lat' dir='ltr'>super.</span> <span class='ocrx_word' id='word_1_539' title='bbox 1315 3482 1348 3522; x_wconf 76' lang='lat' dir='ltr'>v)</span> <span class='ocrx_word' id='word_1_540' title='bbox 1375 3482 1465 3514; x_wconf 72' lang='lat' dir='ltr'>deest</span> <span class='ocrx_word' id='word_1_541' title='bbox 1491 3481 1520 3515; x_wconf 92' lang='grc'>1.</span> <span class='ocrx_word' id='word_1_542' title='bbox 1662 3481 1701 3521; x_wconf 80' lang='lat' dir='ltr'>w)</span> <span class='ocrx_word' id='word_1_543' title='bbox 1728 3493 1790 3513; x_wconf 80' lang='lat' dir='ltr'>nos</span> <span class='ocrx_word' id='word_1_544' title='bbox 1815 3480 1846 3513; x_wconf 87' lang='lat'>3.</span> <span class='ocrx_word' id='word_1_545' title='bbox 1990 3484 2023 3521; x_wconf 74' lang='lat' dir='ltr'>x)</span> <span class='ocrx_word' id='word_1_546' title='bbox 2049 3479 2126 3513; x_wconf 56' lang='lat' dir='ltr'>aut?</span> <span class='ocrx_word' id='word_1_547' title='bbox 2144 3480 2182 3519; x_wconf 85' lang='lat'>1;</span> <span class='ocrx_word' id='word_1_548' title='bbox 2219 3481 2318 3512; x_wconf 82' lang='lat' dir='ltr'>etiam</span> <span class='ocrx_word' id='word_1_549' title='bbox 2345 3480 2374 3512; x_wconf 83' lang='lat'>3.</span> 
     </span>
    </p>
   </div>
   <div class='ocr_carea' id='block_1_6' title="bbox 174 3538 1594 3582">
    <p class='ocr_par' dir='ltr' id='par_1_7' title="bbox 174 3538 1594 3582">
     <span class='ocr_line' id='line_1_49' title="bbox 174 3538 1594 3582; baseline -0.003 -8"><span class='ocrx_word' id='word_1_550' title='bbox 174 3539 208 3582; x_wconf 72' lang='lat' dir='ltr'>Y)</span> <span class='ocrx_word' id='word_1_551' title='bbox 233 3541 452 3574; x_wconf 83' lang='lat' dir='ltr'>credebamus</span> <span class='ocrx_word' id='word_1_552' title='bbox 475 3539 508 3574; x_wconf 87' lang='grc'>3.</span> <span class='ocrx_word' id='word_1_553' title='bbox 627 3540 657 3581; x_wconf 73' lang='lat' dir='ltr'>z)</span> <span class='ocrx_word' id='word_1_554' title='bbox 684 3541 855 3574; x_wconf 86' lang='lat' dir='ltr'>voluimus</span> <span class='ocrx_word' id='word_1_555' title='bbox 882 3541 911 3573; x_wconf 94' lang='lat'>1.</span> <span class='ocrx_word' id='word_1_556' title='bbox 1031 3541 1062 3580; x_wconf 69' lang='lat'>³)</span> <span class='ocrx_word' id='word_1_557' title='bbox 1089 3541 1218 3572; x_wconf 81' lang='lat' dir='ltr'>faciant</span> <span class='ocrx_word' id='word_1_558' title='bbox 1243 3539 1272 3572; x_wconf 90' lang='lat'>3.</span> <span class='ocrx_word' id='word_1_559' title='bbox 1392 3538 1423 3580; x_wconf 80' lang='lat' dir='ltr'>b)</span> <span class='ocrx_word' id='word_1_560' title='bbox 1451 3539 1540 3572; x_wconf 68' lang='lat' dir='ltr'>deest</span> <span class='ocrx_word' id='word_1_561' title='bbox 1564 3538 1594 3572; x_wconf 85' lang='lat'>3.</span> 
     </span>
    </p>
   </div>
   <div class='ocr_carea' id='block_1_7' title="bbox 59 3627 2374 3732">
    <p class='ocr_par' dir='ltr' id='par_1_8' title="bbox 59 3627 2374 3732">
     <span class='ocr_line' id='line_1_50' title="bbox 314 3627 2374 3675; baseline -0.003 -10"><span class='ocrx_word' id='word_1_562' title='bbox 314 3631 349 3675; x_wconf 92' lang='lat'>1)</span> <span class='ocrx_word' id='word_1_563' title='bbox 381 3630 496 3665; x_wconf 78' lang='lat' dir='ltr'>Addit</span> <span class='ocrx_word' id='word_1_564' title='bbox 523 3630 662 3665; x_wconf 83' lang='lat' dir='ltr'>Forma</span> <span class='ocrx_word' id='word_1_565' title='bbox 684 3630 711 3664; x_wconf 94' lang='grc' dir='ltr'><em>Ι</em></span> <span class='ocrx_word' id='word_1_566' title='bbox 735 3641 848 3674; x_wconf 75' lang='lat' dir='ltr'>supra</span> <span class='ocrx_word' id='word_1_567' title='bbox 878 3640 933 3664; x_wconf 79' lang='lat' dir='ltr'>nr.</span> <span class='ocrx_word' id='word_1_568' title='bbox 954 3635 1037 3665; x_wconf 72' lang='lat'><em>246:</em></span> <span class='ocrx_word' id='word_1_569' title='bbox 1075 3629 1217 3664; x_wconf 89' lang='lat' dir='ltr'>scilicet</span> <span class='ocrx_word' id='word_1_570' title='bbox 1241 3648 1284 3653; x_wconf 89' lang='lat'>—</span> <span class='ocrx_word' id='word_1_571' title='bbox 1310 3629 1473 3674; x_wconf 85' lang='lat' dir='ltr'>ecclesie.</span> <span class='ocrx_word' id='word_1_572' title='bbox 1614 3630 1650 3672; x_wconf 83' lang='lat'>2)</span> <span class='ocrx_word' id='word_1_573' title='bbox 1684 3627 1904 3662; x_wconf 85' lang='lat' dir='ltr'>discordiam</span> <span class='ocrx_word' id='word_1_574' title='bbox 1939 3628 1976 3662; x_wconf 81' lang='lat' dir='ltr'>et</span> <span class='ocrx_word' id='word_1_575' title='bbox 2006 3627 2120 3661; x_wconf 84' lang='lat' dir='ltr'>latam</span> <span class='ocrx_word' id='word_1_576' title='bbox 2153 3627 2374 3661; x_wconf 74' lang='lat' dir='ltr'>sententiam</span> 
     </span>
     <span class='ocr_line' id='line_1_51' title="bbox 59 3686 1283 3732; baseline 0 -11"><span class='ocrx_word' id='word_1_577' title='bbox 59 3727 61 3730; x_wconf 32' lang='grc' dir='ltr'>Ι</span> <span class='ocrx_word' id='word_1_578' title='bbox 112 3695 144 3727; x_wconf 72' lang='lat'>50</span> <span class='ocrx_word' id='word_1_579' title='bbox 179 3686 258 3722; x_wconf 79' lang='lat' dir='ltr'>add.</span> <span class='ocrx_word' id='word_1_580' title='bbox 277 3687 323 3723; x_wconf 82' lang='lat' dir='ltr'>F.</span> <span class='ocrx_word' id='word_1_581' title='bbox 344 3688 374 3722; x_wconf 91' lang='grc' dir='ltr'>Ι.</span> <span class='ocrx_word' id='word_1_582' title='bbox 491 3689 527 3731; x_wconf 90' lang='grc'>3)</span> <span class='ocrx_word' id='word_1_583' title='bbox 553 3688 631 3722; x_wconf 89' lang='lat' dir='ltr'>sine</span> <span class='ocrx_word' id='word_1_584' title='bbox 656 3687 784 3732; x_wconf 89' lang='lat' dir='ltr'>aliqua</span> <span class='ocrx_word' id='word_1_585' title='bbox 810 3687 1061 3722; x_wconf 85' lang='lat' dir='ltr'>diminucione</span> <span class='ocrx_word' id='word_1_586' title='bbox 1085 3686 1171 3722; x_wconf 81' lang='lat' dir='ltr'>add.</span> <span class='ocrx_word' id='word_1_587' title='bbox 1189 3686 1234 3721; x_wconf 84' lang='lat' dir='ltr'>F.</span> <span class='ocrx_word' id='word_1_588' title='bbox 1253 3687 1283 3721; x_wconf 93' lang='grc' dir='ltr'>Ι.</span> 
     </span>
    </p>
   </div>
   <div class='ocr_carea' id='block_1_8' title="bbox 2418 707 2553 733">
    <p class='ocr_par' dir='ltr' id='par_1_9' title="bbox 2418 707 2553 733">
     <span class='ocr_line' id='line_1_52' title="bbox 2418 707 2553 733; baseline 0 -2"><span class='ocrx_word' id='word_1_589' title='bbox 2418 707 2498 733; x_wconf 64' lang='grc' dir='ltr'>Χὶηϊί.</span> <span class='ocrx_word' id='word_1_590' title='bbox 2513 709 2553 732; x_wconf 70' lang='lat'>5⁴1.</span> 
     </span>
    </p>
   </div>
  </div>
 </body>
</html>
