2558 3970
190 148 265 186 132
666 142 903 177 FRIDERICI
933 143 974 177 ll.
1002 140 1431 177 CONS'I‘ITUTIONES.
1483 140 1581 175 1226.
1630 140 1691 175 Nr.
1714 141 1787 174 104.
1816 142 1889 175 105.

185 260 343 299 stitutis
377 259 530 313 quibus
564 261 787 312 presentes
821 257 964 298 littere
998 261 1170 297 ostense
1204 257 1376 300 fuerint,
1408 255 1608 296 fidelibus
1642 255 1744 301 suis,
1778 255 1960 309 gratiam
1994 269 2114 296 suam
2139 259 2182 295 et
2210 255 2367 296 bonam

184 329 462 368 voluntatem.

327 396 437 435 Ecce
461 394 571 448 quod
597 407 673 433 nos
697 394 904 433 mittimus
928 393 968 432 in
992 392 1196 433 Tusciam
1228 392 1398 433 fidelem
1423 396 1614 432 nostrum
1638 391 1916 433 Bertoldum¹²
1940 391 2115 433 fratrem
2137 390 2367 432 Rainaldib

183 464 301 504 ducis
336 463 501 518 Spoleti
536 466 578 503 et
610 461 765 502 Tuscie
799 461 946 515 legati,
978 465 1024 500 ut
1056 461 1244 502 rationes
1278 475 1426 502 omnes
1460 460 1612 515 inperii
1642 460 1735 501 loco
1760 460 1955 501 eiusdem
1983 460 2116 514 legati
2139 459 2368 514 diligenter

183 533 398 586 inquirens
432 531 609 585 recipiat
649 529 831 570 fideliter
863 534 905 569 et
947 534 1162 584 procuret.
1226 529 1368 576 Quare
1401 529 1675 570 universitati
1708 533 1851 569 vestre
1889 529 2069 569 firmiter
2101 532 2142 569 et
2174 527 2367 570 districte

183 600 260 639 sub
294 604 468 654 optentu
503 599 640 652 gratie
675 602 818 638 nostre
850 597 1125 652 precipiendo
1150 597 1417 646 mandamus,
1452 597 1652 652 quatinus
1676 596 1866 651 predicto
1889 596 2121 637 Bcrtoldoc
2153 601 2370 651 tamquam

182 669 338 708 vicario
374 667 551 722 predicti
585 667 714 720 legati
750 666 893 706 fratris
927 666 990 706 sui
1025 680 1049 706 a.
1081 670 1229 706 nostra.
1261 667 1490 706 maiestate
1524 665 1778 706 transmisso
1810 665 1862 705 dc
1897 665 2096 706 omnibus
2131 664 2369 705 rationibus

183 736 330 790 inperii
370 735 421 776 ad
466 736 669 775 honorem
714 739 754 775 ct
799 734 1048 775 fidelitatem
1089 740 1279 775 nostram
1323 749 1475 790 parcre
1515 738 1556 774 et
1601 733 1827 775 intendere
1860 733 2087 784 studeatis,
2134 732 2369 774 adversusd

182 804 540 848 contradictores.
581 806 615 844 si
649 805 743 858 quie
776 804 953 847 fuerint,
987 804 1194 844 auxilium
1228 808 1270 845 ct
1304 803 1529 844 consilium
1564 803 1799 843 efficaciter
1830 802 2085 857 impensuri,
2128 802 2200 842 ubi
2234 815 2368 857 expe-

181 874 305 914 dierit
338 879 380 914 et
412 873 463 914 ab
497 873 708 914 universis
743 873 895 913 vestris
929 877 971 912 et
1003 872 1180 925 singulis
1214 872 1386 912 duxerit
1419 871 1695 925 requirenda3
1728 870 1976 911 mandatum
2007 874 2199 911 nostrum
2223 870 2369 911 taliter

182 943 417 997 impleturi.
458 950 503 982 ut
547 942 870 982 universitatem
904 945 1090 981 vestram
1136 941 1352 995 possimus
1392 940 1545 981 merito
1585 939 1899 980 commendare.
1960 939 2050 980 Nos
2084 939 2197 980 enim
2231 938 2371 979 eidem

182 1011 411 1051 Bertoldoc
445 1010 638 1050 dedimus
674 1011 712 1049 in
747 1009 979 1052 mandatis.
1014 1015 1060 1050 ut
1092 1009 1347 1050 auctoritate
1381 1012 1526 1049 nostra
1550 1013 1592 1048 ct
1614 1008 1707 1049 vice
1731 1007 1835 1048 dicti
1858 1008 2004 1061 legati,
2039 1008 2073 1048 si
2098 1021 2204 1063 opus
2226 1007 2371 1057 fuerit,

181 1080 318 1120 banna
366 1086 406 1119 ct
450 1093 582 1133 penas
631 1078 846 1133 imponatf
894 1092 966 1132 pro
1009 1078 1244 1118 rationibus
1286 1078 1443 1118 nostris
1487 1077 1638 1131 inperii
1680 1076 1936 1131 optinendis.
2009 1074 2102 1122 Quc
2144 1076 2286 1117 banna
2329 1079 2371 1116 et

184 1162 331 1203 penas.
367 1149 476 1188 sicut
508 1147 772 1202 imposuerit,
807 1151 899 1187 rata
931 1151 973 1187 et
1005 1146 1127 1187 firma
1160 1147 1330 1201 penitus
1363 1145 1512 1186 haberi
1545 1145 1743 1186 volumus
1776 1148 1817 1185 et
1848 1145 2000 1186 teneri.

327 1216 422 1257 Dat.
457 1216 652 1256 Parmos.
687 1214 784 1255 XX.
819 1215 978 1255 niensis
1013 1214 1158 1266 Madii,
1191 1213 1340 1254 XIIII.
1375 1213 1520 1254 indict.

184 1645 306 1712 105.
359 1640 1070 1711 EPISCOPORUM
1111 1640 1247 1710 DE
1290 1641 2371 1714 EXGOMMUNIOATIONE

512 1753 1315 1826 LOMBARDORUM
1367 1756 2044 1827 DEOLARATIO.

1089 1880 1231 1927 lfflss.
1270 1881 1376 1928 Iun.
1406 1881 1479 1928 10.

326 2024 489 2065 Damus
526 2037 544 2064 e.
591 2023 784 2075 Copiario
822 2022 1192 2064 Hildeshcimensis
1233 2023 1409 2075 capituli
1453 2035 1556 2064 saco.
1584 2023 1684 2065 XV.
1726 2025 1768 2065 in
1810 2024 2019 2066 tabulario
2057 2023 2372 2065 Hannoverawo

182 2097 390 2135 assere-ato
428 2093 499 2134 Vl.
530 2095 595 2142 11,
630 2107 674 2144 p.
707 2094 790 2132 642
827 2105 891 2133 ην.
924 2094 1047 2142 1228,
1094 2106 1211 2145 quem
1254 2093 1380 2133 etiam
1423 2092 1614 2134 adhibuit
1660 2091 1909 2147 Sudcmlorf'
1950 2092 2212 2145 ‘Rcyz'strum'
2252 2092 2290 2143 Ι,
2321 2093 2375 2133 89

184 2164 336 2203 nin-12.
372 2187 425 2191 —
459 2160 922 2202 Hvzcillarcl-Brelaolles
953 2161 1015 2211 II,
1040 2162 1136 2201 609.
1196 2160 1390 2211 Bo'lemer,
1422 2161 1522 2215 Rey.
1555 2162 1652 2213 imp.
1687 2161 1731 2211 V,
1755 2163 1879 2203 1624.
2000 2160 2069 2214 (P.
2092 2161 2234 2212 deest.)

327 2286 376 2327 G.
419 2287 499 2327 Dei
544 2287 681 2340 gratia
728 2285 971 2341 patriarcha
1016 2285 1411 2339 Ierosolimitanus,
1466 2288 1518 2329 A.
1560 2286 1972 2342 Magdeburgensis,
2019 2285 2376 2341 Burdegalensis,

186 2356 543 2398 Mediolanensis,
602 2357 649 2397 L.
692 2355 886 2409 Reginus
933 2355 1270 2412 archiepiscopi,
1324 2357 1510 2398 Iacobus
1559 2357 1843 2408 Acconensis,
1893 2356 1943 2396 E.
1985 2354 2376 2410 Merseburgensis,

184 2426 239 2467 II.
274 2425 628 2474 W'ormatiensis,
663 2423 905 2475 Curiensis,
939 2423 1315 2476 Nuenbureensis,
1348 2425 1600 2466 Basiliensis
1635 2429 1677 2466 et
1709 2424 1995 2475 Brixinensis,
2029 2423 2082 2465 G.
2114 2423 2375 2474 Parmensis,

184 2495 424 2545 Imolensis,
458 2493 712 2543 Brixiensis,
745 2492 1092 2546 Pergamensisa,
1126 2492 1436 2545 Vercellensis,
1470 2492 1795 2545 Novariensisb,
1828 2492 2041 2543 Astensis,
2072 2491 2374 2542 Terdonensis,

184 2563 391 2603 Aretinus
433 2566 473 2601 et
506 2561 841 2602 Thaurinensisc
875 2561 1086 2616 episcopi,
1128 2561 1443 2614 Morbacensis,
1487 2562 1773 2613 Prumiensis,
1813 2561 2086 2602 Fabariensis
2126 2564 2169 2601 et
2198 2559 2375 2601 Nonan-

186 2630 386 2671 tulanus‘l
419 2630 614 2671 abbates.
675 2629 836 2670 Notum
858 2629 1038 2670 facimus
1063 2630 1275 2671 universis
1298 2645 1478 2686 presens
1502 2631 1707 2686 scriptum
1731 2629 2106 2686 perspicientibus,
2141 2628 2255 2684 quod
2278 2642 2374 2669 cum

184 2698 381 2739 dominus
421 2698 693 2739 Fridericusss
726 2698 905 2738 illustris
938 2697 1231 2739 Romanorum
1272 2699 1505 2754 imperator
1548 2713 1719 2754 semper
1759 2702 1989 2753 augustus,
2029 2697 2296 2738 Iherusalem
2334 2699 2376 2738 et

186 2766 334 2808 Cic-ilie
376 2781 452 2808 rex
497 2767 575 2808 sibi
622 2772 863 2808 assumeret
905 2781 1011 2807 onus
1055 2767 1108 2807 ad
1150 2769 1378 2822 negocium
1422 2768 1556 2809 Terre
1591 2767 1748 2808 Sancte
1790 2767 1993 2808 divinitus
2036 2766 2291 2821 inspiratus,
2334 2766 2376 2806 in

190 2836 373 2876 Ytaliam
408 2837 551 2877 venire
595 2836 816 2891 proposuit
859 2835 911 2876 de
956 2836 1133 2877 consilio
1176 2837 1420 2891 sapientum
1463 2850 1538 2891 pro
1578 2837 1690 2877 dicto
1729 2836 1903 2890 negotio
1941 2834 2248 2890 promovende,
2287 2833 2373 2874 filio

188 2919 262 2945 sue
307 2906 457 2946 illustri
500 2905 791 2945 Romanorum
832 2905 922 2959 regi
966 2919 1138 2960 semper
1176 2910 1360 2959 augusto
1402 2920 1452 2946 ac
1496 2905 1757 2961 principibus
1791 2904 2047 2945 Alemannie
2089 2903 2157 2944 die
2202 2907 2244 2944 et
2284 2903 2376 2944 loco

188 2973 239 3013 ad
274 2974 353 3014 hoc
388 2974 631 3029 specialiter
664 2973 911 3027 assignatis,
946 2974 1057 3014 sicut
1080 2987 1135 3014 ex
1158 2974 1311 3015 litteris
1335 2974 1470 3029 ipsius
1494 2974 1778 3029 imperatoris,
1813 2973 1968 3028 quibus
1992 2972 2161 3013 vocavit
2184 2971 2372 3023 eosdem,

188 3043 410 3083 evidenter
443 3047 635 3097 apparet.
698 3042 830 3082 Porro
865 3055 959 3081 cum
998 3041 1050 3082 ad
1094 3042 1233 3082 locum
1267 3041 1501 3083 secundum
1533 3042 1797 3098 propositum
1832 3045 1991 3082 statuto
2024 3041 2205 3081 termino
2238 3039 2371 3081 decli-

188 3118 304 3151 naret
355 3111 639 3165 transiretque
687 3110 888 3165 pacificus
934 3124 1011 3165 per
1058 3110 1257 3151 civitates
1306 3115 1348 3151 et
1396 3115 1572 3162 stratas,
1620 3110 1781 3151 nemini
1831 3110 2026 3150 iniuriam
2070 3108 2258 3149 inferens
2306 3108 2375 3150 vel

186 3193 430 3234 gravamen.
464 3185 586 3234 prout
618 3185 704 3220 tarn
738 3185 886 3219 saneto
921 3180 1138 3234 proposito
1162 3184 1342 3220 noverat
1374 3181 1541 3235 plenius
1566 3179 1784 3235 expedire,
1818 3178 1957 3219 dictus
1989 3177 2101 3217 filius
2128 3191 2223 3217 cum
2254 3177 2372 3231 prin-

187 3248 349 3302 cipibus
395 3246 621 3287 antedictis
666 3262 688 3286 a
730 3247 988 3301 quibusdam
1022 3247 1266 3288 civitatibus
1300 3248 1579 3299 Lombardie,
1623 3247 1827 3288 videlieet
1857 3245 2166 3297 Mediolanum,
2209 3244 2372 3296 Brixia,

187 3316 376 3356 Mantua.
402 3315 586 3356 Verona.
621 3315 877 3367 'I'ei'visium,
912 3315 1073 3368 Padua,
1098 3316 1333 3369 Vercelles,
1367 3318 1575 3368 Bononia,
1608 3317 1826 3367 Faiencia,
1859 3314 2090 3356 Placencia
2113 3318 2154 3354 et
2178 3312 2373 3355 Alexan-

325 3450 408 3486 104.
443 3458 474 3493 a),
502 3453 692 3485 bertaldum
719 3452 750 3485 2.
893 3454 923 3495 b)
951 3455 1080 3486 ranaldi
1106 3454 1136 3487 2.
1290 3456 1319 3496 θ’)
1346 3456 1501 3487 bcrtuldo
1527 3454 1558 3487 2.
1700 3452 1732 3495 d)
1764 3454 1806 3485 ad
1832 3450 1916 3485 fisus
1942 3451 1971 3484 1.
2114 3452 2144 3493 e)
2171 3452 2259 3493 siqui
2287 3451 2314 3483 1.
2341 3449 2374 3483 2.

188 3509 215 3549 fs
243 3511 286 3542 im
313 3517 413 3552 ponat
443 3509 470 3542 1.
589 3515 620 3549 ¹3)
647 3508 747 3542 Parffi
774 3510 803 3542 1.
830 3510 861 3543 2.

325 3577 408 3611 105.
441 3583 469 3617 a)
496 3579 725 3620 pargamensis
751 3590 776 3611 c.
921 3579 952 3620 b)
978 3580 1144 3611 nauarien
1170 3591 1197 3612 e.
1339 3584 1368 3619 Ο)
1394 3580 1538 3612 thaurefi
1565 3590 1591 3611 e.
1728 3577 1759 3619 d)
1784 3578 2036 3610 nonentulanus
2063 3589 2087 3608 c.
2206 3574 2236 3618 e)
2262 3576 2316 3610 Fr.
2342 3587 2370 3610 e.

187 3636 217 3676 ἴ)
248 3637 376 3668 Vercell
404 3648 428 3668 c.

2421 543 2436 567 5

2406 887 2438 911 10

2407 1233 2438 1258 15

2411 2107 2444 2133 20

2411 2506 2442 2532 25

2411 2853 2444 2878 30

2409 3192 2440 3218 35

2407 3583 2439 3608 40
