2558 3970
131 908 163 934 10

131 1258 163 1283 15

131 1602 164 1629 20

136 1947 168 1974 25

133 2349 167 2375 30

137 2637 168 2663 35

140 3221 173 3247 45

743 157 986 193 FRIDERICI
1017 157 1061 192 II.
1087 156 1522 194 CONSTITUTIONES.
1574 161 1672 195 1241.
1721 161 1879 195 Nr.235.
2328 166 2408 204 325

198 274 427 327 memoria,
469 273 599 314 dumq
632 272 1021 314 transfretantibus
1070 273 1192 314 nobis
1238 274 1397 316 dudum
1443 276 1482 316 in
1526 276 1657 317 Terre
1699 276 1857 318 Sancte
1901 276 2138 318 subsidium
2184 282 2225 317 ct
2259 276 2408 318 Sarra-

200 356 402 384 cenorum
446 342 683 390 excidium,
729 342 799 397 qui
838 356 923 382 non
967 342 1108 382 minus
1153 342 1278 384 fidem
1324 350 1516 385 nostram
1559 358 1685 399 quam
1718 345 1912 387 Tartarir
1953 351 2283 401 persequuntur.
2328 347 2409 387 istc

199 413 446 454 carissimus
476 416 599 467 pater
622 415 784 463 noster,
809 410 1201 452 Mediolanensium
1237 425 1285 452 ac
1320 413 1528 453 aliorum³
1563 428 1738 454 suorum
1769 415 2040 470 complicium
2076 415 2275 470 imperiot
2309 414 2407 455 sub-

198 481 407 523 iectorum
440 480 641 536 presidiis
675 480 937 530 convocatis,
971 493 1152 534 regnum
1190 484 1384 521 nostrum
1420 482 1592 526 Sicilie,
1627 483 1781 523 nobis¹²
1815 485 1854 524 in
1889 484 2085 539 partibus
2118 484 2410 525 ultramarinis

197 550 443 605 agentibus,
476 550 689 591 violenter
721 549 877 590 invasit
909 553 964 597 ct,
997 548 1111 603 quod
1144 548 1390 590 horribilius
1423 556 1490 591 est
1523 550 1687 599 auditu,
1722 559 1828 606 perv
1870 553 2040 606 legatos
2075 567 2175 593 suos
2208 552 2410 593 omnibus

199 618 359 661 Christi
391 618 607 666 fidelibus,
631 632 684 660 ne
718 618 840 660 nobis
875 619 917 659 in
956 619 1086 673 ipsow
1120 619 1313 660 crucifixi
1338 621 1513 674 negotio
1550 621 1744 661 ferrent¹
1768 622 1991 665 auxilium.
2027 622 2261 662 interdixit.
2314 621 2411 661 Non

199 693 266 730 est
297 688 427 744 igitur
458 688 649 729 levitatis
683 687 751 728 hic
784 687 911 728 timor
942 688 1011 729 vel
1049 688 1121 742 qui
1154 701 1239 728 non
1272 687 1475 730 caderety
1509 690 1548 730 in
1573 695 1859 742 constantem,
1895 691 2037 731 velut²
2071 691 2265 745 preteriti
2301 696 2407 731 tem-

197 758 310 814 poris
343 756 396 799 ad
439 757 629 798 futurum
663 761 706 798 et
738 769 793 798 ex
825 761 914 798 tot¹²
946 756 1158 797 similibus
1192 757 1371 798 offensis
1414 764 1677 814 assumptus.
1742 758 2047 814 Quamquamb
2083 774 2164 800 non
2199 760 2411 800 immerito

200 826 456 882 cogitemus,
480 825 617 882 quod0
643 850 693 855 —
722 825 1175 881 appropinquantibus
1199 825 1323 866 nobis
1348 825 1401 866 ad
1425 840 1523 868 eum
1547 827 1626 868 acd
1650 827 1884 870 devotione
1909 836 2013 869 nec-⁰
2035 828 2231 883 potentia
2251 826 2413 868 minuss

199 900 373 938 nostrag
405 894 458 937 eh
492 895 632 936 vicino
666 894 926 950 conspectis,
959 894 1114 949 quibus
1139 894 1359 950 prosequii
1391 896 1589 938 volumus
1624 900 1666 937 et
1699 896 1938 952 persequik
1973 911 2202 953 possumus
2237 910 2411 937 causam

197 964 283 1007 Dei
316 989 369 994 —
403 963 536 1020 quod¹
569 964 788 1005 iusticiam
823 968 1014 1005 nostram
1048 965 1321 1020 exequimur,
1355 965 1456 1006 dum
1491 967 1629 1022 patria
1662 972 1705 1008 et
1738 968 1858 1008 avita
1888 981 2022 1021 regna
2046 967 2296 1021 repetimus,
2331 980 2412 1006 non

199 1034 343 1076 aliena
381 1048 460 1090 per
500 1033 700 1074 iniuriam
739 1040 1052 1089 usurpamusm,
1093 1035 1289 1076 consulto
1330 1037 1544 1090 reperietn
1586 1041 1705 1077 tante
1750 1036 1861 1078 cladi
1907 1035 2170 1086 remedium,
2211 1049 2292 1090 que
2338 1048 2412 1090 pro

198 1102 494 1146 dissentione0
537 1109 682 1146 nostra
722 1116 797 1159 pre
838 1102 1004 1144 foribus
1044 1102 1199 1145 dicitur
1238 1105 1322 1145 iam
1356 1104 1549 1147 haberib.
1614 1105 1814 1147 Etenimp
1847 1105 2138 1146 verisimiliter
2172 1105 2413 1159 opinamur,

200 1173 314 1230 quod
346 1173 462 1215 fama
495 1173 776 1216 dissensionis
810 1172 1084 1214 huiusmodiq
1115 1187 1200 1215 non
1235 1174 1447 1216 modicam
1482 1174 1677 1217 Tartaris
1711 1175 1891 1230 prebetr
1923 1175 2167 1225 audaciam,
2203 1172 2339 1228 quod⁸
2373 1173 2413 1213 in

201 1257 247 1286 se
280 1243 421 1299 ipsum
453 1243 638 1284 divisum
660 1242 760 1285 fidei
783 1247 930 1284 nostre
952 1256 1133 1298 regnum
1157 1243 1326 1285 facilius
1350 1244 1584 1286 desoletur.
1637 1244 1729 1286 Vos
1752 1244 1953 1300 denique,
1987 1259 2009 1286 o
2034 1244 2184 1285 fideles
2199 1245 2224 1293 ²,
2259 1242 2414 1298 quibus

200 1316 268 1354 est
297 1313 434 1368 pestis
468 1313 620 1354 istiusu
652 1312 766 1353 fama
799 1312 970 1364 clarior,
1003 1312 1130 1367 quiav
1154 1327 1287 1354 causa
1320 1314 1512 1361 vicinior,
1546 1313 1709 1355 cordaW
1741 1319 1887 1355 vestra
1910 1314 1977 1355 vel
2008 1327 2193 1368 corpora
2225 1312 2416 1367 torpori¹

198 1395 280 1424 nec
313 1382 398 1423 otio
431 1381 644 1431 tribuatis,
679 1381 756 1422 sed
791 1381 976 1433 interim,
1009 1382 1372 1437 prosequentibus
1406 1383 1558 1424 nobisy
1591 1384 1758 1439 imperii
1794 1383 1928 1424 nostri
1964 1397 2139 1424 causam
2175 1387 2244 1423 et²
2277 1381 2329 1422 ad
2365 1394 2415 1422 ca

200 1451 507 1493 nichilominus
530 1451 835 1508 aspirantibus,
859 1455 1067 1506 quantum
1091 1450 1298 1493 decenter
1330 1456 1372 1493 et
1405 1452 1637 1494 salubriter
1671 1466 1917 1508 possumus,
1940 1467 2022 1507 que
2047 1458 2146 1493 sunt
2180 1451 2311 1507 pacis,
2353 1451 2414 1491 sic

199 1527 304 1562 vos⁸
336 1520 568 1576 magnifice
601 1520 856 1576 preparetis,
890 1526 936 1561 ut
971 1545 1021 1550 ——
1055 1520 1166 1562 nisib
1199 1520 1421 1563 Romanus
1455 1521 1653 1578 pontifex
1686 1523 1946 1563 universalis
1981 1522 2132 1563 salutis
2165 1534 2340 1577 prorsus
2374 1524 2418 1561 et

199 1589 301 1632 fidei
334 1589 568 1632 christiane
601 1590 680 1631 sit0
712 1588 934 1646 prodigus,
967 1588 1075 1632 sedd
1107 1604 1193 1631 una
1223 1589 1449 1632 nobiscum
1481 1596 1523 1632 et
1558 1592 1715 1632 ceteris
1749 1596 1864 1633 terre
1896 1592 2187 1647 principibus,
2221 1604 2329 1646 quos
2363 1589 2416 1631 ad

198 1659 281 1702 hoc
320 1673 400 1716 per
432 1659 646 1715 speciales
690 1659 857 1701 litteras
899 1664 1070 1701 nostras
1105 1664 1148 1701 et
1191 1660 1374 1701 nuncios
1409 1665 1606 1702 nostros0
1639 1661 1902 1710 excitamus,
1947 1667 2170 1717 promptus
2204 1658 2420 1701 assumats

199 1729 380 1772 viriliter
426 1742 602 1770 causam
643 1727 759 1770 Deiss
800 1753 853 1758 —
892 1729 934 1770 in
986 1728 1197 1770 auxilium
1246 1729 1435 1770 omnium
1485 1729 1820 1771 christianorum
1863 1734 1906 1772 et
1949 1735 2142 1771 nostrum
2188 1728 2416 1783 magnifice

198 1798 498 1850 succurratisz,
542 1798 633 1839 vias
679 1811 828 1839 omnes
874 1796 1208 1852 excogitantesh
1249 1803 1292 1839 et
1333 1797 1482 1839 modos
1517 1797 1693 1854 quibusi
1726 1813 1811 1840 una
1853 1799 2101 1850 nobiscum,
2149 1798 2216 1840 sik
2248 1797 2418 1839 dederit

199 1867 433 1919 Dominus,
467 1868 598 1909 tantis
630 1867 833 1923 periculis
866 1871 954 1907 tam
986 1866 1194 1908 velociter
1227 1880 1356 1922 quam
1388 1867 1658 1909 efficaciterk
1691 1882 1919 1910 occurrere
1954 1868 2155 1920 valeatis,
2191 1867 2417 1923 presertim

207 1950 304 1978 cum
345 1936 491 1979 divina
537 1937 735 1993 potentia
784 1950 868 1978 non
909 1941 999 1977 tam
1037 1937 1149 1978 tueri
1190 1936 1294 1978 velit
1325 1936 1570 1978 Romanum
1612 1938 1840 1994 imperium
1883 1952 2011 1994 quam
2045 1937 2240 1993 augere¹.
2304 1936 2418 1978 Ecce

201 2007 314 2048 enim
361 2006 513 2062 quodm
556 2020 636 2048 rex
673 2005 1015 2062 Hungarorumn
1055 2012 1164 2061 per⁰
1199 2004 1534 2048 Waoziensemv
1579 2007 1834 2063 episcopum
1884 2007 2181 2064 supradictum
2225 2006 2418 2061 Ungarie

198 2089 380 2132 regnum
411 2079 557 2118 nostre
590 2075 739 2117 ditioni
771 2076 980 2127 subiecit,
1014 2074 1245 2116 dummodo
1279 2089 1357 2131 per
1396 2090 1475 2117 nos
1507 2077 1550 2117 in
1584 2077 1891 2118 exterminium
1926 2077 2233 2119 Tartarorumq
2267 2076 2417 2118 defen-

199 2145 333 2187 sionis
367 2151 569 2187 cesareer
601 2145 753 2201 clypeo
787 2149 1053 2201 protegatur.

346 2214 534 2256 Datum⁸
566 2214 607 2254 in
641 2214 792 2255 castris
825 2219 925 2256 ante
961 2213 1201 2270 Spoletum,
1234 2213 1335 2256 XII.
1371 2214 1441 2257 Kl.
1476 2215 1584 2267 Iulf,
1619 2215 1768 2257 XIIII.
1804 2215 1954 2257 indic.u

338 2340 427 2377 235.
461 2341 493 2384 q)
519 2343 610 2385 quod
636 2341 668 2374 A
687 2340 719 2375 3.
861 2343 889 2383 r)
915 2343 1097 2376 Tartariae
1124 2342 1155 2374 A
1173 2341 1205 2375 3.
1336 2344 1364 2384 ³)
1392 2343 1482 2376 deest
1506 2341 1539 2375 A
1557 2341 1590 2376 3.
1717 2343 1742 2383 t)
1770 2344 1842 2376 loco
1867 2344 2009 2388 imperio
2038 2361 2075 2366 —
2103 2344 2300 2377 convocatis
2328 2343 2358 2375 A
2379 2341 2417 2376 3:

200 2401 373 2435 mentibus
397 2401 580 2443 iniquitate
604 2401 755 2434 dissutis.
873 2399 909 2442 u)
934 2401 1033 2434 nobis
1060 2419 1102 2423 ——-
1128 2401 1313 2444 agentibus
1339 2401 1406 2434 cles.
1427 2402 1459 2433 A
1477 2399 1509 2434 3.
1613 2401 1643 2441 v)
1671 2402 1744 2434 loco
1769 2413 1829 2444 per
1855 2402 1920 2444 leg.
1947 2413 2027 2435 suos
2054 2402 2085 2433 A
2103 2400 2139 2434 3:
2168 2402 2267 2434 nobis
2294 2401 2417 2434 ibidem

201 2459 395 2502 agentibus.
511 2458 553 2501 w)
579 2459 704 2492 Christi
730 2458 762 2491 A
780 2457 812 2492 3.
930 2458 964 2500 Χ)
990 2459 1045 2491 vel
1071 2460 1250 2502 preberent
1276 2459 1357 2492 add.
1378 2459 1411 2491 A
1429 2457 1461 2492 3.
1580 2458 1613 2500 y)
1641 2459 1742 2491 timor
1766 2460 1825 2501 qui
1852 2465 1963 2502 potest
1987 2460 2105 2492 cadere
2132 2459 2164 2491 A
2183 2458 2214 2491 3.
2321 2459 2350 2499 z)
2376 2470 2417 2491 ex

202 2517 284 2550 add.
303 2516 336 2549 A
356 2516 384 2549 1.
480 2516 512 2556 ¹²)
538 2521 608 2550 toto
634 2516 666 2548 A
684 2515 716 2550 2.
812 2515 843 2557 b)
869 2517 1088 2560 Quamquam
1117 2535 1156 2539 —-
1183 2517 1303 2549 haberi
1332 2517 1401 2549 des.
1421 2516 1453 2548 A
1471 2515 1501 2548 3.
1600 2517 1630 2553 θ’)
1655 2517 1715 2558 qui
1734 2516 1766 2548 A
1784 2515 1815 2549 2.
1913 2515 1946 2559 d)
1973 2518 2036 2549 hac
2054 2516 2085 2548 A
2104 2515 2133 2549 2.
2225 2516 2255 2559 θ’)
2278 2527 2320 2549 ne
2338 2516 2369 2548 A
2386 2515 2416 2548 2.

203 2571 235 2617 f)
259 2574 352 2608 deest
375 2574 407 2606 A
425 2573 457 2607 2.
598 2578 631 2617 8)
658 2574 748 2607 deest
773 2574 805 2606 A
827 2574 856 2607 l.
998 2573 1032 2616 h)
1059 2575 1100 2607 de
1128 2575 1158 2606 A
1177 2572 1208 2607 2.
1353 2572 1376 2615 i)
1404 2579 1437 2606 et
1462 2575 1645 2617 pprosequi
1671 2574 1703 2606 A
1723 2573 1752 2606 2.
1888 2573 1922 2615 k)
1949 2576 2107 2618 prosequi
2134 2574 2165 2605 A
2184 2572 2214 2606 2.
2335 2571 2359 2616 1)
2386 2579 2419 2606 et

205 2633 295 2674 quod
320 2632 353 2664 A
373 2631 402 2664 1.
497 2632 539 2674 m)
565 2633 626 2665 Ιιοο
652 2633 724 2665 loco
739 2633 837 2676 forte
856 2633 1022 2674 ponenda
1047 2638 1094 2665 est
1118 2633 1282 2665 sententia
1308 2633 1665 2676 appropinquantibus
1684 2650 1725 2654 —
1746 2633 1820 2665 Dei.
1916 2632 1949 2675 11)
1977 2633 2100 2675 reperit
2126 2632 2157 2664 A
2176 2630 2206 2664 2.
2303 2630 2334 2673 0)
2361 2631 2417 2663 de-

203 2690 356 2723 fensione
381 2690 414 2721 A
433 2688 464 2722 l.
582 2692 616 2729 P)
643 2691 730 2723 Ecce
756 2690 788 2722 A
806 2689 837 2723 3.
959 2690 992 2733 q)
1018 2690 1122 2723 huius
1149 2690 1181 2722 A
1199 2689 1230 2723 2.
1349 2689 1378 2731 r)
1404 2695 1535 2733 prestat
1560 2689 1591 2722 A
1609 2688 1641 2723 2.
1668 2688 1697 2722 3.
1806 2689 1833 2731 S)
1859 2695 1897 2722 ut
1923 2690 1955 2721 A
1973 2688 2004 2722 3.
2106 2690 2131 2730 t)
2160 2690 2232 2722 loco
2258 2701 2276 2721 o
2302 2688 2417 2720 fideles

205 2747 238 2780 A
255 2746 288 2780 2.
313 2746 350 2781 3;
376 2752 524 2791 patres
547 2749 798 2792 conscripti.
910 2747 944 2791 u)
970 2749 1077 2791 ipsius
1103 2749 1135 2780 A
1153 2748 1184 2782 3.
1292 2747 1324 2791 v)
1349 2753 1382 2781 et
1407 2749 1439 2780 A
1460 2749 1487 2781 1.
1596 2747 1637 2790 w)
1664 2748 1767 2780 corda
1793 2765 1834 2769 —
1862 2748 1996 2780 interim
2021 2747 2089 2779 des.
2108 2746 2139 2778 A
2159 2746 2189 2778 3.
2287 2744 2321 2788 x)
2347 2756 2416 2778 cor-

204 2805 277 2848 pori
303 2804 334 2836 A
351 2804 384 2839 2.
501 2806 534 2848 5)
560 2807 658 2840 nobis
684 2817 814 2850 proseq.
835 2806 867 2838 A
885 2805 916 2839 3.
1029 2806 1058 2848 z)
1086 2807 1158 2839 loco
1184 2811 1217 2839 et
1243 2825 1286 2830 —
1312 2807 1520 2840 succurratis
1547 2806 1580 2838 A
1599 2805 1636 2839 3:
1667 2806 1749 2848 quia
1774 2806 1854 2838 dum
1880 2806 1994 2848 patria
2020 2810 2053 2838 et
2077 2806 2169 2838 avita
2194 2815 2301 2847 regna
2326 2814 2415 2836 rece-

205 2864 327 2906 pimus,
353 2875 422 2896 non
446 2865 560 2898 aliena
583 2876 644 2908 per
668 2865 828 2898 iniuriam
853 2876 1070 2908 usurpamus,
1096 2876 1183 2908 quae
1207 2865 1278 2897 iam
1303 2876 1412 2907 supra
1435 2866 1472 2897 in
1494 2865 1523 2898 1.
1542 2864 1563 2898 2
1589 2866 1755 2907 leyzmtur.
1853 2864 1883 2905 ³)
1911 2865 2001 2897 deest
2026 2863 2107 2896 A‘l.
2203 2861 2234 2903 b)
2259 2862 2318 2894 ubi
2334 2861 2365 2892 A
2385 2859 2416 2892 3.

207 2920 238 2964 c)
268 2914 335 2957 &A
352 2920 384 2955 2.
524 2920 557 2964 d)
592 2923 642 2956 sic
667 2922 699 2955 A
716 2921 749 2956 3.
889 2922 920 2965 e)
959 2923 1049 2955 deest
1073 2922 1107 2954 A
1128 2922 1160 2955 2.
1302 2920 1332 2965 f)
1371 2924 1472 2956 excit.
1499 2923 1656 2965 primitus
1681 2923 1863 2956 assumatis
1890 2923 1921 2954 A
1941 2921 1971 2955 3.
2115 2921 2148 2962 Β)
2174 2926 2207 2952 et
2232 2920 2314 2952 add.
2334 2919 2365 2951 A
2385 2918 2415 2952 3.

206 2978 240 3020 l1)
264 2980 446 3013 inveniatis
472 2979 504 3012 A
521 2979 553 3013 3.
669 2978 694 3021 i)
719 2981 868 3023 qualiter
892 2980 925 3012 A
942 2978 974 3013 3.
1092 2978 1127 3022 k)
1154 2981 1227 3013 loco
1253 2981 1280 3013 si
1310 2998 1352 3002 —
1380 2981 1564 3014 efficaciter
1589 2980 1621 3012 A
1640 2981 1676 3015 3:
1704 2986 1737 3013 et
1763 2992 1841 3013 cum
1867 2980 1944 3012 aliis
1969 2986 2055 3012 terre
2081 2978 2304 3021 principibus,
2331 2988 2416 3018 quos

205 3037 249 3070 ad
272 3037 336 3071 hec
359 3048 419 3081 per
442 3037 573 3070 litteras
598 3043 732 3071 nostras
757 3043 790 3070 et
821 3038 966 3070 nuncios
991 3038 1181 3070 excitamus
1212 3049 1272 3081 pro
1303 3043 1396 3071 tante
1421 3039 1632 3071 necessitatis
1657 3038 1801 3071 articulo
1827 3038 1871 3070 ad
1896 3037 2158 3069 destructionem
2185 3035 2416 3067 communium

206 3095 365 3138 hostium,
391 3107 477 3138 quae
500 3096 537 3128 in
564 3095 594 3129 1.
619 3095 641 3128 2
661 3107 729 3139 pro
746 3102 852 3138 parte
876 3097 946 3128 iam
971 3106 1079 3138 supra
1105 3096 1273 3138 leguntur.
1392 3094 1417 3136 Ῑ)
1443 3097 1563 3139 augeri
1590 3096 1621 3127 A
1640 3095 1670 3128 3.
1776 3095 1818 3137 m)
1843 3096 1929 3128 Ecce
1955 3095 2080 3127 etenim
2107 3093 2139 3125 A
2158 3092 2190 3125 2.
2285 3092 2318 3132 ¹1)
2344 3092 2415 3123 Un-

206 3153 302 3196 garie
327 3153 360 3186 A
377 3153 409 3187 2.
435 3152 468 3187 3.
609 3152 642 3196 0)
668 3165 728 3197 per
754 3171 796 3175 —
821 3154 976 3196 Ungarie
1001 3153 1069 3186 des.
1090 3152 1121 3184 A
1139 3152 1170 3186 3.
1312 3153 1345 3195 P)
1370 3154 1662 3186 WVarmaciensem
1687 3153 1720 3185 A
1737 3152 1768 3185 2.
1910 3151 1943 3193 q)
1971 3152 2005 3183 in
2031 3156 2098 3184 ext.
2125 3150 2216 3183 Tart.
2245 3149 2314 3182 des.
2333 3147 2365 3180 A
2383 3147 2414 3181 3.

206 3211 236 3254 ι“)
261 3218 375 3246 nostre
400 3211 433 3244 A
450 3211 481 3246 3.
600 3211 628 3253 s)
654 3214 781 3246 Datum
808 3231 851 3235 —
876 3213 1061 3246 indictione
1086 3211 1155 3244 dee.
1175 3210 1207 3242 A
1226 3209 1258 3244 2.
1284 3209 1316 3243 3.
1434 3211 1460 3254 t)
1487 3212 1559 3244 iun.
1585 3211 1618 3243 A
1638 3211 1666 3244 l.
1784 3209 1818 3253 ιι)
1846 3210 1971 3243 hindic.
1998 3208 2029 3241 A
2049 3208 2080 3242 1.
