2558 3970
120 929 152 954 10

122 1275 152 1299 15

120 1614 154 1640 20

119 1959 151 1984 25

120 2305 154 2330 30

121 2649 152 2675 35

121 2994 156 3018 40

122 3400 155 3424 45

915 179 1008 213 PAX
1038 180 1308 216 BAWARICA.
1359 182 1457 216 1244.
1510 182 1663 216 Nr.4⁴27.
2303 189 2376 225 571

190 307 308 347 quem
337 293 462 334 etiam
492 306 600 334 nova
629 293 878 345 scriptorum
908 294 1093 345 ipsorum
1124 294 1300 335 edit-ione
1322 296 1559 339 adornavit.
1610 296 1681 338 Ad
1700 296 1777 337 lias
1796 297 2055 338 claris-sirmis
2075 297 2387 339 dissertationes

189 363 403 404 reicientes
433 362 630 412 lectorem,
661 362 734 414 qui
757 362 890 413 plura
920 362 969 403 dc
993 362 1107 417 fatis
1137 366 1174 404 ct
1204 364 1253 404 dc
1283 365 1445 405 ratione
1475 364 1622 405 horum
1643 369 1997 407 monunwntorum
2029 379 2262 419 coynosccrc
2283 367 2384 414 vult,

188 444 239 472 ea
270 433 432 471 tantum
461 430 534 471 hoc
565 430 648 472 loco
677 444 728 471 ca·
764 430 854 471 illis
883 429 1141 480 eoelubcnms,
1182 444 1287 482 quac
1317 431 1374 471 ad
1404 431 1556 472 codicis
1589 431 1767 473 indolem
1798 435 1835 473 et
1866 433 1923 474 ad
1951 433 2170 474 editionem
2200 437 2385 475 nostram

187 502 291 542 recte
320 499 632 553 intelliyendam
655 499 884 551 pertinent.

331 567 508 610 Servata
539 570 638 608 sunt
667 569 931 608 monumenta
961 570 1107 607 nostra
1138 567 1184 607 in
1215 568 1299 608 solo
1329 567 1461 609 codice
1484 569 1698 609 notissimo
1720 569 1924 611 tabularii
1956 571 2282 612 l'e'mlolumensis
2304 574 2386 610 5⁸1

187 636 553 691 (Reicies-Sacben
577 639 630 677 14
647 637 709 687 Α)
740 649 845 677 saec.
863 636 1002 685 XIII,
1044 636 1117 688 qui
1147 636 1420 677 collectionem
1453 636 1695 677 Ilei-manni
1726 638 1888 679 abbatis
1920 639 2165 680 Altabensis
2196 641 2386 680 continet.

186 706 244 747 Et
285 705 448 759 quidem
487 704 584 746 Par
619 719 657 747 a.
682 706 793 746 1244
818 704 1039 758 primitiva
1079 706 1132 758 (e.
1159 706 1357 758 1-31)ι
1390 705 1746 757 compi-elienditur
1780 707 1904 760 foliis
1939 708 2019 748 I'X
2032 705 2098 737 '——
2117 709 2251 750 CXII
2256 706 2280 757 ',
2318 724 2386 748 ‹ar-

186 777 302 827 cepta
321 774 470 816 ultima
499 775 681 827 payinae
707 773 843 816 CXII
849 769 858 782 ‘
890 773 1011 814 tertia
1038 776 1173 826 parte,
1205 774 1277 814 ubi
1301 777 1533 826 sequuntur
1556 775 1599 814 in
1621 776 1756 826 spatio
1781 789 1914 826 parco
1939 777 2065 827 prius
2086 792 2212 818 cai-uo
2234 778 2387 826 relicto,

186 843 296 896 quod
325 843 536 885 clauditur
557 856 638 894 per
667 844 826 883 cartam
859 842 1100 884 Hermanni
1128 842 1302 892 abbatis,
1335 843 1475 897 capita
1496 844 1553 883 82
1580 846 1615 883 ct
1647 845 1714 894 ⁸3,
1748 844 1791 884 in
1824 846 2011 897 rnaryinc
2042 847 2242 887 ‹ai-teriora
2273 849 2382 888 1:81

186 916 224 954 et
255 913 301 954 in
331 913 413 954 imo
442 912 630 965 mai-qino
660 924 692 953 c.
715 911 770 950 &5
794 914 891 963 post
920 911 1078 961 addita,
1110 912 1268 963 scripta
1299 912 1433 953 altera
1464 912 1634 962 manu2,
1666 927 1771 964 quac
1803 913 1947 953 ultimo
1979 928 2010 955 c.
2034 917 2088 952 «82¹3
2115 928 2258 965 presso
2284 915 2387 966 pede

186 981 495 1023 adnotationem
525 979 760 1021 subtuna-it:
804 980 989 1035 Reliqua
1027 980 1078 1021 de
1118 980 1254 1022 forma
1286 982 1404 1036 pacis
1438 981 1608 1035 require
1642 986 1742 1023 ante
1776 981 1935 1023 XXIII
1970 983 2082 1023 folia.
2148 987 2279 1036 Quam
2314 984 2388 1023 ad-

187 1050 438 1091 notationem
482 1051 664 1101 spectare
702 1048 759 1090 ad
791 1048 948 1103 folium
978 1047 1198 1098 XXXVI,
1241 1051 1386 1101 ciiyiitc
1423 1050 1591 1090 coniecit
1630 1051 1696 1091 vir
1738 1051 1786 1091 cl.
1818 1051 2063 1104 Itoclcinffler.
2132 1052 2215 1091 Ilic-
2252 1052 2388 1092 eadem

187 1120 322 1160 altera
360 1131 489 1160 manu
527 1118 722 1171 leyuntur
758 1118 898 1170 capita
928 1119 1124 1160 86—97.
1186 1118 1312 1159 Folia
1351 1115 1504 1160 CX'—
1524 1118 1655 1159 CXII
1691 1120 1878 1172 (cseccpta
1907 1121 2068 1172 payina
2104 1118 2275 1174 CXII')
2307 1122 2389 1161 iam

189 1187 418 1230 cancellata
455 1189 572 1237 sunt,
603 1185 788 1240 fortasse
829 1187 930 1238 quia
970 1199 1140 1228 normae
1177 1186 1237 1227 ibi
1273 1187 1451 1240 scriptae
1484 1190 1579 1241 post
1611 1187 1762 1228 Pacem
1793 1202 1833 1229 a.
1859 1189 1970 1229 1251)·
2009 1190 2274 1230 constitutam
2310 1190 2390 1229 vim

189 1256 372 1308 amplius
406 1268 491 1297 non
528 1254 744 1296 habebant.
816 1254 1040 1297 Praeterea
1078 1256 1245 1296 textus³
1284 1255 1410 1297 Pacis
1440 1257 1687 1308 primitivae
1724 1258 1929 1299 multoties
1969 1271 2098 1299 manu
2140 1259 2217 1299 illa
2257 1259 2391 1299 altera

186 1325 389 1374 variatus,
419 1326 567 1365 auctus
596 1336 668 1365 seu
697 1323 937 1365 decurtatus
967 1326 1026 1365 cst
1037 1325 1065 1374 4,
1105 1324 1186 1365 duo
1217 1325 1357 1376 capita
1387 1326 1438 1377 (c,
1465 1326 1530 1366 50.
1556 1328 1631 1379 67)
1662 1325 1828 1376 addita,
1865 1326 1945 1366 duo
1975 1328 2116 1379 capita
2147 1328 2199 1379 (c.
2227 1329 2289 1369 19.
2313 1330 2390 1379 21¹)

187 1394 422 1435 oblitterata
453 1395 562 1443 sunt,
594 1406 769 1445 quorum
800 1406 931 1433 unum
961 1395 1086 1444 caput
1108 1394 1162 1433 19
1193 1394 1326 1445 capite
1348 1397 1406 1434 «37
1429 1396 1525 1445 post
1555 1393 1698 1435 addito
1728 1394 1936 1446 expletum
1966 1397 2070 1437 est-³.
2127 1396 2229 1438 Gum
2251 1409 2392 1437 omncs

186 1463 263 1504 liae
293 1463 602 1504 immutationes
633 1462 807 1514 itemque
828 1462 1117 1503 additamenta
1150 1462 1207 1503 ad
1236 1465 1393 1504 tectum
1415 1462 1542 1505 Pacis
1573 1479 1611 1506 a.
1640 1465 1750 1504 1:256
1774 1467 1954 1517 vcryant,
1986 1465 2052 1505 vir
2073 1465 2122 1507 ct.
2149 1465 2386 1517 Itoclcinycr

187 1534 292 1573 recte
338 1530 559 1581 iudicavit,
600 1545 648 1572 ea
689 1533 781 1572 orta
821 1543 906 1572 csse
944 1544 964 1572 6
1000 1532 1152 1583 scripto
1189 1531 1333 1582 Pacis,
1375 1546 1480 1584 quac
1516 1533 1627 1574 inter
1668 1547 1708 1575 a.
1735 1535 1843 1573 1244
1882 1537 1919 1574 et
1954 1535 2064 1574 1250·
2104 1537 2237 1576 erecta
2276 1536 2392 1583 esset,

184 1600 299 1656 forte
328 1613 366 1642 a.
391 1601 515 1650 1247,
547 1613 626 1652 quo
655 1612 770 1640 anno
800 1600 1004 1641 terminus
1035 1599 1162 1641 Pacis
1190 1614 1228 1641 a.
1253 1602 1365 1642 1244
1398 1601 1606 1643 exivisset.
1657 1601 1772 1642 Huic
1792 1603 1945 1654 scripto
1970 1603 2168 1657 fortasse,
2199 1605 2244 1643 ut
2265 1602 2393 1642 dissc-

187 1670 277 1711 ruit
305 1669 372 1710 vir
401 1668 678 1718 doctissimus,
716 1682 764 1710 ca
795 1671 958 1710 tantum
989 1669 1245 1711 vindicanda
1278 1672 1393 1720 sunt,
1437 1670 1587 1722 quibus
1618 1671 1863 1722 primitivus
1894 1671 2021 1713 Pacis
2051 1686 2090 1713 a.
2115 1674 2225 1712 1244
2257 1674 2394 1711 textus

187 1739 381 1780 variatus
410 1741 470 1780 cst
499 1740 536 1779 et
565 1738 740 1790 insuper
769 1738 909 1790 cap-ita
939 1738 1133 1789 82—85;
1174 1739 1313 1790 capita
1344 1740 1401 1778 86
1411 1740 1531 1779 --97
1561 1739 1757 1780 recedunt
1787 1740 1844 1780 acl
1874 1741 2074 1792 seriptum
2107 1740 2232 1781 Pacis
2258 1741 2390 1791 postc-

187 1807 334 1858 rioris,
372 1821 480 1860 quae
510 1821 550 1848 a.
575 1807 687 1848 1250
725 1806 905 1859 fortasse
942 1807 1167 1848 constituta
1205 1810 1277 1850 cst.
1343 1807 1446 1849 Cum
1476 1808 1599 1848 etia-m
1633 1809 1679 1849 in
1710 1808 1776 1850 liis
1806 1809 2011 1860 capitibus
2041 1810 2214 1848 ‹se—97
2245 1809 2391 1848 immu-

189 1878 365 1918 tationes
395 1876 625 1918 nonnullae
645 1878 891 1928 appareant,
923 1889 1028 1928 quae
1050 1878 1206 1917 textum
1227 1875 1354 1918 Pacis
1383 1891 1424 1919 a.
1448 1878 1560 1917 12:30·
1584 1877 1769 1929 sapiunt,
1801 1877 1877 1919 liae
1898 1879 2050 1930 scripto
2073 1877 2199 1919 Pacis
2221 1893 2260 1920 a.
2285 1878 2395 1918 1253

188 1947 293 1988 ictae
322 1946 461 1987 deberi
480 1944 686 1986 videntur.
741 1945 826 1986 Res
847 1947 951 1986 certe
971 1944 1163 1997 difficilis
1183 1948 1243 1986 cst
1263 1945 1320 1986 ad
1340 1945 1674 1996 diiialicandum,
1703 1948 1949 1998 pracsertim
1973 1962 2063 1989 cum
2086 1960 2224 1989 omncs
2245 1948 2393 1988 immu-

189 2014 366 2056 tationes
395 2015 433 2054 ct
462 2013 751 2055 additamenta
781 2012 917 2054 codem
948 2016 1124 2065 tempore
1157 2016 1335 2054 coearata
1366 2026 1463 2065 csse,
1495 2015 1757 2066 caploratum
1784 2028 1869 2057 non
1900 2016 1968 2058 sit.
2027 2016 2257 2066 Lemmata,
2289 2029 2396 2068 quac

188 2083 393 2135 capitibus
422 2082 545 2134 pacis
567 2081 846 2134 provincialis
881 2081 978 2123 inde
1008 2095 1035 2122 a
1065 2082 1198 2136 capite
1221 2084 1276 2122 13
1306 2083 1354 2123 in
1384 2083 1572 2137 maryinc
1602 2098 1629 2125 a
1661 2097 1790 2125 manu
1827 2085 1906 2126 illa
1935 2085 2072 2126 altera
2103 2085 2250 2126 addita
2281 2086 2391 2134 sunt,

188 2153 342 2206 scripto
372 2151 500 2193 Pacis
536 2151 718 2204 yenuino
752 2151 931 2203 propria
961 2153 1065 2193 certe
1095 2164 1180 2193 non
1211 2154 1344 2202 erant,
1379 2153 1522 2204 potius
1561 2165 1731 2194 normas
1762 2152 1943 2208 facilius
1980 2153 2222 2195 inveniendi
2251 2154 2395 2206 qratia

183 2221 325 2273 posita
354 2233 439 2262 esse
468 2220 673 2262 videntur.

332 2289 484 2332 Pacem
523 2304 562 2331 a.
585 2291 698 2331 1244
729 2288 987 2331 Ratisbonae
1025 2289 1292 2331 constitutam
1331 2302 1432 2340 csse,
1476 2293 1684 2332 testantur
1714 2291 1908 2332 Annales
1946 2291 1987 2333 S.
2021 2291 2227 2333 Rfudbcrti
2257 2291 2394 2334 Salis-

188 2359 410 2413 buryenscs
439 2358 535 2413 (SS.
559 2358 643 2409 IX,
667 2359 770 2412 788)
808 2357 875 2399 liis
904 2358 1060 2399 verbis:
1101 2358 1316 2400 Dominus
1355 2359 1443 2400 dux
1475 2359 1676 2402 Bawarie
1718 2362 1880 2403 curiam
1915 2361 2174 2417 Ratispone‚
2216 2376 2393 2417 presen-

187 2428 304 2470 tibus
335 2428 590 2470 Eberhardo
623 2428 934 2483 Salzpurgensi
979 2427 1307 2484 archiepiscopo
1352 2432 1395 2470 et
1439 2429 1533 2470 aliis
1576 2429 1863 2485 principibus,
1907 2431 2168 2478 celebravit;
2209 2430 2281 2471 ubi
2314 2444 2391 2485 pro

188 2497 496 2539 reformatione
529 2501 667 2539 status
698 2502 813 2538 terre
845 2496 990 2552 aliqua
1021 2497 1218 2539 instituta
1250 2498 1367 2540 edita
1397 2498 1586 2541 fuerunt.

332 2565 574 2607 Ediderunt
609 2565 760 2607 Pacem
797 2579 817 2607 e
855 2565 987 2607 codice
1034 2565 1180 2608 Clinicl
1225 2567 1395 2608 ‘Archiv
1430 2566 1512 2622 fiir
1547 2567 1704 2609 Kunde
1741 2567 2098 2610 &steri-eicleisclier
2139 2567 2396 2610 Gcsclziclits-

190 2635 364 2687 quellen'
397 2635 433 2686 Ι,
454 2637 522 2685 44,
561 2634 798 2677 Wittmann
835 2635 1023 2688 ‘Qucllen
1063 2635 1152 2676 und
1181 2635 1498 2689 Ero'rterunyen
1528 2649 1606 2677 eur
1643 2636 1910 2689 bapscrisclien
1941 2637 2030 2677 und
2061 2636 2280 2678 deutschen
2314 2638 2395 2678 Ge-

190 2704 376 2745 scliichte'
408 2703 454 2755 V,
475 2706 531 2745 77
566 2717 634 2746 nr.
658 2706 726 2755 36,
768 2704 916 2756 optime
958 2704 1194 2757 Rockinyer
1235 2705 1261 2746 l.
1291 2718 1322 2746 e.
1344 2707 1402 2746 37
1417 2717 1476 2758 sq.
1547 2705 1619 2746 Ad
1662 2705 1880 2746 editionem
1925 2708 2111 2746 nostram
2150 2705 2395 2757 parandam

190 2773 363 2814 codicem
394 2773 593 2827 (eccceptis
622 2773 828 2825 capitibus
857 2774 914 2813 86
924 2774 1064 2824 -97)
1095 2773 1229 2815 denuo
1259 2774 1433 2815 contulit
1463 2773 1779 2827 diliyentissime
1809 2789 1844 2815 v.
1877 2774 1925 2816 cl.
1951 2774 2295 2827 Holdcr-Eyyer,
2328 2774 2395 2815 cui

190 2842 380 2884 debemus
423 2843 549 2883 etiam
588 2855 653 2892 ea,
700 2855 806 2894 quae
849 2841 898 2883 cle
935 2842 1084 2884 codicis
1120 2842 1258 2884 indole
1293 2845 1331 2883 et
1370 2842 1419 2884 de
1460 2843 1656 2884 manibus
1691 2842 1826 2884 variis
1866 2843 2031 2884 diversa
2063 2858 2090 2884 a
2120 2843 2394 2896 descriptione

192 2911 531 2965 Rockinyeriana
554 2913 866 2963 proponuntur.
931 2910 1106 2952 Textum
1135 2913 1278 2952 nostro
1312 2924 1423 2952 more
1453 2911 1658 2963 capitibus
1689 2911 1979 2962 distinximus,
2023 2925 2198 2963 quorum
2228 2911 2394 2952 numeri

190 2981 459 3033 aliquantum
489 2980 713 3021 abhorrent
742 2993 770 3021 a
799 2979 986 3020 numeris
1015 2979 1197 3031 capitum
1227 2979 1422 3021 editionis
1450 2979 1814 3022 Wittmannianae
1845 2982 1882 3021 et
1907 2981 2007 3031 plus
2028 2995 2055 3021 a
2076 2980 2262 3020 numeris
2282 2980 2389 3021 arti-

190 3050 376 3091 culorum
396 3051 435 3090 et
449 3048 816 3102 parayrapliorum
835 3047 1031 3098 editionis
1052 3047 1429 3102 Reclcinyerianae.
1479 3048 1617 3101 Quare
1638 3061 1833 3090 numeros
1863 3049 2224 3091 Wittmannianos
2238 3049 2391 3100 prime,

191 3118 549 3172 Roclcinyerianos
582 3117 760 3159 secundo
795 3117 879 3159 loco
917 3117 1038 3158 uncis
1072 3116 1255 3158 inclusos
1286 3117 1442 3159 nostris
1473 3117 1700 3158 adiecimus
1730 3120 1767 3158 ct
1797 3117 1842 3158 in
1875 3118 2062 3169 maraine
2093 3117 2233 3168 capita
2265 3116 2394 3158 Pacis

191 3201 231 3229 a.
256 3187 368 3229 1256
398 3186 668 3240 conyruentia
692 3185 924 3238 posuimus.
989 3185 1102 3237 Quae
1132 3185 1180 3225 in
1211 3187 1326 3226 textu
1356 3186 1540 3238 capitum
1562 3188 1702 3226 1-81
1732 3186 1853 3227 uncis
1883 3186 2142 3236 inclusimus,
2175 3199 2223 3226 ca
2254 3186 2395 3226 omnia

191 3256 327 3298 altera
355 3256 436 3297 illa
465 3269 596 3297 manu
626 3255 759 3297 teoetui
780 3254 923 3306 priori
952 3253 1101 3296 addita
1130 3266 1216 3295 esse
1244 3267 1318 3296 nec
1347 3267 1534 3307 unquam
1565 3257 1702 3296 textus
1731 3254 1895 3308 prioris
1920 3254 2099 3306 propria
2123 3254 2263 3308 fuisse
2295 3254 2393 3295 benc

332 3390 366 3432 1)
392 3390 432 3424 Si
458 3390 592 3425 Pacem
609 3389 828 3434 primitivam
851 3390 917 3426 hoc
940 3390 1014 3424 loco
1039 3389 1214 3434 capitibus
1239 3394 1359 3425 1-81
1383 3389 1637 3433 concludimus,
1666 3390 1818 3433 eoecipias
1843 3389 2004 3423 volumus
2028 3389 2151 3433 capita
2175 3390 2215 3423 in
2237 3390 2395 3434 marqiue

190 3447 359 3491 foliorum
377 3447 505 3481 CX·-
522 3446 653 3481 CXII'
672 3450 753 3491 post
776 3446 912 3490 addita,
938 3458 1030 3491 quae
1053 3447 1094 3481 in
1118 3446 1404 3481 dinumeratione
1420 3450 1544 3481 nostra
1560 3457 1639 3481 cum
1662 3446 1855 3491 primitivis
1879 3446 2150 3480 numeravimus.
2234 3448 2268 3490 2)
2297 3448 2395 3492 Quae

191 3515 323 3539 manus
344 3508 468 3539 utrum
491 3505 627 3539 scribae
644 3505 796 3549 prioris,
822 3504 884 3548 qui
901 3508 985 3548 pest
1008 3504 1118 3538 decem
1141 3504 1195 3538 vel
1217 3504 1342 3548 viginti
1367 3514 1483 3538 annos
1506 3504 1626 3538 minus
1651 3507 1813 3538 accurate
1836 3504 1973 3547 alioque
1996 3503 2107 3538 ductu
2132 3504 2317 3548 scribebat,
2344 3516 2394 3538 an

192 3562 338 3596 alterius
361 3561 512 3595 hominis
534 3561 658 3605 fuerit,
685 3561 837 3596 discerni
859 3572 934 3596 non
951 3565 1076 3605 potest.
1195 3563 1231 3605 3)
1258 3562 1307 3595 In
1328 3561 1412 3595 solis
1435 3561 1609 3605 capitibus
1626 3567 1667 3595 14
1685 3564 1716 3595 et
1735 3566 1755 3595 5
1762 3566 1780 3595 7
1800 3561 1982 3595 nonnulla
2003 3561 2104 3595 rerba
2127 3572 2240 3605 supra
2265 3562 2393 3595 limam

193 3618 322 3653 addita
345 3621 430 3652 sunt
449 3618 569 3661 priore
592 3629 713 3662 manu,
738 3622 780 3652 ut
804 3622 1025 3654 correcturas
1049 3619 1206 3663 capitum
1222 3623 1252 3653 2.
1277 3623 1305 3653 7.
1330 3623 1379 3654 13.
1406 3624 1458 3654 45.
1486 3623 1540 3653 50.
1561 3619 1850 3662 praetermittam.
1943 3619 1979 3660 4)
2012 3618 2067 3661 Cf.
2092 3619 2266 3663 imprimis
2291 3630 2318 3653 c.
2340 3623 2393 3653 22.

126 3685 160 3710 50
194 3680 247 3711 24.
264 3681 316 3711 27.
333 3680 384 3711 37.
401 3680 453 3710 42.
471 3680 526 3710 49.
548 3681 598 3710 51.
619 3681 672 3710 54.
690 3680 741 3710 63.
759 3681 812 3711 69.
929 3678 964 3718 5)
993 3676 1110 3720 Caput
1127 3682 1174 3711 47
1193 3687 1267 3710 non
1291 3677 1526 3711 oblitteratum
1550 3676 1665 3719 capite
1684 3680 1727 3711 85
1751 3676 1917 3720 eoepletur.

2055 3749 2126 3783 70³<
