2558 3970
141 166 192 204 42
648 160 857 196 OT'PONIS
884 161 943 194 IV.
971 156 1401 195 CONSTITUTIONES.
1452 157 1551 191 1209.
1599 156 1662 191 Nr.
1680 156 1734 190 32.
1761 157 1815 191 33.

141 276 193 317 de
226 276 550 326 Vui1·tinbe1·0w‚
595 275 800 315 Albertus
833 274 883 314 de
915 273 1065 323 Entse,
1110 273 1372 314 Heinricusx
1404 271 1666 312 marscalcus
1707 270 1758 311 de
1791 270 2026 323 Kallindin,
2058 269 2324 311 Vualtherus

140 346 346 399 pincerna
380 344 431 384 de
464 344 684 398 Schipfcn.
717 341 949 383 Heinricus
983 342 1243 382 camerarius
1277 340 1329 381 de
1361 340 1630 394 Rauinsperc
1663 343 1706 380 et
1738 339 1810 380 alii
1841 353 1967 394 quam
1998 340 2158 394 plures.

279 412 296 466 Ξ
328 412 504 466 Signum
538 411 697 451 domini
732 410 927 451 Ottonisy
960 409 1098 464 quarti
1132 408 1424 450 Romanorum
1455 408 1571 462 regis
1603 406 1903 459 invictisimi.}
1941 406 2039 463 (M.)

281 480 375 533 Ego
410 478 632 520 Conradus
668 478 910 532 Spirensisz
943 478 1172 532 episcopus
1202 477 1363 530 regalis
1397 476 1494 517 aule
1528 476 1809 516 cancellarius
1834 476 1926 517 vice
1955 476 2115 516 domini
2136 475 2326 517 Tideriei

141 548 411 589 Coloniensis
444 546 758 601 archiepiscopi
790 547 919 586 totius
954 545 1098 586 Ytalie
1132 544 1525 585 archicancellariia
1556 543 1802 598 recognovi.
2043 551 2046 553 ’

282 616 394 655 Acta
434 620 531 654 sunt
572 614 649 654 hec
682 627 792 654 anno
826 613 1040 654 dominice
1085 612 1390 654 incarnationis
1432 612 1658 653 millesimo
1693 611 1916 664 CCVIIII,
1959 612 2191 654 indictione
2223 613 2325 666 XII,

139 687 345 737 regnante
379 683 549 723 domino
573 681 761 723 Ottoneb
795 687 946 737 quarto
969 681 1258 722 Romanorum
1284 694 1386 735 rege
1410 680 1607 734 glorioso,
1641 694 1752 720 anno
1785 681 1909 735 regni
1941 681 2032 722 eius
2055 680 2326 724 duodecimo.

141 751 252 791 Data
285 751 328 791 in
361 751 513 791 castris
546 750 659 805 apud
692 755 855 791 curtem
878 750 1062 791 Ualeam
1082 751 1095 774 ¹
1127 763 1202 805 per
1233 763 1404 790 manum
1430 748 1657 789 Vualtheri
1690 749 1848 803 regalis
1871 749 1968 790 aule
2001 749 2326 804 prothonotarii,

140 819 254 859 va
286 818 507 859 Kalendas
541 819 828 874 Septembris,

630 1109 725 1177 33.
781 1105 1282 1178 LEGATIO
1335 1104 1841 1177 ROMANA.

1058 1231 1227 1288 (1209.
1264 1230 1415 1292 Aug.)

282 1364 411 1406 Dedit
441 1365 506 1405 vir
535 1364 572 1405 d.
606 1364 740 1417 Tangyl
771 1377 790 1405 c
822 1363 1007 1416 Rcyistri
1038 1362 1276 1404 Imzocmztii
1306 1362 1401 1405 III.
1441 1364 1532 1404 tom.
1564 1361 1637 1412 VI,
1665 1361 1742 1418 fol.
1765 1359 1840 1404 43‘
1871 1377 1930 1415 ep.
1958 1364 2039 1404 191
2071 1367 2151 1416 (ep.
2174 1365 2257 1405 190
2286 1364 2334 1405 in

139 1433 386 1475 editionibus
415 1433 600 1486 Reyisz‘rc'
639 1432 686 1473 de
723 1445 811 1484 oley.
843 1433 973 1487 hup),
1017 1432 1089 1472 aba·
1120 1431 1388 1473 inscribitur:
1426 1431 1593 1472 Littere
1626 1430 1795 1473 Ottonis
1828 1433 2008 1474 illustris
2039 1431 2330 1474 Romanorum

141 1503 253 1558 regis
288 1516 458 1558 semper
491 1502 664 1556 augusti
696 1501 748 1542 ad
782 1500 1002 1541 dominum
1035 1514 1205 1556 papam.
1241 1524 1292 1529 —
1324 1499 1519 1550 Bo‘lwner,
1551 1498 1652 1552 Ray,
1684 1501 1781 1552 imp.
1815 1499 1860 1550 V,
1880 1501 1979 1543 298.

1978 1567 2049 1622 (P.
2068 1571 2189 1621 217.)

283 1650 539 1692 Reverendo
579 1651 622 1691 in
664 1649 836 1691 Christo
876 1648 1048 1690 domino
1090 1651 1132 1688 et
1172 1649 1282 1703 patri
1323 1663 1399 1690 suo
1442 1649 1722 1690 dilectissimo
1763 1649 2018 1692 Innocentio
2061 1654 2333 1693 sacrosancte

144 1719 337 1760 Romane
369 1719 550 1760 ecclesie
584 1732 749 1759 summo
780 1718 974 1773 pontifici
1006 1716 1151 1771 O(tto)
1184 1716 1267 1757 Dei
1305 1717 1445 1771 gratia
1476 1717 1769 1758 Romanorum
1802 1732 1882 1759 rex
1921 1733 2093 1774 semper
2124 1723 2333 1774 augustus

143 1788 326 1829 salutem
358 1789 400 1828 in
432 1787 618 1829 Domino
650 1791 692 1828 et
724 1787 855 1827 totius
886 1786 1030 1827 filialis
1063 1785 1302 1827 dilectionis
1335 1786 1662 1840 plenitudinem.

287 1855 393 1896 Cum
435 1870 509 1897 nos
551 1870 719 1897 omnem
761 1856 966 1896 honorem
997 1859 1205 1905 nostrum,
1248 1868 1375 1909 quem
1408 1855 1638 1896 obtinendo
1669 1855 1913 1897 Romanum
1952 1856 2191 1911 imperium,
2230 1857 2332 1899 licet

143 1938 238 1965 cum
278 1925 411 1965 multo
450 1925 597 1966 labore
640 1929 682 1966 et
722 1924 891 1975 sudore,
940 1928 1037 1979 post
1068 1923 1211 1965 Deum
1243 1923 1363 1964 vobis
1403 1923 1702 1976 adscribimus,
1747 1939 1833 1966 non
1874 1925 2084 1966 immerito
2123 1926 2246 1968 nobis
2278 1926 2330 1969 de

143 1993 260 2034 vobis
309 1997 373 2034 est
420 1992 758 2048 presumendum
797 1997 840 2033 et
882 1993 925 2033 in
964 1993 1193 2034 sanctitate
1227 1996 1371 2033 vestra
1413 1997 1479 2034 est
1520 1992 1835 2045 confidendum,
1881 1993 1993 2048 quod
2025 2007 2101 2035 vos
2134 1993 2187 2036 de
2219 1995 2334 2036 omni

143 2062 430 2116 prosperitate
464 2066 506 2102 et
538 2062 676 2102 salute
708 2065 856 2102 nostra
889 2061 966 2102 sub
999 2061 1160 2102 affectu
1190 2063 1372 2115 paterne
1405 2060 1648 2102 dilectionis
1681 2061 1805 2102 nobis
1829 2061 2100 2117 congaudere
2125 2062 2332 2106 debeatis.

146 2129 446 2184 Significamus
478 2131 609 2184 igitur
637 2134 778 2171 vestre
812 2130 1040 2179 sanctitati,
1074 2128 1187 2184 quod
1218 2143 1296 2170 nos
1329 2130 1450 2180 iuxta
1482 2130 1689 2171 honorem
1721 2134 1913 2172 nostrum
1948 2135 1991 2172 et
2022 2131 2202 2186 imperii,
2234 2132 2331 2174 feli-

145 2199 251 2240 citer
282 2198 498 2253 dispositis
532 2204 574 2240 et
605 2198 810 2239 ordinatis
840 2199 885 2238 in
917 2197 1179 2238 Alamannia
1211 2197 1369 2238 nostris
1403 2201 1446 2238 et
1477 2197 1646 2253 imperii
1668 2199 1864 2253 negotiis,
1898 2213 1993 2240 cum
2017 2201 2214 2242 exercitu
2236 2201 2333 2242 forti

146 2273 188 2307 et
219 2268 404 2321 glorioso
437 2272 604 2308 montes
643 2281 822 2322 magnos
864 2266 1149 2307 transivimus
1182 2269 1225 2306 et
1262 2266 1347 2306 iam
1379 2266 1433 2307 ad
1465 2266 1633 2307 Padum
1675 2269 2049 2321 transmeavimus,
2089 2270 2333 2325 processuri

145 2336 196 2377 ad
239 2350 332 2377 vos.
381 2341 429 2377 ut
475 2337 733 2391 recipiamus
781 2350 806 2377 a
851 2350 980 2377 manu
1019 2339 1166 2376 vestra
1209 2335 1443 2377 benedicta
1486 2336 1834 2378 benedictionem
1882 2342 1923 2378 et
1963 2338 2333 2380 consecrationem

145 2405 400 2446 diadematis
442 2405 693 2459 imperialis,
763 2404 968 2459 Receptis
1011 2403 1195 2458 denique
1228 2404 1389 2444 nuntiis
1423 2405 1589 2454 vestris,
1633 2419 1739 2459 quos
1784 2405 1837 2446 ad
1867 2419 1945 2447 nos
1985 2407 2332 2460 transmiseratis,

145 2474 346 2515 videlicet
378 2473 554 2515 Andrea
598 2473 863 2514 subdiacono
911 2478 954 2514 et
999 2473 1155 2513 clerico
1199 2478 1344 2514 vestro
1390 2477 1432 2514 et
1471 2473 1702 2515 Thurando
1749 2474 1881 2515 fratre
1920 2474 2156 2529 Hospitalis
2196 2476 2335 2517 sancti

146 2543 367 2593 Iohannis,
407 2542 560 2583 auditis
602 2557 770 2597 quoque
814 2542 1011 2583 omnibus
1053 2542 1133 2582 hiis
1174 2555 1255 2595 que
1295 2542 1378 2597 ipsi
1417 2542 1538 2582 nobis
1581 2557 1636 2583 ex
1679 2547 1801 2597 parte
1834 2547 1980 2584 vestra
2019 2544 2254 2598 prudenter
2292 2549 2336 2586 et

147 2612 330 2653 discrete
362 2616 691 2667 proposuerunt,
734 2616 776 2651 et
816 2611 897 2651 hiis
937 2611 1064 2665 plene
1096 2610 1341 2659 intellectis,
1389 2610 1536 2651 habito
1577 2611 1754 2651 consilio
1795 2611 2036 2666 principum
2069 2615 2112 2653 et
2141 2612 2332 2654 fidelium

147 2686 402 2730 nostrorum,
437 2680 607 2720 nuntios
640 2683 826 2728 nostros,
859 2680 1065 2720 honestos
1100 2683 1142 2719 et
1166 2679 1430 2733 sollempnes
1465 2680 1624 2720 latores
1657 2679 1935 2734 presentium,
1970 2679 2150 2720 dilectos
2182 2680 2333 2722 fideles

147 2756 327 2797 nostros,
362 2749 559 2789 videlicet
593 2748 841 2789 Cunradum
875 2748 1124 2803 Spirensem
1160 2748 1410 2803 epispocum
1445 2753 1488 2788 et
1520 2749 1680 2802 regalis
1713 2748 1810 2789 aule
1842 2752 1989 2788 nostre
2015 2749 2334 2802 cancellarium,

149 2817 392 2859 Cunradum
425 2817 727 2857 Brixinensem
761 2817 1024 2872 episcopum,
1058 2817 1294 2857 Iohannem
1329 2816 1689 2858 Cameracensem
1723 2817 1974 2872 episcopum
2006 2821 2049 2858 et
2080 2816 2334 2858 Heinricum

148 2886 430 2927 Mantuanum
465 2886 711 2940 episcopum
746 2889 787 2925 et
819 2885 1069 2939 magistrum
1092 2885 1347 2926 Heinricum
1371 2886 1645 2926 scolasticum
1670 2885 1817 2926 Sancti
1841 2884 2050 2926 Gereonis
2073 2885 2115 2925 in
2140 2884 2334 2938 Colonia,

149 2954 424 2995 Gunzilinum
463 2954 758 2994 senescalcum
799 2958 1004 3004 nostrum,
1045 2952 1265 2994 Ounonem
1299 2954 1580 2994 camerarium
1614 2957 1820 3003 nostrum,
1860 2953 1915 2993 H.
1949 2952 2002 2994 de
2037 2952 2334 3005 Smalnecke¹²‚

149 3023 263 3062 viros
297 3022 442 3075 utique
475 3021 676 3075 providos
701 3026 743 3062 et
766 3021 983 3068 honestos,
1018 3021 1069 3061 ad
1099 3023 1361 3076 presentiam
1386 3026 1529 3063 vestre
1562 3021 1799 3073 sanctitatis
1824 3021 2023 3062 duximus
2046 3021 2333 3075 destinandos,

151 3091 327 3131 verbum
361 3094 554 3130 nostrum
587 3090 639 3130 ad
673 3104 744 3130 vos
778 3089 1059 3131 deferendum
1098 3090 1203 3145 ipsis
1245 3091 1496 3145 plenissime
1529 3091 1857 3132 committentes.
1918 3089 2173 3131 Mandamus
2204 3090 2337 3145 igitur

150 3159 269 3199 vobis
302 3163 344 3198 et
376 3159 489 3198 omni
519 3172 696 3212 precum
729 3172 803 3198 vos
835 3158 1040 3198 instantia
1071 3172 1274 3212 rogamus
1287 3158 1318 3207 ¹³,
1360 3163 1405 3199 ut
1437 3173 1510 3199 vos
1549 3159 1630 3199 hiis
1664 3159 1860 3199 omnibus
1893 3158 2018 3199 fidem
2050 3157 2334 3200 indubitatam

150 3226 406 3275 adhibeatis,
441 3240 521 3280 que
553 3227 635 3281 ipsi
668 3240 721 3267 ex
752 3230 873 3281 parte
906 3231 1053 3267 nostra
1085 3231 1227 3267 vestre
1262 3227 1565 3281 proposuerint
1595 3227 1859 3281 paternitati.

286 3327 346 3361 32.
378 3335 417 3369 w)
444 3329 655 3362 Vun‘sinberc
683 3329 711 3362 l.
737 3328 768 3362 2.
794 3328 825 3362 3.
942 3330 975 3370 Χ)
1002 3331 1172 3362 Henricus
1196 3328 1227 3362 3.
1344 3329 1376 3370 y)
1403 3331 1560 3363 Otthonis
1584 3328 1616 3362 2.
1735 3332 1761 3368 z)
1788 3330 1897 3373 Spri—n.
1926 3328 1954 3360 1.
1972 3327 2002 3361 2.
2022 3328 2054 3362 3.
2171 3328 2201 3371 ⁸)
2227 3330 2336 3363 archi-

150 3386 409 3418 caneancellarii
436 3386 463 3418 1.
597 3385 630 3427 b)
656 3387 803 3419 Otthone
828 3385 859 3419 2.
977 3388 1008 3428 c)
1041 3387 1146 3419 codem
1176 3397 1305 3428 quoque
1335 3383 1544 3427 Trivisanus,
1571 3398 1667 3429 quem
1692 3386 1841 3429 sequitur
1864 3385 2013 3419 Bo‘kmer
2037 3387 2073 3419 in
2095 3386 2239 3420 editione
2263 3397 2337 3428 sua,

150 3453 218 3474 non
237 3442 377 3484 praebet
400 3453 576 3475 numerum
600 3444 691 3485 XIV,
715 3449 751 3475 ut
774 3444 865 3475 illico
891 3444 1023 3485 Zeqituff,
1047 3444 1106 3476 sed
1129 3444 1203 3476 XV.
1738 3438 1744 3444 ’

286 3497 346 3532 33.
378 3499 409 3540 a)
434 3500 644 3532 Finalnecke
669 3511 694 3532 c.
835 3499 868 3542 b)
895 3501 985 3533 deest
1010 3512 1036 3533 c.
1066 3525 1070 3530 ,

293 3590 324 3630 l)
351 3587 476 3630 Hodie,
506 3592 547 3621 ut
574 3588 703 3622 Ficker
729 3589 748 3622 I.
766 3600 792 3622 c.
818 3589 973 3632 coniecit,
1000 3589 1157 3632 Valeyyio
1180 3589 1228 3623 ad
1255 3589 1440 3623 Mincium.

2366 1131 2398 1156 1⁰

2368 1574 2399 1599 15

2368 1936 2402 1962 20

2370 2284 2402 2310 25

2372 2628 2405 2653 30

2371 2962 2403 2987 ³5

2371 3330 2405 3355 40

2499 359 2524 466 §nu
