2558 3970
151 165 232 204 462

508 158 753 193 WILHELMI

782 157 917 191 REGIs
945 154 1370 191 CONSTITU'PIONES.
1420 155 1518 189 1247.
1558 154 1654 188 1248.
1704 154 1861 188 N1·.355.
1886 153 1964 188 356.

153 283 193 317 et
228 276 387 329 regium
421 276 608 315 favorem
644 287 690 314 ac
722 272 892 313 laudem
926 272 1141 312 hominum
1175 273 1494 325 comparantes.
1535 268 1587 308 de
1621 267 1689 308 die
1721 269 1763 308 in
1797 268 1907 308 diem
1942 268 2215 308 virtuosiores
2251 282 2328 323 per

153 346 350 384 effectum
384 343 620 398 probemini
657 347 698 381 ct
730 342 770 380 in
805 345 921 380 tanto
955 340 1126 392 negotio
1161 338 1372 379 fortiores.

295 412 394 452 Dat.
427 416 471 451 ut
504 425 644 465 supra.

181 570 279 614 355.
323 568 696 611 JXXOCJJXJ'JI
724 568 803 609 Jl'.
838 566 1135 609 EPISTOLA
1171 565 1257 607 AI)
1291 564 1623 605 PRINCJPES
1658 563 2050 606 TEUTONICOS.
2109 563 2210 604 Nou.
2236 564 2300 604 19.

293 651 336 691 E
363 650 546 702 Reqislri
584 650 860 697 t0n201,.<·›5.3‚
893 648 960 688 lib.
991 647 1034 697 V,
1067 661 1151 689 cur.
1174 648 1232 687 22
1269 646 1487 686 ediderunt
1526 644 1778 697 Raynaldus
1817 644 2022 685 ‘Annales
2061 643 2332 685 ecclesiastic?
2387 662 2402 686 5

151 735 188 760 a.
217 721 321 759 1:247
359 719 387 773 ἕ
410 722 432 757 5
473 722 510 759 ct
548 718 766 759 Mem-man
797 716 918 767 1323
956 730 1021 759 nr.
1043 718 1111 757 21.
1173 715 1406 767 Eln'stolam
1445 727 1529 754 non
1566 713 1698 754 solum
1736 712 1793 753 ad
1832 724 1897 752 cos
1934 712 2006 764 qui
2038 713 2335 753 enumerantur

154 857 245 908 bu‘ryl
278 857 340 898 ῙῙ.
375 858 554 896 ›nn-1154.

148 788 359 841 principes
380 787 518 827 datam
542 799 636 828 esse.
667 789 768 826 recle
793 785 1088 826 animadvertit
1110 784 1361 836 Rorlcnbcrq.
1387 808 1441 812 —
1463 781 1670 822 lInillarcl
1680 780 1914 821 -chssholles
1940 779 1975 820 V
1975 780 2012 829 Ι,
2031 780 2124 822 575.
2172 779 2336 821 Rodcn-

620 855 805 895 Parthas!
839 856 988 895 12759.
1052 854 1210 905 Berqer
1231 855 1353 893 4072.
1415 851 1608 900 Romam,
1642 849 1739 902 Rea.
1772 850 1868 901 imp.
1902 848 2092 898 127903.

1597 951 1622 966 q.
1983 916 2051 970 (P.
2075 919 2190 966 364.)

342 1060 350 1067 .
382 1027 705 1082 archiepiscopo
740 1026 1019 1081 Maguntin0¹
1054 1030 1095 1066 ct
1129 1026 1220 1065 eius
1254 1023 1555 1078 suffraganeis,
2374 1033 2407 1058 10

298 1096 491 1136 Studium
528 1101 567 1136 et
602 1095 952 1139 sollicitudinem,
996 1109 1121 1149 quam
1162 1095 1202 1135 in
1237 1094 1458 1134 creatione
1491 1090 1698 1132 carissimi
1739 1090 1779 1130 in
1814 1089 1986 1130 Christo
2018 1089 2094 1130 filii
2127 1089 2260 1130 nostri
2294 1121 2303 1130 .
2327 1120 2336 1129 .

155 1166 269 1219 regis
312 1164 598 1205 Romanorum
641 1164 820 1204 illustris
861 1163 1063 1203 habuisse
1106 1163 1354 1213 noscimini,
1395 1161 1532 1216 dignis
1573 1161 1614 1200 in
1654 1159 1839 1200 Domino
1879 1159 2079 1200 laudibus
2120 1171 2337 1199 commen-

156 1233 328 1274 dantes,
372 1234 602 1287 gratiarum
638 1232 758 1272 vobis
792 1246 898 1286 quas
939 1245 1168 1287 possumus
1202 1231 1428 1272 referimus
1462 1229 1667 1270 actiones
1730 1227 1844 1274 Quia
1875 1241 1975 1268 vero
2008 1231 2168 1282 quanto
2199 1226 2337 1267 maius

157 1310 222 1342 est
254 1302 470 1356 inceptum
513 1301 753 1356 negotium,
797 1305 917 1341 tanto
951 1299 1003 1341 ad
1044 1300 1213 1340 felicem
1247 1300 1339 1340 eius
1371 1298 1741 1340 consumationem
1775 1297 1938 1338 auxilio
1970 1297 2136 1351 indiget
2166 1295 2336 1351 potiori,

156 1371 466 1411 fraternitatem
500 1374 687 1411 vestram
729 1383 951 1424 rogamus,
996 1382 1220 1409 monemus
1254 1373 1296 1409 et
1329 1368 1550 1408 hortamur
1581 1369 1768 1416 attente,
1808 1366 1849 1406 in
1883 1365 2184 1406 remissionem
2216 1363 2338 1405 vobis
2377 1382 2408 1407 15

157 1439 449 1494 peccaminum
481 1439 770 1493 imponentes,
805 1439 1024 1492 quatinus,
1067 1437 1340 1477 considerato
1380 1435 1616 1491 prudenter
1648 1434 1762 1489 quod
1792 1449 1878 1475 non
1911 1438 1978 1475 est
2008 1434 2050 1474 in
2082 1438 2168 1475 tam
2202 1433 2335 1474 arduo

156 1508 326 1561 negotio
360 1506 665 1551 dormiendum,
700 1506 752 1546 ad
786 1520 850 1555 ca,
885 1520 966 1561 que
1000 1505 1080 1561 ipsi
1104 1506 1278 1560 negotio
1303 1504 1508 1559 expedire
1534 1503 1736 1554 videritis,
1770 1502 1922 1544 dantes
1948 1516 2071 1558 opem
2097 1506 2140 1543 et
2163 1515 2338 1557 operam

160 1575 395 1616 secundum
426 1575 694 1629 prudentiam
729 1588 751 1614 a
777 1574 959 1615 Domino
994 1575 1113 1616 vobis
1147 1574 1289 1615 datam
1324 1574 1462 1615 eidem
1494 1574 1584 1627 regi
1616 1573 1795 1613 viriliter
1827 1576 1870 1613 et
1898 1576 2097 1627 potenter
2125 1572 2338 1612 assistatis

158 1645 394 1684 constantia
429 1649 647 1685 consueta.

299 1713 398 1753 Dat.
430 1712 643 1767 Lugduni,
675 1712 801 1753 XIII.
837 1711 934 1753 Kal.
969 1713 1200 1754 Decembr.
1237 1726 1347 1754 anno
1370 1712 1423 1753 V.
2380 1726 2413 1751 20

301 1782 350 1822 In

301 1850 349 1890 In

303 1919 349 1959 In

302 1987 348 2028 In

304 2056 349 2097 In

303 2125 350 2166 In

305 2194 353 2234 In

306 2262 352 2302 In

304 2330 352 2371 In

304 2399 351 2440 In

385 1782 568 1823 eundem
601 1781 772 1822 modum

383 1850 567 1891 eundem
602 1850 770 1891 modum
806 1882 846 1890 ..

384 1919 563 1960 cundem
600 1919 770 1960 modum
805 1952 812 1959 .
841 1951 848 1959 .

383 1987 564 2029 eundem
600 1989 771 2029 modum
807 2019 850 2029 ..

385 2057 566 2098 eundem
599 2057 770 2098 modum

385 2125 566 2167 cundem
600 2126 769 2167 modum
807 2160 846 2168 ..

388 2194 569 2235 eundem
603 2195 772 2235 modum
808 2227 849 2235 ..

388 2263 567 2304 eundem
602 2264 773 2305 modum
807 2297 814 2303 .

386 2331 567 2372 eundem
599 2333 769 2373 modum
808 2367 815 2374 .
842 2366 849 2373 .

385 2400 566 2441 eundem
601 2401 771 2442 modum
807 2435 815 2444 .

808 1815 816 1823 .
843 1816 849 1822 .
883 1782 1206 1837 archiepiscopo
1241 1780 1518 1822 Coloniensi2
1550 1784 1592 1821 et
1624 1780 1715 1820 eius
1748 1778 2049 1833 suffraganeis.

881 1851 1204 1906 archiepiscopo
1237 1849 1523 1890 Treverensi³
1558 1852 1600 1890 et
1633 1849 1725 1889 eius
1759 1847 2058 1902 suffraganeis

882 1919 1206 1975 archiepiscopo
1240 1919 1491 1960 Bremensi4
1524 1922 1566 1958 et
1599 1918 1691 1958 eius
1725 1916 2021 1970 suffraganeis.

884 1989 1088 2044 episcopo
1121 1988 1469 2043 Herbipolensi5.

805 2091 847 2100 ..
881 2059 1086 2113 episcopo
1121 2057 1469 2112 Argentinensiss.
1589 2089 1593 2092 ⁴
2382 2074 2414 2100 25

881 2127 1084 2182 episcopo
1117 2126 1449 2167 Monasteriensi
1465 2126 1494 2167 7.

884 2195 1022 2237 electo
1058 2195 1292 2251 Spirensiss.

842 2299 848 2305 .
884 2264 981 2305 duci
1014 2264 1249 2305 Brabantie
1264 2264 1293 2305 ⁹.

885 2333 1026 2373 comiti
1060 2332 1287 2374 Guelrensi
1303 2332 1350 2374 ¹⁰.

841 2435 849 2444 .
883 2403 1024 2443 comiti
1060 2402 1112 2443 de
1145 2402 1296 2443 Los¹¹.
2384 2416 2416 2441 30

165 2806 297 2874 3›ss.
344 2803 1084 2877 PROMULGATIO
1127 2805 1517 2876 VICARH
1558 2807 1668 2877 IN
1713 2806 2342 2879 LOMBARDIA.

1084 2929 1252 2986 (1248.
1292 2930 1437 2990 Aug.)

307 3070 453 3111 Edidit
489 3071 652 3123 primus
689 3071 819 3111 Halm
858 3071 1063 3113 ‘Collectio
1106 3074 1470 3114 monumntormm
1509 3074 1545 3125 I,
1568 3075 1651 3115 255
1689 3087 1755 3115 ην.
1778 3077 1832 3115 31
1873 3087 1892 3114 c
1928 3074 2058 3115 codice
2100 3074 2345 3127 Guelferby-
2392 3083 2396 3087 ’

167 3141 263 3178 rano
284 3142 365 3178 331
389 3138 581 3180 (Ilelmst.
599 3140 703 3192 298)
723 3152 824 3182 sace.
844 3139 940 3181 XV.
960 3140 1039 3194 fol.
1058 3144 1093 3190 1,
1124 3155 1242 3193 quem
1263 3142 1394 3183 denuo
1418 3143 1584 3183 contuli.
1610 3167 1661 3172 —
1685 3141 2134 3183 Huillard-Brsiholles
2165 3142 2230 3193 VI,
2250 3143 2347 3185 654.

167 3205 357 3257 Bolum,
389 3207 486 3260 Περ.
520 3208 616 3259 inq).
650 3207 694 3257 V,
715 3209 839 3249 4926.
1973 3208 2041 3261 (P.
2065 3209 2203 3264 deest.)
2382 3231 2414 3256 35

310 3332 569 3374 XVilhelmus
602 3333 684 3375 Dei
717 3335 858 3389 gratia
891 3335 931 3375 in
972 3349 1118 3390 regem
1151 3336 1442 3377 Romanorum
1485 3337 1649 3377 electus
1681 3348 1852 3390 semper
1883 3338 2092 3389 augustus
2125 3335 2342 3376 nobilibus

170 3408 211 3441 et
243 3401 526 3455 prudentibus
558 3402 657 3442 viris
690 3404 913 3457 potestati,
958 3405 1136 3445 consilio
1170 3410 1213 3446 et
1243 3405 1446 3446 universo
1481 3404 1638 3459 populo
1671 3403 2003 3453 Mediolanensi,
2036 3403 2204 3444 dilectis
2236 3402 2337 3444 fide-

173 3469 281 3509 libus
315 3470 416 3509 suis.
451 3471 629 3523 gratiam
663 3485 780 3511 suam
816 3477 857 3512 et
890 3472 1044 3513 bonam
1078 3474 1357 3514 voluntatem.

309 3595 321 3626 1
370 3593 506 3634 sifrido
527 3594 600 3627 ΙΙΙ.

172 3651 204 3695 ῖ)
235 3651 360 3685 (utoni.

455 3652 474 3684 δ’
516 3651 690 3684 Heinrico.

696 3596 729 3633 2,
760 3594 935 3630 Conrado.
1036 3598 1071 3640 3)
1099 3597 1272 3631 Arnoldo.
1374 3598 1407 3638 4)
1439 3595 1632 3631 Gerlumlo.
1723 3596 1757 3633 5)
1784 3594 2003 3630 Hermanno,
2099 3598 2134 3641 6)
2162 3595 2344 3631 Heinrico.

787 3656 821 3694 {vs
849 3653 1028 3688 Heinrico.
1126 3656 1182 3697 10)
1211 3654 1343 3689 Ottom'.
1442 3656 1497 3699 11)
1524 3653 1685 3688 Arnolclo
1707 3651 1745 3684 Γ.
2381 3663 2415 3687 40
