2558 3970
174 172 226 210 66
608 166 843 201 FRIDERICI
871 166 914 200 ΙΙ.
942 163 1373 200 CONSTITUTIONES.
1424 164 1522 198 1215.
1563 163 1659 198 1216.
1709 163 1771 197 Nr.
1790 164 1843 197 54.
1868 164 1921 198 55.

175 284 399 323 commissa
434 291 499 323 est
532 281 803 336 providencia
841 280 1118 320 subditorum.
1182 279 1270 319 Nos
1303 278 1473 333 quidem
1500 277 1805 318 eomendantes
1830 291 1977 317 eorum
2001 276 2228 331 benignam
2253 291 2353 318 con-

175 351 441 392 suetudinem
482 356 524 391 et
566 350 812 390 inherentes
853 349 1044 402 vestigiis
1077 349 1241 402 piorum
1275 347 1633 402 predecessorum
1674 349 1930 395 nostrorum,
1974 346 2046 400 qui
2088 345 2140 386 de
2182 345 2358 386 innataa

175 421 253 461 sibi
298 418 626 460 mansuetudine
675 417 873 458 fidelibus
918 417 1004 457 suis
1052 418 1174 470 larga
1214 416 1358 470 largiri
1403 428 1582 455 munera
1620 418 1949 463 consueverunt,
1992 413 2184 454 volentes
2218 413 2354 455 eciam

176 489 495 528 suecessoribus
542 487 698 526 nostris
747 486 1024 540 imposterum
1074 485 1273 539 exempla
1317 489 1462 524 nostre
1503 482 1714 537 largitatis
1755 481 1935 521 dimittib
1986 486 2029 523 et
2069 481 2261 522 subditos
2303 481 2357 522 ad

174 556 422 596 fidelissima
456 556 632 596 servicia
667 555 864 596 invitare.
905 554 1078 608 dignum
1113 553 1313 593 duximus
1346 551 1528 606 quadam
1569 550 1739 605 spetiali
1778 550 2051 604 prerogativa
2083 549 2136 590 ad
2169 563 2356 590 summos

175 625 357 664 honores
400 624 493 663 illos
536 636 797 677 promovere,
846 636 952 676 quos
994 623 1112 662 firma
1154 621 1260 661 fides
1302 626 1343 661 et
1383 620 1521 673 gloria
1559 619 1634 659 alti
1675 618 1895 672 sanguinis
1937 618 2142 672 insignire
2175 617 2358 660 videtur.

175 692 464 738 Quamobrem
510 691 721 731 universis
763 696 848 730 tam
890 690 1164 744 presentibus
1197 703 1322 744 quam
1362 688 1514 728 futuris
1546 687 1742 727 volumus
1783 698 1875 727 esse
1915 686 2205 736 manifestum,
2245 685 2358 740 quod

175 760 225 800 ob
265 759 450 799 exhimia
501 760 684 800 servicia
725 763 766 799 et
804 758 1066 803 fidelissima,
1115 771 1196 812 que
1237 757 1564 812 predecessores
1603 756 1666 795 tui
1696 755 1853 795 nostris
1887 755 1966 809 piis
1998 754 2357 810 progenitoribus,

176 828 375 868 Villelme
410 828 461 868 de
494 827 670 868 Baueio.
705 828 954 868 obtulerunt
986 832 1028 867 et
1060 831 1105 866 tu
1137 827 1178 866 in
1210 830 1338 866 antea
1370 830 1413 866 et
1445 823 1627 865 heredes
1659 824 1720 863 tui
1753 823 1878 864 nobis
1910 823 2153 877 nostrisque
2186 837 2357 864 succes-

176 897 343 937 soribus
386 912 430 937 es
468 896 704 939 oblaturus,
744 895 1040 936 attendentes⁰
1072 896 1207 935 eciam
1240 893 1345 934 illud
1380 893 1554 934 verbum
1595 892 1868 942 dominicum,
1907 895 1953 932 ut
1983 892 2053 946 qui
2090 891 2258 932 laborat
2291 892 2358 933 hic

175 969 215 1004 et
249 965 489 1005 manducet.
525 965 782 1005 conferimus
815 965 1069 1004 auctoritate
1104 964 1222 1017 regia
1256 963 1376 1002 salvo
1408 962 1498 1001 iure
1532 961 1744 1015 imperiali
1777 960 1853 1000 tibi
1876 960 2079 1000 Villelmo
2113 958 2165 1000 dc
2197 959 2359 1001 Baucio

176 1041 216 1073 et
250 1034 331 1073 tuis
366 1047 542 1087 regnum
577 1033 808 1073 Yienense.
851 1032 964 1087 quod
998 1036 1039 1072 et
1072 1031 1334 1072 Arelatensc
1367 1030 1533 1079 dicitur,
1575 1043 1670 1070 cum
1704 1029 1901 1070 omnibus
1934 1028 2210 1083 pertinenciis
2243 1034 2286 1069 et
2318 1033 2360 1069 te

176 1101 406 1142 donatione
449 1102 714 1144 investimus.
755 1106 797 1142 et
837 1116 929 1142 eum
964 1115 1164 1141 eoronam
1202 1099 1367 1154 imperii
1406 1100 1577 1139 favente
1611 1097 1756 1138 divina
1787 1097 1933 1151 gracia
1964 1095 2108 1151 adepti
2140 1095 2360 1143 fuerimus,

177 1179 217 1210 te
259 1170 478 1210 nobiseum
524 1169 845 1225 procurabimus
887 1183 1105 1210 coronare.
1177 1168 1233 1209 Et
1272 1172 1318 1208 ut
1349 1167 1456 1208 fides
1491 1166 1612 1207 donis
1646 1166 1802 1207 nostris
1837 1170 1879 1206 et
1912 1165 2052 1206 verbis
2093 1165 2360 1218 adhibeatur,

177 1253 351 1293 presens
386 1239 589 1293 seriptum
623 1238 749 1292 sigilli
780 1238 912 1278 nostri
934 1237 1166 1277 munimine
1191 1237 1391 1277 iussimus
1416 1235 1618 1277 roborari.
1653 1239 1695 1275 et
1717 1248 1770 1275 ne
1800 1235 2078 1288 imposterum
2101 1233 2361 1288 ambiguitas

176 1308 317 1361 aliqua
351 1308 482 1361 possit
516 1307 627 1347 oriri.
662 1307 907 1347 testimonio
941 1306 1145 1348 nobilium
1178 1306 1415 1360 principum
1446 1308 1687 1344 nostrorum
1721 1303 2089 1358 infrascriptorum
2112 1305 2361 1357 presentem

176 1377 376 1430 paginam
412 1376 637 1415 statuimus
672 1390 767 1416 esse
801 1379 1020 1423 testatam,
1065 1378 1290 1415 censentes
1321 1374 1443 1413 iuxta
1476 1376 1639 1413 statuta.
1671 1375 1912 1412 nostrorum
1947 1375 2282 1418 antecessorum,
2315 1374 2362 1411 ut

177 1444 334 1483 nemini
376 1444 502 1484 liceat
540 1448 728 1484 nostram
766 1444 1000 1496 infringere
1034 1442 1331 1492 donacionem„
1371 1441 1660 1496 precipientes
1702 1441 1852 1490 eciam,
1894 1444 1940 1480 ut
1973 1453 2121 1480 omnes
2155 1440 2196 1479 in
2228 1452 2361 1493 regno

177 1513 367 1566 predicto
403 1512 609 1566 degentes
644 1518 730 1553 tam
755 1512 897 1552 elerici
931 1525 1056 1566 quam
1089 1511 1214 1566 layci,
1248 1515 1333 1551 tam
1357 1509 1520 1550 nobiles
1545 1523 1669 1564 quam
1703 1509 1861 1564 plebei7
1895 1508 1971 1548 tibi
1994 1507 2107 1548 dicto
2131 1507 2362 1548 Guillelmo

177 1587 219 1620 et
267 1582 348 1621 tuis
392 1581 595 1621 obediant
638 1585 681 1621 et
718 1586 986 1621 sacramenta
1029 1583 1071 1619 et
1110 1579 1342 1619 fidelitates
1381 1582 1586 1633 prestent,
1634 1591 1715 1632 que
1754 1591 1914 1618 corone
1953 1576 2111 1617 debent
2142 1575 2362 1617 adhibere.

177 1649 426 1690 A(liei1nus‘¹
461 1650 590 1690 etiam
626 1649 896 1704 supradietis.
930 1653 976 1688 ut
1009 1649 1043 1689 si
1067 1649 1161 1702 quis
1195 1648 1476 1703 perniciosus,
1511 1651 1741 1687 contumax
1767 1659 1842 1686 seu
1872 1645 2057 1695 rebellis,
2091 1645 2273 1686 clericus
2295 1645 2365 1686 vel

176 1719 337 1772 laycus.
380 1719 536 1759 nobilis
570 1719 635 1758 vel
670 1718 879 1772 plebeius,
917 1722 1063 1758 contra
1095 1717 1345 1757 mandatum
1379 1722 1569 1757 nostrum
1606 1716 1749 1755 venire
1780 1715 2106 1769 presumpserit,
2146 1718 2365 1768 tamquam

177 1787 264 1827 lese
309 1788 543 1827 maiestatis
591 1787 843 1827 criminosus
885 1786 937 1827 ab
978 1785 1172 1826 omnibus
1206 1786 1390 1826 evitetur
1430 1789 1475 1824 et
1514 1784 1655 1824 omnia
1695 1783 1809 1823 bona
1840 1783 1973 1837 ipsius
2013 1782 2210 1837 publice⁰
2241 1782 2363 1823 dirri-

180 1855 380 1909 pianturs.
443 1855 625 1909 Insuper
663 1856 854 1905 facimus,
895 1859 941 1894 ut
983 1854 1177 1894 nolentes
1217 1854 1294 1894 tibi
1327 1854 1497 1908 tuisque
1532 1852 1720 1901 obedire,
1761 1851 1929 1892 sichubi
1963 1852 2077 1906 capti
2109 1851 2266 1892 fuerint
2297 1851 2365 1891 vel

179 1923 371 1964 custodie
406 1924 648 1979 mancipati,
691 1923 853 1964 tamdiu
886 1927 1114 1964 teneantur
1146 1922 1282 1963 donec
1315 1922 1367 1963 de
1401 1922 1504 1976 ipsis
1538 1921 1627 1972 tibi,
1669 1921 1780 1961 sicut
1813 1920 1919 1961 ratio
1953 1919 2207 1971 decreverit,
2240 1919 2367 1960 liceat

182 1993 457 2033 sententiare.

324 2061 465 2101 Huius
506 2066 647 2102 autem
690 2061 938 2102 donacionis
980 2064 1122 2101 nostre
1163 2064 1296 2100 testes
1331 2062 1430 2099 sunt
1470 2058 1545 2099 hii:
1586 2057 1877 2098 Theodericus
1910 2057 2192 2098 Treverensis
2225 2055 2367 2098 archi-

183 2130 421 2184 episcopus.
455 2129 673 2171 Berardus
705 2130 1035 2170 Panormitanus
1069 2129 1433 2183 archiepiscopus⁷
1469 2126 1684 2168 Corradus
1712 2126 1922 2167 Metensis
1956 2126 2182 2181 episcopus
2216 2129 2258 2166 et
2288 2125 2366 2166 im-

181 2199 353 2252 perialis
387 2199 485 2238 aule
520 2199 816 2247 cancellarius,
848 2198 1072 2240 Renaldus
1106 2198 1324 2238 Tullensis
1358 2196 1601 2251 episcopus,
1634 2195 1935 2237 Theobaldusg
1967 2194 2054 2235 dux
2076 2194 2367 2249 Lothoringie,

183 2265 385 2307 Albertus
405 2281 546 2307 comes
566 2266 617 2307 de
637 2267 905 2317 Everstainh,
927 2266 1124 2307 Sibertus
1144 2280 1287 2306 comes
1304 2265 1356 2306 de
1371 2264 1578 2316 Alsaoiai‚
1597 2263 1831 2305 Gauterius
1849 2264 2067 2319 pincerna,
2087 2262 2296 2303 Siffredus
2315 2261 2367 2303 de

185 2335 462 2389 Hagenowck
495 2337 799 2378 marescalcus.
834 2336 1094 2377 Godefridus
1128 2335 1180 2376 de
1207 2334 1482 2389 Staquestein
1511 2333 1818 2379 vicedominusq
1851 2331 2071 2372 conradus
2096 2331 2368 2372 camerarius.

327 2404 437 2444 Data
471 2419 546 2459 per
579 2420 728 2445 manus
763 2404 809 2446 C.
844 2405 1052 2445 Metensis
1087 2404 1281 2458 episcopi
1316 2407 1358 2443 et
1390 2403 1625 2457 imperialis
1659 2402 1757 2442 aule
1791 2400 2038 2441 cancellarii
2070 2400 2164 2440 vice
2198 2398 2370 2440 Siffredi

184 2472 419 2526 Maguntini
454 2474 779 2528 archiepiscopi.

325 2542 451 2581 Anno
496 2541 703 2583 dominice
750 2541 1057 2582 incarnationis
1096 2539 1369 2587 MCOXIHI,
1416 2538 1647 2579 indictione
1680 2537 1760 2589 III,
1808 2537 1949 2587 Metis,
1992 2536 2091 2577 data
2130 2536 2204 2580 Vl.
2243 2536 2365 2578 Ydus

188 2609 384 2649 Ianuarii.
420 2617 624 2663 regnante
658 2610 813 2650 domno
849 2610 895 2649 F.
932 2610 1221 2649 Romanorum
1256 2621 1372 2661 rege,
1405 2622 1515 2647 anno
1549 2607 1668 2660 regni
1701 2607 1791 2646 eius
1825 2606 2008 2646 feliciter
2040 2606 2185 2647 tercio.

358 3006 446 3071 55
501 2998 1263 3071 CONSTITUTIO
1317 2996 2194 3069 PROOURATORIS

672 3102 1218 3174 BONORUM
1274 3100 1890 3172 REGALIUM.

1079 3226 1220 3272 1216.
1260 3226 1377 3284 Apr.
1412 3226 1484 3271 17.

333 3358 457 3399 Dedit
493 3358 630 3412 Beyer
673 3357 1076 3399 ζΙΙΙὶίίεῖνῖιεἰἠιζςσῖιοε
1114 3357 1458 3399 Urlczmdenbuch'
1492 3356 1584 3405 III,
1611 3357 1664 3396 51
1704 3369 1769 3397 νιν.
1795 3358 1851 3396 47
1886 3369 1936 3396 ex
1971 3354 2205 3407 apoyrapho
2234 3351 2373 3393 Kind-

189 3429 338 3480 linqera'
371 3427 429 3469 II.
463 3429 604 3467 135.1
647 3428 726 3467 iam
769 3428 808 3467 in
850 3427 1058 3467 tabulario
1098 3427 1206 3479 reyz'o
1237 3425 1564 3467 BIonasteriensi
1604 3427 1823 3474 asservato,
1864 3438 1914 3465 esc
1954 3421 2207 3475 autoyrapho
2236 3423 2373 3461 autem

323 3534 383 3569 54.
417 3541 447 3575 ὃ)
473 3537 589 3577 ignata
617 3547 642 3567 c.
738 3534 769 3576 b)
797 3536 902 3567 ‹limiti
930 3548 954 3567 c.
1054 3540 1086 3575 0)
1116 3535 1312 3567 atenclentes
1338 3546 1364 3566 c.
1480 3531 1511 3574 (¹)
1538 3533 1734 3564 Addicimus
1760 3543 1786 3564 c.
1882 3531 1911 3572 e)
1936 3533 1982 3564 «sic
2007 3531 2102 3563 solvit
2128 3530 2241 3563 Arndt
2263 3522 2311 3574 p⁹p⁰
2329 3541 2371 3568 c.;

189 3594 321 3635 propria
347 3593 591 3624 Winkelmamz.
709 3590 734 3631 f)
761 3593 994 3634 ‹lirrupiantur
1020 3604 1045 3623 c.
1145 3597 1176 3631 8)
1203 3592 1427 3624 'l'hecbardus
1453 3602 1478 3623 c.
1583 3588 1614 3626 ¹¹)
1640 3590 1819 3622 Herestain
1847 3601 1872 3621 c.
1966 3588 1989 3631 i)
2014 3589 2175 3621 Sabertus
2199 3599 2309 3621 comes
2333 3589 2374 3623 de

188 3651 393 3682 Ansassacia
419 3661 443 3681 c.
562 3648 596 3689 k)
623 3649 824 3692 Auguendio
850 3660 874 3680 c.

2397 905 2428 930 10

2399 1247 2430 1271 15

2400 1595 2433 1620 20

2402 1936 2434 1960 25

2405 2279 2438 2304 30

2406 2622 2437 2648 35

2407 3437 2440 3461 40
