2558 3970
110 877 124 900 5

95 1221 127 1246 10

97 1575 127 1600 1⁵

103 2333 136 2360 25

107 3020 140 3046 35

704 154 946 189 FRIDERICI
974 155 1019 190 II.
1047 154 1479 190 CONSTITUTIONES.
1533 156 1628 190 1220.
1679 156 1739 190 Nr.
1760 157 1813 190 71.
2308 160 2361 198 83

794 415 878 482 71.
936 412 1742 484 PROMULGATIO

455 525 859 597 LEGATI
914 528 984 597 A
1035 527 1459 598 LATERE
1522 528 1624 598 [N
1689 528 2072 599 [TAMA.

1064 652 1206 699 1220.
1246 651 1365 712 Apr.
1401 653 1475 700 17.

303 793 433 837 Dedit
462 794 792 849 Homer-Effer
821 808 841 836 e
873 794 1065 847 Roqe'slro
1094 807 1235 847 yrosso
1269 796 1451 836 civitatis
1481 795 1766 836 Bononiensis
1797 810 1896 838 scwc.
1924 796 2229 845 xum-XIII,
2263 797 2370 848 quod

160 866 401 905 asservatur
432 863 476 903 in
511 863 722 905 tabulario
753 864 863 916 reye'o
893 863 1169 913 Bononiensi,
1195 862 1274 918 fol.
1300 865 1385 903 4:37
1406 865 1542 917 (fl-19),
1576 864 1646 904 «ubi
1676 865 1826 917 leyilnr
1861 866 1903 905 in
1927 868 2181 906 {mussando
2206 867 2368 906 Iuliani

161 931 375 974 Leonem-di
405 932 575 982 notarii,
614 932 722 984 quod
752 933 860 973 inest
894 933 935 972 in
978 935 1233 973 lrcmssumlo
1267 931 1384 973 Petra·
1416 932 1552 984 Pisoli
1584 932 1807 985 Bologsnolc'
1840 935 1995 974 notarii
2025 935 2077 974 ab
2112 936 2255 975 (mone
2290 935 2313 975 I
2329 934 2367 976 l'.

162 1001 300 1042 creati.
361 1000 528 1041 Iuliani
570 1001 727 1042 notarii
774 1003 1076 1042 transsumam
1129 1001 1228 1041 talis
1271 1001 1427 1041 tenoris
1470 1004 1548 1041 est:
1596 1001 1838 1058 Exemplar
1886 1003 2107 1044 cuiusdam
2156 1004 2368 1059 privilegii

164 1068 307 1111 domni
329 1069 526 1122 Federiqi
560 1071 676 1125 regis
700 1071 850 1126 scripti
884 1085 963 1126 per
986 1070 1202 1111 Iulianum
1228 1070 1443 1111 Leonardi
1468 1072 1695 1122 notarium,
1729 1072 1799 1127 qui
1826 1079 1891 1113 est
1915 1087 2009 1114 eum
2037 1073 2188 1114 eodem
2213 1073 2370 1113 domno

163 1138 373 1180 Federieo
408 1153 523 1194 rege,
558 1140 619 1180 sic
652 1140 918 1194 incipientis:
956 1139 1230 1180 ‘Fredericus
1264 1164 1317 1168 —
1351 1138 1532 1180 octava'.
1596 1139 1691 1195 Ego
1727 1140 1920 1182 Iulianus
1956 1141 2168 1183 Leonardi
2203 1142 2369 1196 imperii

164 1207 281 1250 curie
313 1212 356 1248 et
388 1207 522 1263 ipsius
555 1207 719 1249 domini
752 1209 1001 1250 cancellarii
1035 1214 1079 1250 et
1111 1208 1244 1263 legati
1277 1209 1433 1264 prefati
1470 1210 1600 1250 etiam
1624 1210 1740 1250 curie
1764 1211 1816 1251 ab
1843 1226 1894 1252 eo
1918 1214 2205 1252 constitutus*
2238 1225 2372 1267 nuper

163 1276 371 1328 notarius,
405 1281 529 1332 prout
561 1276 675 1318 dicto
710 1278 940 1333 privilegio
973 1279 1118 1320 inveni
1152 1278 1283 1319 nichil
1316 1277 1479 1319 addens
1514 1279 1583 1319 vel
1617 1279 1816 1320 minuens
1852 1281 1892 1321 in
1927 1280 2006 1321 hac
2042 1281 2199 1336 pagina
2222 1295 2369 1321 exem-

162 1346 277 1402 plavi
320 1349 362 1386 et
400 1345 442 1386 in
482 1346 662 1387 formam
704 1346 921 1402 publicam
961 1347 1108 1402 redegi
1153 1351 1195 1388 et
1234 1348 1511 1389 autenticavi.
1574 1348 1858 1402 Apoqrapleon
1898 1350 2022 1390 totius
2056 1350 2322 1389 instrumenti
2353 1364 2372 1388 c

163 1414 355 1467 Rcyistro
389 1427 530 1467 yrosso
570 1415 721 1467 lcqitm·
760 1416 805 1456 ‘in
839 1415 1030 1469 Reqistro
1062 1430 1164 1457 novo
1189 1415 1270 1470 fol.
1296 1419 1359 1457 11.
1419 1416 1613 1457 Editores
1644 1431 1792 1467 omnes,
1839 1432 1911 1459 mc
1943 1419 2081 1458 minus
2114 1418 2306 1459 l'ertzius
2337 1421 2372 1457 et

163 1483 440 1533 Herium-dus,
488 1487 642 1525 textum
683 1485 908 1537 praebent,
962 1499 1081 1539 quem
1133 1486 1315 1538 valyavit
1365 1485 1564 1539 Sigonius
1609 1485 1687 1526 ‘De
1730 1501 1853 1539 rcfluo
1908 1488 2073 1529 Itale'ac'
2119 1488 2189 1530 lib.
2224 1487 2369 1528 XVII

164 1553 306 1606 (P.26
342 1553 402 1594 ed.
436 1553 567 1607 1591)
608 1566 681 1594 seco
721 1554 836 1595 modo
874 1554 1132 1596 (lecurtatwn
1177 1558 1213 1595 et
1254 1555 1476 1596 varetatmn.
1550 1554 1780 1596 Renovavit
1824 1557 1995 1598 edietum
2040 1557 2284 1599 Fridericas
2307 1556 2370 1596 II.

164 1623 390 1675 imperator
421 1621 567 1677 factus
597 1622 662 1664 dic
693 1622 800 1665 Nov.
821 1624 879 1664 27
920 1629 977 1676 (v.
1004 1623 1122 1675 infra
1153 1638 1219 1664 nr.
1243 1624 1332 1678 89).
1367 1648 1422 1653 —
1455 1623 1923 1667 Hmllard-Brfileolles
1962 1626 1997 1675 1,
2022 1628 2118 1666 753.
2179 1625 2373 1674 Bolano),

165 1691 266 1746 Ray.
299 1693 396 1745 imp.
432 1691 476 1743 V,
501 1695 625 1735 1101.
2019 1694 2088 1746 (P.
2111 1696 2230 1745 235.)

308 1830 570 1873 Fredericus
603 1831 684 1873 Dei
717 1833 856 1886 gratia
880 1832 1171 1874 Romanorum
1207 1847 1284 1873 rex
1319 1838 1361 1874 et
1394 1833 1594 1888 semperb
1627 1838 1842 1887 augustus
1878 1838 1919 1874 et
1954 1847 2030 1873 rex
2055 1833 2203 1874 Sicilie
2235 1832 2373 1872 archi-

168 1900 396 1957 episcopis,
440 1902 673 1956 episcopis,
717 1901 948 1943 abbatibus
982 1903 1228 1957 ceterisque
1261 1903 1546 1944 ecelesiarum
1579 1902 1773 1957 prelatis,
1808 1916 1887 1943 nec
1921 1916 2005 1942 non
2040 1902 2377 1951 marchionibus,

169 1970 412 2021 comitibus,
459 1971 741 2026 capitaneisc,
791 1971 1091 2013 valvasoribus
1135 1977 1178 2013 et
1218 1972 1437 2013 nobilibus
1479 1976 1608 2027 atque
1655 1972 1963 2027 potestatibus,
2009 1972 2257 2012 consulibus
2303 1985 2378 2012 seu

168 2039 406 2081 rectoribus
446 2045 489 2082 et
528 2040 865 2082 comunitatibus
905 2042 1094 2082 omnium
1139 2041 1362 2082 civitatum
1396 2046 1439 2082 et
1479 2041 1704 2096 opidorum
1739 2041 1866 2082 simul
1900 2046 1941 2081 et
1976 2041 2215 2081 rectoribus
2249 2047 2376 2095 atque

169 2108 329 2164 populo
362 2112 404 2148 et
436 2109 650 2151 universis
683 2124 761 2165 per
791 2110 1098 2161 Lonbardiam,
1132 2109 1436 2151 Romaniolam
1471 2116 1514 2151 et
1549 2110 1751 2151 Tusciam
1776 2115 1904 2165 atque
1928 2124 2006 2165 per
2029 2115 2161 2150 totam
2189 2109 2376 2150 Ytaliam

170 2178 429 2228 constitutis,
464 2177 635 2220 dilectis
669 2179 870 2221 fidelibus
903 2181 1003 2227 suis,
1038 2180 1225 2234 gratiam
1260 2193 1383 2220 suam
1417 2183 1459 2220 et
1492 2179 1648 2220 bonam
1682 2180 1967 2222 voluntatem.

315 2245 381 2302 (1)
412 2247 516 2288 Post
547 2248 705 2289 multas
739 2262 788 2289 ac
820 2247 1011 2290 diversas
1044 2249 1212 2304 imperii
1246 2248 1614 2304 perturbationes,
1648 2263 1731 2303 que
1766 2262 1821 2289 ex
1853 2249 1973 2289 obitu
2008 2248 2146 2289 felicis
2173 2248 2379 2289 memorie

173 2316 307 2357 incliti
340 2316 476 2372 patris
509 2317 642 2358 nostri
680 2318 952 2373 imperatoris
986 2317 1166 2359 Henrici
1205 2332 1343 2373 usque
1377 2317 1431 2359 ad
1470 2322 1666 2373 tempora
1697 2323 1844 2359 nostra
1877 2318 1919 2358 in
1953 2318 2193 2359 mutatione
2228 2331 2377 2372 regum

171 2384 332 2440 ubique
370 2385 562 2427 locorum
604 2386 773 2441 imperii
811 2392 1135 2441 procreverunt,
1168 2401 1244 2442 per
1278 2387 1371 2428 eius
1404 2387 1759 2438 misericordiam,
1794 2388 1866 2442 qui
1908 2388 2046 2427 salvat
2078 2392 2302 2442 sperantes
2337 2387 2377 2426 in

173 2468 233 2504 se,
269 2453 430 2495 sedatis
463 2469 541 2510 per
572 2460 707 2496 totam
744 2455 1001 2497 Teotoniam
1035 2456 1317 2497 scissionibus
1352 2456 1550 2497 omnibus
1587 2457 1700 2497 inter
1731 2456 1963 2511 principes,
1998 2470 2104 2511 pace
2139 2469 2310 2510 quoque
2335 2461 2377 2495 et

172 2524 316 2579 quiete
362 2523 552 2579 undique
600 2525 846 2580 reformata,
894 2526 1106 2581 nobisque
1146 2526 1262 2567 illius
1310 2525 1597 2581 providentia,
1645 2526 1715 2580 qui
1762 2526 1803 2566 in
1852 2540 1929 2566 sua
1970 2525 2252 2580 dispositione
2295 2538 2379 2564 non

171 2592 348 2644 fallitur,
388 2607 483 2634 cum
523 2595 637 2634 omni
679 2595 798 2649 regia
837 2595 1144 2637 sublimatione
1184 2596 1226 2635 in
1260 2596 1380 2636 soliis
1412 2595 1603 2650 paternis
1638 2594 1815 2650 pacifice
1850 2594 2112 2643 constitutis,
2159 2607 2259 2634 ecce
2295 2593 2378 2632 iam

175 2675 230 2703 ex
260 2666 444 2717 paterna
475 2664 629 2704 summi
661 2664 878 2718 pontificis
903 2668 946 2705 et
969 2664 1285 2706 venerabilium
1308 2664 1350 2704 in
1377 2662 1549 2704 Christo
1578 2668 1749 2719 patrum
1773 2663 2042 2704 dominorum
2069 2660 2378 2703 cardinaliumd

175 2744 271 2772 cum
302 2730 418 2772 fideli
451 2732 694 2788 principum
727 2733 933 2774 instantia
967 2734 1008 2774 in
1040 2734 1239 2789 procintu
1265 2746 1411 2774 sumus
1435 2732 1530 2774 Deo
1564 2733 1711 2788 previo
1737 2731 1998 2787 suscipiendi
2023 2731 2376 2773 benediccionem

174 2800 455 2855 imperialem,
496 2801 610 2842 idem
647 2802 917 2857 propositum
957 2802 1233 2844 reformande
1274 2802 1392 2858 pacis
1433 2806 1476 2843 et
1516 2802 1694 2843 unitatis
1737 2807 1865 2857 atque
1911 2801 2137 2842 concordie
2178 2799 2301 2840 nobis
2336 2803 2377 2839 et

174 2868 354 2924 imperio
395 2868 650 2910 admodume
691 2871 941 2911 necessarie
983 2885 1061 2926 per
1097 2870 1413 2923 Lonbardiam,
1455 2870 1755 2912 Romaniolam
1795 2875 1837 2911 et
1877 2869 2079 2910 Tusciam
2124 2883 2200 2910 seu
2244 2873 2374 2908 totam

173 2935 364 2977 Ytaliam
411 2937 590 2979 firmiter
641 2939 866 2980 habentes.
947 2939 1243 2981 Premittimus
1294 2945 1440 2981 autem
1487 2954 1512 2980 a
1559 2939 1719 2981 lateres
1766 2944 1911 2980 nostro
1961 2940 2150 2993 legatum
2205 2937 2257 2978 ad
2303 2951 2377 2977 vos

174 3004 478 3047 karissimum&
518 3007 757 3063 principem
801 3012 844 3050 et
890 3008 1147 3050 familiarem
1196 3014 1389 3050 nostrum
1431 3008 1678 3050 Conradum
1720 3008 1963 3049 Metensem
2009 3008 2258 3062 episcopum
2301 3007 2377 3045 im-

175 3075 350 3129 perialis
388 3076 486 3117 aule
525 3077 843 3129 cancellarium,
886 3091 1014 3133 quem
1055 3079 1168 3119 inter
1200 3084 1368 3120 ceteros
1406 3078 1576 3133 imperii
1614 3078 1831 3132 principes
1865 3077 2106 3117 invenimus
2140 3075 2375 3116 fideliorem

178 3147 222 3185 et
261 3157 348 3185 non
387 3145 588 3185 inmerito
627 3145 838 3187 habemus
876 3146 1107 3199 kariorem,
1152 3152 1198 3187 ut
1238 3148 1332 3203 ipse
1375 3160 1460 3188 non
1504 3146 1772 3187 solummodo
1814 3144 2048 3186 fidelitates
2094 3149 2137 3186 et
2168 3145 2254 3185 alia
2286 3144 2379 3184 iura

176 3216 324 3254 nostra
355 3203 380 3254 a
409 3213 533 3254 vobis
566 3214 758 3269 requirat
789 3215 881 3256 vice
913 3215 1036 3270 regia
1069 3220 1112 3257 et
1144 3216 1339 3272 recipiat,
1373 3216 1503 3256 immo
1538 3215 1668 3256 etiam
1700 3213 1938 3256 discordias
1973 3227 2122 3254 omnes
2154 3213 2197 3253 in
2229 3211 2376 3253 Ytalia

180 3284 224 3322 et
254 3281 434 3336 singulis
475 3282 670 3336 partibus
702 3282 847 3325 Ytalie
886 3283 940 3324 ad
982 3298 1135 3339 pacem
1177 3290 1221 3326 et
1262 3283 1539 3325 concordiam
1580 3283 1825 3324 revocando
1857 3283 1969 3323 viam
2014 3282 2137 3322 nobis
2177 3285 2380 3337 preparet

178 3349 352 3404 planam
397 3354 440 3392 et
483 3364 694 3402 securam,
743 3366 825 3407 quo
872 3354 1011 3408 magis
1058 3353 1256 3409 expediti
1294 3353 1570 3395 festinantius
1612 3352 1664 3393 ad
1703 3352 1875 3393 felicem
1914 3351 2000 3391 voti
2045 3351 2180 3391 nostri
2223 3363 2378 3390 consu-

178 3419 410 3460 mationem
441 3419 664 3461 valeamus
698 3422 919 3462 accedere.
1042 3422 1104 3477 (2)
1139 3422 1257 3464 Scire
1289 3423 1422 3477 igitur
1455 3422 1652 3462 volumus
1676 3421 2005 3461 universitatem
2030 3424 2231 3469 vestram,
2266 3417 2378 3472 quod

179 3499 256 3528 nos
286 3487 489 3528 iamdicto
531 3489 788 3530 cancellario
827 3494 870 3531 et
908 3490 1050 3546 legato
1091 3495 1238 3532 nostro
1277 3491 1449 3546 plenam
1489 3490 1685 3532 dedimus
1727 3490 2029 3531 auctoritatem
2070 3488 2300 3542 legationis
2336 3490 2379 3526 et

317 3613 374 3649 71·
407 3615 438 3657 ¹²)
464 3617 630 3650 constitu?
653 3628 680 3650 c·
823 3616 854 3658 b)
886 3628 1008 3660 senper
1034 3629 1058 3650 c.
1201 3618 1230 3658 c)
1263 3622 1410 3661 capetafi
1435 3629 1462 3650 c.
1608 3615 1640 3658 d)
1673 3617 1907 3650 cardenalium
1932 3626 1959 3648 c.
2100 3613 2130 3655 e)
2165 3612 2324 3646 amodum
2349 3622 2376 3643 c.

179 3666 211 3712 f)
234 3671 340 3704 latore
365 3683 392 3704 c.
509 3673 543 3715 8)
569 3674 769 3706 karisimum
795 3686 822 3706 c.

2044 3732 2104 3765 11*
