2558 3970
188 152 263 190 140
717 143 962 179 Parni-:atel
989 144 1032 179 11.
1059 142 1484 179 coss'rrrt'rrousss.
1536 142 1636 178 1226.
1684 143 1746 177 ΝΥ.
1767 143 1843 178 108.

185 439 310 505 108
368 433 866 505 (ASSATIO
922 432 1191 504 CONS
1144 431 1719 504 ULATUUM
1774 431 2367 567 CIVITATUM

941 545 1611 618 PROVINCIAE.

1133 683 1276 730 1226.
1316 682 1421 730 Oet.

328 826 455 868 Dedit
487 827 550 867 rir
582 826 621 869 d.
644 825 787 867 Arndt
816 839 835 866 c
867 826 1121 866 transsumto
1142 824 1194 865 ab
1215 824 1363 866 Iacobo
1384 824 1572 866 Eransio
1598 825 1762 865 notario
1791 838 1831 866 α.
1855 825 1978 865 1288.
2002 823 2102 864 Ian.
2124 825 2152 864 8
2181 822 2369 876 confecto,

181 896 287 948 qnod
327 898 460 936 vastat
508 896 548 935 in
593 895 802 935 tabulario
838 893 1117 935 Massiliensi.
1186 893 1301 934 Idem
1338 893 1604 945 apoqraphon
1647 896 1744 934 tunc
1779 895 2036 933 asservatum
2079 892 2122 932 in
2162 892 2371 934 tabulario

185 965 292 1017 renio
322 964 460 1015 Aquis
492 963 649 1004 Scrtiis
679 963 896 1003 constituto
927 961 1163 1002 adhibuisse
1198 961 1357 1002 ridetur
1379 961 1525 1013 Papon
1557 961 1756 1002 ‘Histoire
1787 961 1834 1002 cle
1856 960 2072 1002 Prorcnce'
2106 960 2168 1010 ΙΙ,
2196 973 2371 1012 preuves

187 1047 228 1083 p.
263 1034 327 1073 50.
376 1033 506 1084 utpote
547 1031 619 1082 qui
659 1031 826 1071 eandem
872 1031 1063 1071 lacunam
1113 1043 1160 1070 ac
1205 1029 1328 1069 codar
1368 1029 1550 1081 praebet.
1600 1055 1650 1059 ——
1697 1028 2159 1070 ΗτιίΠαϊᾱ-Βνέῖιοῑῖοε
2188 1028 2254 1079 II,
2276 1030 2370 1070 683.

182 1099 373 1141 Bssshmaer.
407 1099 505 1151 Rea.
532 1100 624 1151 imp.
655 1099 697 1142 Γ.
720 1101 840 1141 1681).
2015 1096 2085 1150 (P.
2108 1099 2227 1151 256.)

328 1234 586 1276 Fredericus
632 1235 713 1276 Dei
757 1235 895 1290 gratia
939 1234 1233 1275 Romanorum
1279 1235 1513 1290 imperator
1560 1248 1732 1290 semper
1770 1240 2000 1289 augustus,
2047 1233 2284 1275 Ierusalem
2326 1237 2370 1275 et

183 1304 325 1345 Sicilie
365 1318 442 1345 rex
483 1305 694 1345 universis
734 1318 811 1358 per
848 1304 1096 1344 comitatum
1140 1303 1365 1344 provincie
1407 1308 1450 1344 et
1489 1303 1751 1344 Forcalcarii
1792 1302 2035 1344 constitutis
2080 1303 2233 1357 quibus
2265 1316 2364 1358 pre-

184 1381 330 1413 sentes
363 1372 504 1413 littere
537 1379 710 1413 ostense
742 1372 921 1415 fuerint.
953 1371 1153 1412 fidelibus
1185 1372 1293 1414 suis.
1327 1372 1510 1426 gratiam
1543 1385 1662 1412 suam
1697 1376 1740 1413 et
1770 1372 1925 1413 bonam
1957 1372 2240 1413 voluntatem.

327 1440 528 1481 Pervenit
569 1454 706 1496 nuper
747 1440 800 1481 ad
840 1441 1033 1481 notitiam
1076 1444 1284 1482 nostram.
1336 1439 1445 1495 quod
1482 1440 1762 1494 quarumdam
1807 1440 2049 1490 civitatum,
2093 1439 2289 1480 villarum
2326 1444 2371 1481 et

183 1508 362 1548 aliorum
395 1509 585 1549 locorum
618 1509 923 1550 universitates
957 1509 997 1549 in
1023 1508 1294 1549 comitatibus
1327 1509 1432 1563 ipsis
1464 1507 1674 1562 degentes
1707 1509 1877 1564 proprio
1909 1512 2028 1549 motu
2050 1514 2093 1548 et
2114 1508 2370 1549 auctoritate

183 1577 498 1617 constituerunt
540 1576 876 1619 iurisdictiones.
919 1581 1177 1632 potestates,
1224 1578 1491 1618 consulatus.
1534 1578 1745 1631 regimina
1785 1583 1828 1618 et
1860 1578 1945 1618 alia
1977 1576 2162 1632 quedam
2195 1580 2371 1630 statuta,

184 1658 264 1699 que
298 1644 350 1686 ad
385 1659 459 1687 sue
493 1646 716 1686 arbitrium
740 1646 973 1686 voluntatis
1007 1650 1214 1686 exercent
1247 1649 1288 1686 et
1320 1645 1392 1686 diu
1423 1646 1506 1686 iarn
1539 1645 1650 1701 apud
1674 1645 1878 1700 quasdam
1912 1645 2102 1700 ipsarum
2124 1645 2167 1686 in
2190 1645 2372 1686 abusum

185 1724 226 1755 et
258 1729 435 1770 pravam
469 1715 825 1757 consuetudinem
858 1715 1089 1755 inolerunt.
1124 1714 1412 1769 allegantibus
1445 1714 1661 1754 nonnullis
1686 1727 1852 1763 earum,
1886 1713 1997 1768 quod
2020 1714 2374 1756 concessionem*

184 1797 312 1838 super
355 1783 434 1823 hiis
474 1798 551 1838 per
590 1784 768 1825 comites
800 1783 1026 1824 Provincie
1069 1788 1112 1824 et
1143 1783 1403 1824 Forcalcarii
1442 1783 1671 1824 habuerint
1710 1788 1753 1824 et
1792 1797 2029 1824 assensum.
2098 1781 2206 1824 Cum
2243 1783 2374 1837 igitur

187 1851 390 1892 indecens
423 1853 593 1906 penitus
627 1853 681 1892 sit
713 1857 756 1894 et
787 1851 1028 1906 indignum.
1069 1856 1116 1892 ut
1148 1851 1199 1892 ab
1232 1851 1586 1892 universitatibus
1619 1852 1722 1892 talia
1753 1855 2074 1906 presumantur,
2108 1865 2191 1906 que
2222 1851 2375 1893 ledunt

187 1919 370 1960 Romani
419 1920 583 1975 imperii
629 1919 885 1974 dignitatem
932 1925 974 1961 et
1017 1921 1059 1960 in
1103 1920 1256 1975 quibus
1303 1920 1447 1961 debite
1487 1919 1707 1961 fidelitatis
1748 1925 1790 1961 et
1833 1919 2114 1960 subiectionis
2154 1920 2373 1962 tramitem

187 1988 446 2029 excedentes
485 1989 716 2030 moliuntur
750 1989 830 2030 sibi
862 1994 1027 2043 partem
1062 2002 1207 2030 eorum
1242 2002 1323 2044 que
1357 1988 1409 2029 ad
1443 2003 1606 2030 merum
1640 1993 1840 2044 spectant
1871 1988 2097 2043 imperium
2126 1987 2371 2040 vendicare,

186 2070 264 2097 nec
298 2057 475 2098 comites
508 2056 738 2099 Provincie
772 2062 814 2098 et
846 2057 1109 2099 Forcalcarii
1142 2057 1294 2098 eadem
1328 2057 1565 2099 concedere
1599 2062 1851 2113 potuerunt,
1885 2057 1984 2112 quia
2016 2061 2161 2098 nostra
2191 2057 2374 2098 interest.

186 2125 429 2166 huiusmodi
475 2127 805 2168 enormitatibus
851 2126 1045 2177 obviare,
1094 2140 1170 2167 nos
1216 2141 1271 2167 ex
1320 2126 1534 2181 imperiali
1580 2126 1867 2167 auctoritateb
1916 2130 2003 2166 tam
2048 2125 2375 2177 iurisdictiones,

187 2194 454 2233 consulatus.
496 2194 725 2248 regimina.
767 2199 1006 2250 potestates
1044 2199 1087 2236 et
1117 2199 1279 2235 statuta
1312 2200 1455 2235 cetera
1499 2209 1578 2250 per
1607 2194 1912 2236 universitates
1946 2195 2166 2235 civitatum
2197 2195 2376 2236 inventa

187 2275 313 2315 quam
349 2263 652 2303 concessiones
685 2278 812 2318 super
844 2264 925 2304 hiis
959 2277 1036 2318 per
1068 2263 1246 2304 comites
1279 2263 1506 2304 Provincie
1540 2268 1583 2304 et
1614 2263 1877 2304 Forcalcarii
1910 2263 1962 2303 ab
1996 2263 2058 2304 eis
2088 2263 2289 2304 obtentas
2321 2276 2375 2304 ex

187 2335 301 2369 certa
335 2331 514 2371 scicntia
548 2345 798 2373 revocamus
833 2337 875 2373 et
908 2333 1050 2372 inania
1085 2345 1180 2372 esse
1214 2345 1460 2381 censemus.
1505 2332 1658 2373 similia
1690 2331 1742 2372 de
1775 2337 1919 2373 cetero
1958 2331 2051 2373 fieri
2081 2331 2375 2387 prohibentes.

188 2396 441 2439 Mandamus
475 2400 603 2454 igitur
634 2406 676 2442 et
708 2401 902 2456 presenti
936 2405 1175 2442 statuentes
1209 2401 1447 2442 sanccimus
1472 2400 1612 2442 edicto
1636 2401 1714 2442 sub
1738 2414 1850 2456 pena
1882 2432 1891 2440 .
1917 2432 1925 2441 .
1950 2434 1958 2442 .
1984 2406 2011 2442 ‚0
2042 2400 2250 2441 librarum
2271 2400 2379 2452 auri,

189 2467 368 2521 singulis
402 2469 758 2510 universitatibus
790 2469 1089 2523 iniungentes.
1129 2474 1339 2524 quatenus
1371 2469 1424 2510 ab
1458 2468 1623 2511 eisdem
1654 2468 2043 2520 iurisdictionibus,
2074 2468 2379 2523 potestatibus,

187 2535 499 2587 consulatibus,
551 2537 831 2591 regiminibus
877 2545 919 2578 et
966 2537 1138 2578 statutis
1189 2536 1395 2593 deinceps
1444 2538 1616 2579 omnino
1658 2542 1829 2579 cessent
1876 2542 1919 2578 et
1958 2537 2076 2578 nulla
2117 2537 2379 2579 universitas

189 2603 427 2645 civitatum.
467 2604 679 2645 villarum.
720 2611 957 2647 castrorum
991 2619 1066 2646 seu
1106 2606 1297 2647 locorum
1332 2620 1382 2647 ea
1416 2620 1622 2648 exercere
1662 2610 1884 2661 presumat
1915 2606 1982 2646 vel
2016 2606 2192 2647 inantea
2224 2605 2380 2647 similia

188 2679 464 2725 attemptare:
498 2674 904 2727 transgressoribus.
941 2675 975 2715 si
1009 2675 1080 2729 qui
1113 2675 1282 2717 fuerint.
1315 2689 1427 2729 pena.
1458 2675 1659 2729 imposita
1682 2674 1924 2730 puniendis,
1957 2688 2084 2729 quam
2108 2673 2161 2715 ad
2182 2674 2380 2716 comitem

189 2738 415 2781 Provincie
461 2748 502 2782 et
543 2741 804 2783 Forcalcarii
847 2743 1017 2783 devolvi
1059 2757 1299 2785 censemus.
1362 2743 1430 2783 Ad
1463 2743 1588 2784 huius
1625 2744 1768 2798 itaque
1808 2743 2095 2784 revocationis
2129 2743 2380 2784 memoriam

189 2815 231 2847 et
263 2814 515 2863 perpetuam
548 2810 793 2852 firmitatem
825 2816 1068 2866 presentem
1100 2812 1304 2867 paginam
1338 2812 1430 2852 fieri
1461 2812 1644 2853 fecimus
1678 2817 1720 2853 et
1753 2812 1870 2852 bulla
1894 2825 2024 2852 aurea
2055 2811 2211 2866 tipario
2234 2815 2379 2853 nostre

190 2878 440 2930 magestatis
473 2879 667 2933 inpressa
702 2880 905 2921 iussimus
939 2881 1149 2934 insigniri.

331 2944 430 2986 Dat.
455 2946 589 3001 Pogie
623 2961 733 2989 anno
757 2947 968 2990 dominice
991 2949 1294 2990 incarnationis
1318 2948 1608 2998 MCOXXVL
1640 2963 1789 2991 mense
1814 2947 2028 3000 Octobris,
2059 2948 2380 3002 quintedecime

191 3011 450 3054 indictionis,

330 3137 413 3172 los.
447 3144 476 3168 ³.
504 3142 720 3173 concessione
746 3153 772 3173 c.
892 3140 922 3181 b)
951 3144 1125 3176 actoritate
1151 3155 1177 3176 c.
1296 3150 1325 3177 c,
1343 3145 1507 3186 foramen
1535 3145 1568 3176 in
1595 3144 1669 3176 cocl.

2408 1662 2441 1688 1⁵

2493 2598 2517 2706 &⁴⁸
