2558 3970
82 885 114 909 10

81 1230 113 1255 15

80 1578 114 1604 20

80 1922 112 1949 25

80 2275 112 2301 30

81 2622 113 2648 35

79 2995 114 3021 40

81 3282 114 3308 45

694 133 935 171 FRIDERICI
963 135 1005 170 Il.
1033 134 1465 171 CONs'rl'rr'rmNEs.
1518 139 1614 172 1220.
1666 137 1823 173 Nr.1o7.
2284 146 2359 183 139

153 250 344 304 singulos
386 249 669 305 privavimus¹
713 251 826 291 omni
871 251 1164 292 iurisdictione
1207 258 1293 293 tam
1339 253 1527 293 civilium
1570 267 1695 308 quam
1731 255 2044 299 criminalium,
2089 261 2173 296 tam
2209 257 2355 297 volun-

152 319 358 360 tariarum
382 332 510 374 quam
535 320 912 366 contentiosarum,
947 320 1184 367 dationum,
1220 320 1505 376 pheudorum,
1538 321 1834 366 donationum.
1868 325 2207 379 privilegiorum,
2233 340 2358 377 rega-

154 388 272 439 lium,
305 388 514 429 honorum
550 388 760 433 omnium,
793 389 1023 429 offltiorum
1058 389 1283 434 iudicatus,
1319 390 1645 432 tabellionatus.
1680 393 1905 433 numu-uni
1941 394 2067 447 regis,
2111 395 2357 448 potestarie.

154 456 405 498 consulatus
446 461 489 497 et
527 461 813 498 monetarum.
934 456 1000 512 (8)
1035 457 1306 498 Privavimus
1347 459 1475 499 etiam
1519 461 1836 501 sententialiter
1871 463 2068 503 civitates
2104 462 2359 518 predictas¹¹¹

154 531 197 568 et
229 527 345 568 cives
379 539 526 568 earum
560 525 642 567 hiis
674 526 894 569 omnibus.
930 540 1012 581 que
1045 531 1225 581 possent
1257 527 1319 567 eis
1353 542 1407 568 ex
1444 542 1550 582 paee
1576 530 1828 570 Constantio
1863 532 2074 571 universis
2109 538 2152 571 et
2177 532 2360 586 singulis

152 595 400 651 provenire,
433 608 483 635 ac
515 595 674 636 ceteris
706 595 925 642 omnibus,
958 608 1040 649 que
1073 595 1126 635 ab
1161 595 1338 650 imperio
1374 610 1451 637 seu
1484 597 1537 637 ab
1572 597 1908 652 imperatoribus
1942 599 2243 654 supradictis¹¹,
2277 615 2356 640 avo

151 665 343 706 scilicet⁰
384 669 427 705 et
469 668 590 719 patre
633 669 792 710 nostro,
832 669 875 704 et
915 663 1009 704 aliis
1049 663 1431 718 predecessoribus
1476 667 1633 706 nostris
1667 666 1764 707 (live
1818 668 2128 708 recordationis
2162 670 2358 722 augustis

150 738 250 775 aut¹¹
291 747 317 775 a
354 733 479 774 nobis
516 737 687 779 tenent,
735 731 897 773 habent
929 731 1006 773 seu
1046 733 1311 787 possido11t⁴¹,
1360 739 1612 783 tenuerunt,
1665 735 1910 777 habuerunt
1944 752 2020 778 seu
2055 738 2356 792 possederunt.

150 802 262 845 Item
293 802 554 859 privavimus
578 815 834 843 vavassores
868 806 910 842 et
944 806 1174 842 cataneosr
1207 811 1385 843 eorum⁰
1419 802 1471 843 ab
1496 802 1732 844 honoribus
1758 811 1800 845 et
1825 806 2075 860 specialiter
2098 806 2170 846 ab’*
2200 806 2359 847 honore

151 871 425 914 cathaniatus
459 877 502 913 et
535 871 874 917 vavassoriatus,
908 876 953 911 ut
986 870 1037 911 de
1072 876 1218 912 cetero
1252 885 1335 912 non
1370 872 1534 926 possint
1567 872 1649 913 dici
1684 887 1763 914 nec
1798 875 2009 915 nominari
2044 875 2241 915 cathanei
2276 876 2359 915 vel²

151 955 421 991 vavassores,
455 945 498 982 et
530 940 863 996 prohibuimusu
897 940 1016 995 ipsos
1050 945 1093 981 et
1125 941 1232 981 alios
1246 948 1278 988 V,
1312 955 1364 982 nc
1399 941 1450 981 de
1486 947 1630 982 cetero
1655 941 1709 982 ad
1744 942 1852 983 tales
1879 943 1943 983 vel
1968 943 2019 984 ad
2044 944 2151 984 alios
2177 944 2359 984 honores

150 1009 402 1053 ascendant.
475 1009 618 1050 Itemw
662 1008 774 1064 quod
816 1013 979 1050 statuta
1019 1023 1101 1050 non
1145 1010 1321 1060 fatiant,
1366 1014 1435 1051 et⁰
1478 1011 1594 1052 facta
1635 1012 1941 1056 cassavimusx,
1987 1018 2028 1053 ct
2062 1012 2193 1067 quod,
2239 1014 2272 1053 si
2307 1013 2359 1053 dc

151 1084 296 1121 cetero
334 1078 535 1123 fecerint,
583 1078 679 1133 ipso
722 1078 811 1118 iure
851 1078 997 1119 inania
1030 1084 1074 1119 et
1114 1079 1233 1119 irrita
1266 1084 1540 1120 censeantur.
1605 1079 1714 1121 Item
1749 1081 2015 1135 privavimus
2050 1095 2124 1123 eos
2158 1082 2357 1122 omnibus

150 1148 355 1204 legitimis
388 1147 575 1198 actibus,
611 1147 671 1188 ita
702 1147 816 1202 quod
849 1153 961 1188 nony
994 1147 1183 1188 habeant
1215 1148 1280 1189 ius
1309 1148 1517 1196 testandiq
1553 1149 1824 1195 testificandi,
1858 1150 2073 1191 alienandi
2108 1157 2172 1192 etZ
2206 1165 2356 1191 succc-

149 1217 278 1259 dendi
321 1231 376 1259 ex
415 1221 676 1258 testamento
709 1216 777 1258 vel
811 1222 892 1257 exab
925 1217 1153 1267 intestato,
1195 1231 1274 1258 nec
1309 1217 1505 1272 capiendi
1547 1231 1602 1258 ex
1635 1232 1768 1259 causa
1808 1218 2053 1260 donationis
2094 1220 2206 1260 inter
2240 1221 2360 1260 vivos

150 1287 219 1329 vel
267 1301 322 1328 ex
360 1299 491 1327 causa
530 1285 677 1326 mortis
712 1285 779 1326 vel
816 1285 908 1326 iure
941 1284 1233 1326 codicillorum
1268 1286 1336 1327 vel
1369 1286 1454 1327 alio
1489 1286 1681 1342 quolibet
1722 1287 1867 1334 modo,
1915 1294 1958 1330 ct
1995 1288 2107 1343 quod
2142 1289 2233 1344 ipso
2269 1290 2359 1329 iure

149 1361 360 1412 perpetuo
395 1355 479 1396 sint
511 1355 704 1396 infames.
827 1354 890 1409 (9)
924 1355 1270 1396 Pronunciantes
1304 1356 1514 1410 insuperb
1549 1361 1615 1397 etc
1649 1358 1839 1411 presenti
1863 1358 2100 1399 santientes
2126 1357 2281 1406 edicto,
2315 1365 2359 1398 ut

149 1438 297 1467 omnes
329 1425 520 1466 fautores
553 1424 774 1465 civitatum
807 1437 954 1464 earum
988 1423 1082 1465 veld
1115 1425 1186 1479 qui
1221 1424 1281 1465 eis
1316 1424 1368 1466 de
1403 1430 1547 1466 cetero
1581 1425 1780 1466 auxiliari
1808 1426 1873 1468 vel
1908 1427 2103 1468 assotiari
2133 1441 2355 1482 presump-

150 1495 307 1536 serinte
339 1494 408 1535 vel
441 1493 654 1549 aliquems
683 1492 736 1534 de
771 1493 1020 1534 civitatibus
1053 1493 1339 1548 supradictis&
1372 1494 1413 1534 in
1447 1499 1721 1549 potestatem.
1758 1501 1967 1537 rectorem
1984 1495 2016 1541 ¹¹,
2050 1497 2358 1546 consiliarium,

149 1576 416 1605 assessorem
469 1561 814 1618 assumpserintss
867 1562 1007 1604 eidem
1057 1562 1481 1619 condempnationik‚
1531 1563 1671 1604 banno
1723 1570 1765 1605 ct
1811 1565 2041 1620 privationi
2091 1566 2357 1607 subiaceant.

151 1631 300 1674 Scolas
346 1636 390 1674 et
435 1632 578 1674 studia
625 1632 678 1673 ab
728 1631 893 1673 eisdem
941 1631 1187 1673 civitatibus
1236 1633 1466 1673 statuimus
1518 1637 1561 1673 et
1609 1633 1808 1674 iubemus
1857 1640 2066 1690 perpetuo
2114 1634 2356 1678 removeri¹.

148 1701 348 1744 doctores
395 1706 439 1743 et
481 1701 688 1750 scolares,
737 1701 809 1756 qui
852 1706 1000 1742 contra
1040 1705 1291 1757 presentem
1337 1702 1687 1743 constitutionem
1730 1707 1920 1744 nostram
1960 1704 2002 1744 in
2045 1704 2208 1745 eisdem
2256 1704 2356 1744 civi-

148 1771 310 1813 tatibus
343 1770 521 1826 adquem
551 1770 654 1812 loeis
686 1770 863 1822 docere,
897 1771 1043 1826 legere
1078 1772 1148 1812 vel
1182 1771 1330 1812 audire
1365 1772 1729 1827 presumpserint,
1773 1778 1983 1827 perpetua
2016 1772 2192 1814 infamia
2225 1772 2355 1814 deno-

149 1844 335 1892 tantes¹¹‚
369 1839 558 1891 offitiisk‚
600 1840 835 1881 honoribus
869 1845 911 1880 et
943 1840 1148 1895 legitimis
1181 1840 1348 1881 actibus
1380 1841 1602 1896 privantes
1637 1840 1828 1882 eosdem.
1892 1841 2131 1882 Statuiinus
2166 1842 2356 1897 insuper,

149 1916 197 1952 ut
234 1911 519 1966 quicumque⁰
558 1910 760 1952 bannitos
802 1916 845 1951 et
886 1910 1034 1952 hostes
1075 1915 1247 1952 nostros
1281 1915 1324 1952 et
1355 1910 1542 1952 Romani
1587 1911 1755 1966 imperii
1789 1910 2052 1952 offenderit1'
2086 1912 2126 1952 in
2160 1912 2359 1967 personis

150 1985 195 2021 et
224 1980 369 2031 rebus,
403 1979 648 2035 indempnis
681 1984 903 2021 transeat‘¹
935 1984 978 2021 et
1011 1980 1195 2036 impunis
1229 1985 1272 2021 et
1303 1981 1421 2021 nullo
1454 1994 1657 2036 umquam
1690 1986 1883 2035 tempore
1917 1981 2055 2036 possit
2088 1980 2270 2022 exinder
2304 1980 2358 2021 ah

147 2050 292 2105 aliquo
340 2050 572 2092 conveniri.
692 2048 787 2105 (10)
828 2049 971 2097 Quare
1018 2050 1291 2091 universitati
1335 2054 1502 2092 vestre⁵3
1542 2050 1725 2091 firmiter
1771 2049 2048 2105 precipiendo
2091 2049 2359 2098 mandamus,

148 2119 350 2174 quatinus
384 2132 534 2160 omnes
577 2119 774 2160 civitates
814 2118 1053 2174 predictas,
1100 2120 1237 2160 civest
1271 2124 1314 2161 et
1355 2119 1625 2160 habitatores
1669 2133 1817 2161 earum
1860 2123 2081 2174 tamquam
2114 2124 2284 2160 nostros
2318 2125 2360 2159 et

147 2188 334 2230 Romani
358 2188 525 2243 imperii
548 2188 752 2230 bannitos
776 2193 819 2229 et
841 2187 989 2229 hostes
1013 2188 1211 2230 habeatis
1234 2192 1278 2230 et
1295 2188 1573 2230 denuntiatos
1594 2187 1749 2229 amodo
1773 2189 2000 2239 teneatis¹¹‚
2023 2189 2169 2243 ipsosv
2193 2188 2321 2228 etiam
2335 2194 2358 2210 ‘⁸'

147 2258 191 2298 in
223 2258 420 2313 personis
454 2262 496 2298 et
528 2257 659 2298 rebus
698 2258 901 2313 persequi
933 2262 976 2299 et
1008 2271 1164 2313 capere
1197 2257 1454 2309 intendatis,
1495 2262 1689 2299 mercata
1703 2257 1734 2308 Κ,
1778 2257 2094 2312 negotiationes
2128 2260 2170 2297 ct
2204 2260 2358 2297 stratas

147 2341 226 2383 per
267 2326 489 2368 districtus
530 2331 573 2368 et
614 2340 745 2382 posse
785 2331 976 2368 vestrum
1023 2328 1113 2368 eisx
1158 2328 1331 2383 penitus
1376 2327 1622 2368 inhibentes
1674 2332 1716 2367 et
1761 2326 2068 2367 interdicentes
2110 2326 2276 2366 civibus
2317 2330 2358 2366 et

146 2396 458 2439 mercatoribus
490 2396 663 2447 vestris,
695 2410 749 2437 ne
782 2396 1044 2452 participent
1067 2397 1136 2438 vel
1168 2397 1450 2438 mercimonia
1475 2401 1549 2438 aut
1571 2397 1716 2451 aliqua
1739 2397 1917 2452 negotia
1946 2395 2228 2436 contrahant&
2261 2409 2356 2435 curn

147 2465 324 2509 eisdem.
387 2464 512 2514 Quod
544 2466 641 2521 quiz
672 2466 1038 2522 presumpserint,
1079 2466 1341 2521 supradictis
1375 2466 1499 2522 penis
1534 2469 1577 2507 et
1610 2465 1765 2506 bannis
1800 2479 1846 2506 se
1886 2465 2086 2506 noverint
2119 2464 2356 2505 subiacere.

145 2534 364 2576 Faciatisa
393 2538 595 2591 preterea
626 2535 946 2577 constitutionis
979 2535 1187 2577 formamb
1218 2548 1296 2591 per
1327 2539 1467 2577 totum
1499 2534 1742 2576 districtum
1777 2539 1819 2576 et
1843 2534 2139 2589 episcopatum
2166 2538 2358 2574 vestrum

149 2604 448 2660 sollempniter
478 2604 705 2660 publicari.

292 2672 484 2715 Datum⁰
506 2673 620 2730 apud
638 2673 833 2729 Burgum
857 2674 994 2715 sancti
1013 2673 1218 2725 Donnini,
1243 2687 1354 2714 anno
1378 2673 1591 2715 dominice
1617 2672 1927 2714 incarnationis
1950 2672 2179 2712 millesimo
2199 2670 2355 2711 ducen-

148 2743 303 2783 tesimo
337 2743 542 2784 vicesimo
576 2748 716 2789 sexto,
752 2756 898 2784 mense
931 2743 1043 2790 Iulii,
1076 2742 1404 2798 quartadecima
1439 2742 1718 2784 indictione&

288 2868 373 2904 107.
406 2869 432 2912 l)
459 2871 545 2913 priv.
570 2875 641 2903 tam
670 2890 709 2894 —
735 2871 894 2914 singulos
921 2869 953 2903 2.
1048 2869 1092 2911 m)
1119 2871 1211 2914 pred.
1238 2871 1302 2904 civ.
1328 2868 1361 2903 2.
1456 2875 1489 2912 ¹¹)
1516 2881 1537 2903 a
1561 2870 1721 2913 predictis
1746 2868 2006 2912 imperatoribus
2030 2867 2060 2900 2.
2156 2867 2187 2907 0)
2215 2866 2303 2898 deest
2328 2864 2359 2897 2.

148 2927 182 2970 P)
207 2938 268 2961 seu
293 2926 324 2960 2.
444 2928 478 2970 (l)
503 2933 565 2961 aut
590 2928 672 2961 add.
690 2927 722 2961 2.
863 2928 891 2970 r)
917 2929 1116 2971 capitaneos
1141 2927 1172 2970 2,
1198 2928 1327 2960 similia
1351 2939 1491 2971 semper.
1616 2930 1643 2967 S)
1671 2927 1714 2958 ab
1742 2926 1868 2958 honore
1894 2925 1960 2958 dee.
1981 2923 2012 2957 3.
2131 2924 2156 2964 t)
2182 2934 2245 2955 nec
2270 2921 2301 2955 2.
2328 2922 2359 2954 3.

147 2984 183 3026 ¹²)
208 2985 427 3028 prohibemus
452 2984 485 3019 2.
647 2986 679 3026 v)
704 2986 786 3028 ipsis
811 2990 844 3018 et
871 2986 947 3018 aliis
970 2983 1003 3018 2.
1145 2986 1184 3026 w)
1218 2986 1484 3028 privavimus
1517 2995 1538 3017 a
1569 2984 1753 3016 statutis
1789 2983 1871 3015 add.
1896 2981 1927 3014 2.
2068 2981 2101 3022 x)
2130 2991 2301 3014 cassamus
2326 2978 2358 3011 2.

147 3041 180 3083 5)
207 3053 270 3075 nec
293 3040 325 3075 2.
445 3042 475 3086 Z)
501 3043 590 3076 deest
614 3041 647 3075 2.
672 3041 705 3076 3.
824 3042 856 3082 ³³¹)
883 3043 928 3075 ab
953 3041 984 3074 2.
1105 3041 1136 3081 b)
1163 3052 1300 3085 quoque
1324 3040 1356 3075 2.
1492 3045 1522 3081 c)
1551 3053 1593 3074 ex
1621 3041 1650 3074 1.
1770 3039 1803 3076 ⁴¹)
1830 3042 1980 3073 fautores
2004 3050 2118 3072 eorum
2146 3039 2300 3070 civitates
2327 3043 2357 3069 et

147 3100 223 3132 loca
248 3100 302 3132 vel
328 3101 429 3132 ceteri
455 3099 486 3132 2.
621 3100 653 3141 e)
680 3105 876 3143 presumant
900 3098 932 3132 2.
1073 3098 1102 3140 s)
1130 3100 1187 3132 alii
1213 3100 1270 3142 qui
1296 3098 1327 3132 2.
1471 3100 1504 3140 1³)
1530 3100 1570 3131 de
1596 3099 1755 3142 predictis
1781 3098 1979 3129 civitatibus
2005 3096 2038 3129 2.
2158 3094 2187 3133 ¹¹)
2215 3095 2302 3127 deese
2328 3094 2357 3127 2.

146 3155 171 3196 1“)
197 3161 373 3189 assument
397 3155 428 3189 2.
547 3155 581 3198 k)
608 3162 642 3190 et
666 3158 747 3190 add.
767 3156 800 3191 2.
918 3155 942 3198 l)
969 3157 1173 3190 removenda
1198 3156 1229 3190 2.
1349 3161 1391 3197 ΙΓΤ·)
1416 3163 1517 3198 atque
1542 3155 1574 3189 2.
1600 3156 1632 3188 3.
1739 3157 1773 3194 ¹¹)
1800 3161 1831 3187 et
1858 3155 1902 3186 ab
1929 3155 2152 3194 avocati-mis,
2180 3154 2359 3191 iudicatus,

147 3214 393 3248 tabellionatus
417 3214 498 3247 add.
515 3213 547 3247 2.
665 3214 698 3257 ⁰)
724 3215 815 3258 ipsos
840 3215 1008 3258 predictos
1033 3214 1116 3247 add.
1134 3212 1155 3246 2
1164 3227 1172 3253 ;
1199 3215 1367 3258 predictos
1393 3215 1475 3247 aclcl.
1495 3213 1527 3246 3.
1647 3214 1678 3254 Ρ)
1706 3213 1907 3246 offenderint
1935 3211 1964 3244 1.
2063 3212 2097 3253 (Ι)
2118 3223 2186 3253 pro
2212 3217 2359 3243 transeat

149 3275 182 3304 et
205 3272 354 3315 impunis
378 3270 415 3304 2:
441 3272 593 3304 exinde
618 3273 834 3305 habeatur.
952 3272 980 3313 r)
1008 3273 1063 3304 vel
1087 3272 1211 3305 debeat
1237 3271 1269 3304 2.
1409 3273 1436 3313 s)
1469 3272 1547 3305 sub
1573 3271 1720 3303 debito
1746 3269 1986 3302 fidelitatis
2012 3279 2093 3310 qua
2119 3269 2296 3310 imperio
2321 3274 2359 3300 et

149 3329 271 3362 nobis
295 3330 502 3362 tenemini
527 3329 608 3362 add.
627 3328 659 3362 3.
777 3330 802 3371 t)
829 3330 919 3363 deest
942 3328 974 3362 2.
1092 3329 1127 3371 u)
1154 3330 1364 3363 facientes
1397 3329 1610 3373 presentis
1644 3327 2049 3369 condempnationis
2084 3327 2259 3358 formam
2286 3336 2360 3368 per

149 3390 280 3419 totum
320 3387 567 3420 districtum
608 3392 647 3420 et
685 3388 989 3431 episcopatum
1030 3392 1226 3420 vestrum
1268 3387 1573 3429 sollempniter
1613 3385 1829 3428 publicari
1873 3384 1925 3416 laic
1967 3383 2085 3415 inserit
2109 3382 2149 3421 ·2;
2187 3395 2216 3414 r.
2252 3382 2358 3423 infra.

149 3443 182 3484 τ’)
205 3444 287 3486 ipsis
312 3443 344 3476 1.
461 3444 502 3486 W)
526 3449 642 3478 autem
666 3443 698 3477 2.
820 3443 852 3487 X)
878 3456 934 3477 eos
962 3445 992 3478 1.
1115 3446 1148 3484 δ’)
1173 3449 1355 3477 exerceant
1378 3443 1410 3476 2.
1530 3445 1559 3485 Ζ)
1585 3444 1613 3475 si
1638 3443 1670 3475 2.
1790 3442 1822 3482 ³)
1850 3441 2035 3473 Faciatis
2062 3459 2103 3462 —
2130 3440 2359 3482 publicare

151 3500 219 3534 des.
245 3501 299 3534 hic
315 3500 347 3535 2.
465 3501 497 3544 b)
522 3503 688 3546 presentis
713 3501 845 3535 add.3.
965 3501 994 3542 c)
1019 3503 1096 3535 Dat.
1114 3500 1146 3534 2.
1269 3499 1303 3544 d)
1328 3501 1581 3543 quartedecime
1606 3499 1800 3532 indictionis
1829 3497 1861 3531 3.

2015 3717 2083 3751 18*
