2558 3970
0 1329 50 1353 laet
77 1332 123 1354 .:x.
140 1348 163 1354 ..

183 185 263 222 516
584 173 866 209 lNNOCENTII
895 172 952 205 lv.
981 169 1242 205 CONClLIUM
1273 164 1605 201 LUGDUNENSE.
1656 163 1753 198 1245.
1802 163 1863 196 Nr.
1880 163 1957 197 401.

325 293 390 347 17)
425 292 478 331 Et
512 291 606 345 quia
650 303 725 344 pro
765 291 881 327 certo
914 284 1107 325 dominos
1140 296 1248 338 pape
1281 281 1491 327 constitit,
1532 278 1651 333 quiat
1682 278 1773 333 ipse
1806 291 1889 317 non
1922 277 2122 319 veniebat
2152 292 2231 319 nec
2264 293 2357 319 cum

185 361 385 402 mandato
421 358 713 412 sollempniter
737 357 849 396 facto
873 355 1037 409 aliquos
1062 351 1277 407 principes
1299 349 1557 398 destinabat,
1590 346 1702 387 dicto
1725 346 1793 387 die
1816 346 1916 387 lune
1941 347 2160 388 constituit
2182 349 2359 390 terciam

185 430 434 469 sessionem.
505 426 559 466 Et
599 424 782 480 peractis
822 422 992 467 officiis,
1034 425 1079 461 ut
1121 420 1162 460 in
1205 419 1359 474 prima,
1401 421 1499 472 post
1536 415 1670 456 multa
1707 414 1822 455 dicta
1861 417 1903 455 et
1942 413 2168 456 hincinde
2200 417 2358 467 audita,

184 507 413 550 antequam
460 494 512 535 ad
555 493 766 535 sententie
808 491 1120 546 prolationem¹¹
1161 487 1426 536 accederetv,
1470 483 1716 525 nativitatiw
1761 482 1917 523 beatex
1948 482 2137 538 Virginis
2175 486 2361 539 gloriose

185 565 394 605 ordinavit
434 563 671 604 octavarii&
713 575 831 602 sacro
866 559 1049 600 concilio
1088 556 1370 612 approbante.
1432 551 1600 594 Deinde
1633 550 1848 591 dominusi
1879 565 1992 606 papa
2023 552 2227 606 quasdam
2260 569 2358 596 con·
2414 571 2428 593 5

184 634 445 674 stitutione&
492 644 571 686 que
611 644 686 686 pro
726 628 1051 684 recuperatione
1084 625 1216 667 Terre
1251 623 1408 665 Sancte
1449 635 1498 662 ac
1541 620 1687 667 aliasy,
1730 633 1812 674 que
1846 633 1920 674 pre
1955 619 2144 662 subsidio
2176 621 2361 665 Romani

185 702 363 756 imperii,
397 706 439 741 et
472 700 601 741 etiam
632 699 776 740 alias&
810 711 891 753 quc
916 701 1065 737 contra
1087 694 1316 736 Taum-osa
1349 690 1490 733 factc¹'
1522 690 1736 740 sum-unte,
1769 689 1872 730 fecit
1893 689 1991 743 legi.
2099 689 2210 732 Item
2242 696 2360 747 post-

185 771 352 810 modum
387 767 609 809 dominusd
643 781 754 822 papa
795 765 923 810 dixit,
966 763 1077 819 quod
1111 763 1252 804 omnia
1290 760 1515 817 privilegia
1546 758 1738 799 Romane
1772 757 1975 808 ecclesie,
2009 772 2091 813 que
2124 766 2173 800 ae
2204 761 2364 815 princi-

185 839 307 892 pibus
339 836 486 877 mundi
521 843 605 877 tam
640 835 693 876 ab
727 833 1054 889 imperatoribus
1077 830 1226 886 quams
1256 829 1431 884 regibus
1454 840 1660 869 concessa
1690 825 1872 877 fuerant,
1907 826 2090 868 eadem&
2122 831 2363 885 exemplari

185 906 375 947 soom-affl
409 912 451 946 et
490 906 529 945 in
571 905 630 945 eis
672 903 826 959 apponi
859 901 990 943 fecith
1023 900 1163 955 sigilla
1195 896 1403 940 omniumi
1437 897 1507 952 qui
1540 895 1719 937 aderant
1752 895 2034 950 prelatorum,
2075 901 2118 938 et
2150 898 2362 950 v‘olebatk,

185 975 295 1029 quod
331 973 460 1015 viros-¹
495 974 703 1014 haberent
737 973 846 1012 sicut
878 971 971 1025 ipsa
1003 968 1246 1023 originalia,
1280 981 1361 1021 que
1396 966 1499 1006 inibi
1523 966 1636 1006 lecta
1659 968 1831 1005 erantm.
1941 963 2061 1005 Tunc
2085 971 2366 1008 surrexerunt

186 1044 321 1084 nuntii
366 1043 478 1098 regis
518 1042 673 1096 Anglie
717 1046 758 1081 et
803 1054 878 1094 pro
923 1037 1287 1079 autenticatione¹¹
1328 1034 1594 1090 quorundam
1636 1032 1957 1088 privilegiorum
1999 1047 2304 1076 concessorum
2343 1049 2368 1076 a

190 1128 291 1167 rege
326 1112 482 1166 Anglie
517 1112 597 1166 ipsi
632 1109 827 1153 ecclesie,
861 1122 943 1162 quc
976 1106 1228 1147 asserebant
1260 1105 1373 1146 facta
1405 1107 1551 1158 preter
1583 1102 1806 1143 consilium
1840 1101 2077 1157 principum
2110 1107 2236 1156 terre,
2268 1104 2369 1146 licet

187 1183 253 1222 in⁰
294 1180 531 1236 privilegiis
575 1179 656 1219 illis
701 1177 959 1218 contrarium
1002 1175 1229 1225 diceretur,
1271 1173 1325 1213 ad
1364 1172 1552 1213 futurum
1593 1170 1840 1226 pontificem
1882 1174 1924 1211 et
1966 1178 2070 1226 pr0⁰
2111 1173 2366 1227 quibusdam

187 1249 576 1291 emistitutionibus.
611 1261 692 1302 que
725 1261 799 1301 pro
833 1244 1025 1286 subsidio
1060 1242 1257 1285 faciendo
1292 1241 1476 1283 ecclesie
1507 1240 1648 1281 facte1³
1681 1239 1889 1290 fuerantq,
1923 1240 2230 1295 appellarunt&

333 1317 397 1372 (ὃ)
432 1317 550 1357 Tunc
595 1316 782 1356 surrexit
825 1313 956 1355 iudex
988 1313 1214 1354 ThadeusS
1246 1311 1515 1367 percipienS,
1558 1307 1671 1364 quod
1709 1308 1792 1349 iam
1825 1309 1987 1350 securis
2020 1315 2114 1350 erat
2145 1311 2283 1366 posita
2314 1312 2368 1352 ad

188 1387 394 1428 radicem.
438 1400 511 1440 pro
545 1385 775 1425 multorum
816 1383 1138 1438 privilegiorum
1173 1379 1547 1427 autentioationet,
1587 1382 1629 1419 et
1661 1377 1695 1417 si
1729 1382 1880 1418 contra
1911 1377 2151 1432 predictum
2184 1380 2370 1435 impera-

189 1464 320 1496 torem
357 1455 487 1495 vellet
518 1453 769 1508 procedere,
802 1451 1081 1507 appellabatu
1113 1449 1166 1490 ad
1198 1449 1388 1490 futurum
1422 1447 1667 1503 pontificem
1701 1450 1743 1487 et
1776 1447 2002 1487 concilium
2033 1449 2249 1502 generale.
2275 1480 2278 1481 γ
2302 1449 2371 1490 Ad

189 1539 268 1579 que
302 1524 498 1564 dominus
533 1537 645 1578 papa
679 1521 902 1577 respondit
933 1520 1153 1561 humiliter
1186 1523 1228 1560 et
1259 1517 1459 1572 benigne,
1492 1515 1602 1571 quod
1635 1515 1740 1556 illud
1774 1519 1865 1556 crat
1897 1516 2124 1557 concilium
2150 1519 2371 1571 generale,

189 1594 285 1647 quia
318 1598 404 1633 tam
438 1591 656 1647 principes
691 1591 908 1631 seculares
941 1603 1066 1643 quam
1100 1586 1415 1629 ecclesiasticiv
1448 1585 1501 1626 ad
1534 1584 1639 1625 illud
1672 1584 1842 1625 fuerant
1876 1584 2063 1632 invitati;
2097 1586 2173 1627 sed
2205 1601 2368 1638 omnes,

190 1663 259 1716 qui
294 1662 334 1701 in
375 1660 668 1701 iurisdictione
710 1659 980 1714 imperatoris
1014 1658 1202 1707 fuerant,
1247 1655 1300 1697 ad
1343 1654 1448 1695 illud
1481 1668 1556 1695 eos
1589 1653 1796 1694 accedere
1830 1667 1913 1693 non
1955 1655 2166 1708 permisit;
2200 1660 2374 1712 propter

191 1729 301 1784 quod
335 1729 670 1784 appellationem
703 1741 787 1768 non
820 1726 1076 1768 admittebat
1107 1724 1303 1766 candem.
1343 1723 1420 1764 ‘Et
1451 1723 1595 1764 statim
1627 1722 1809 1763 recitare
1841 1723 2014 1777 incepit,
2047 1729 2252 1778 quantum
2276 1739 2374 1766 eum

190 1799 416 1840 dilexerat.
449 1802 682 1852 antequam
718 1802 834 1837 esset
868 1796 909 1836 in
942 1809 1096 1851 papam
1131 1797 1390 1848 assumptus,
1424 1796 1467 1833 et
1489 1795 1694 1846 quantum
1718 1791 1797 1831 sibi
1820 1790 2069 1832 detuleratW
2102 1793 2373 1847 postmodum

192 1877 232 1908 et
267 1868 426 1907 etiamx
458 1870 681 1921 postquam
715 1865 854 1906 fuerat
885 1864 1109 1905 concilium
1134 1863 1389 1913 ordinatum,
1423 1866 1492 1903 ety
1525 1875 1622 1902 eum
1653 1874 1783 1915 super
1805 1860 1944 1902 verbis
1967 1861 2220 1903 mirabiliter
2241 1862 2374 1904 hono-

191 1936 333 1976 rabat:
366 1936 425 1976 ita
457 1934 592 1989 quodz
625 1935 696 1974 vix
729 1933 986 1975 credebatur
1018 1933 1071 1973 ab
1105 1931 1334 1986 aliquibus.
1368 1929 1481 1985 quod
1513 1930 1701 1984 aliquam
1733 1928 1939 1970 debereta
1971 1929 2081 1971 ferre
2117 1932 2374 1972 sententiam

193 2015 341 2045 contra
374 2018 484 2045 eum.
547 2003 602 2044 Et
643 2004 787 2044 statim
828 2001 1015 2057 incepitb
1049 2001 1191 2042 omnia
1232 2013 1430 2055 promere
1468 2002 1670 2040 oretenus
1703 2002 1746 2038 et
1788 1997 1901 2039 ferre
1935 2000 2194 2041 sententiam
2227 2004 2377 2041 contra

194 2088 303 2123 eum.
338 2073 510 2127 privans
544 2074 682 2127 ipsum
715 2072 829 2113 omni
862 2072 1023 2112 honore
1057 2075 1100 2111 et
1132 2069 1311 2124 imperio
1344 2072 1387 2109 et
1418 2067 1512 2108 aliis
1546 2067 1690 2121 regnis
1724 2067 1823 2108 suis.
1885 2066 1942 2107 Et
1974 2068 2247 2123 postmodum
2278 2083 2375 2111 sen-

196 2142 327 2182 tentia
360 2142 400 2181 in
434 2142 603 2196 scriptis
643 2142 685 2181 in
726 2142 820 2196 ipsa
863 2139 1026 2194 synodo
1068 2139 1181 2180 lecta
1212 2138 1313 2186 fuit3
1359 2150 1442 2192 qua
1478 2137 1591 2177 lecta
1622 2135 1846 2177 dominusc
1878 2150 1988 2191 papa
2019 2138 2207 2179 surrexit
2239 2143 2282 2179 et
2312 2138 2376 2179 in-

196 2212 309 2266 cepit
338 2210 412 2251 'Te
442 2210 568 2251 deum
600 2208 854 2259 laudamus,
887 2223 970 2264 quo
994 2206 1181 2263 ympno‘l
1204 2207 1431 2247 decantato
1455 2219 1532 2260 per
1554 2219 1702 2246 omnes
1735 2204 1814 2245 fuit
1837 2205 2060 2246 concilium
2083 2206 2337 2248 dissolutum
2348 2214 2377 2248 θ.

197 2279 281 2319 Sed
316 2285 381 2319 est
414 2278 644 2333 diligenter
676 2278 1005 2328 attendendum,
1045 2275 1158 2332 quod
1190 2289 1302 2332 papa
1332 2275 1374 2316 in
1408 2275 1492 2315 illis
1523 2274 1674 2315 diebus
1708 2274 1931 2315 consilium
1964 2275 2150 2329 petierat
2182 2277 2373 2331 singula-

196 2348 297 2388 riter
329 2361 352 2387 a
395 2348 594 2402 prelatis,
633 2352 774 2388 utrum
816 2351 966 2402 posset
996 2346 1064 2387 vel
1096 2345 1276 2387 deberet
1316 2343 1551 2399 procedere
1592 2357 1668 2398 per
1699 2357 1770 2394 ea,
1814 2357 1897 2398 que
1939 2344 2165 2385 manifesta
2205 2344 2378 2386 fuerant

196 2424 339 2456 eontra
386 2430 501 2465 eum,
549 2421 590 2456 et
633 2421 837 2471 quantum
880 2415 934 2456 ad
976 2414 1289 2470 depositionem
1335 2414 1427 2455 eius
1468 2426 1617 2453 omnes
1656 2412 1986 2455 concordarunt:
2029 2418 2072 2454 et
2113 2414 2254 2454 statim
2298 2414 2379 2468 ipsi

198 2485 429 2528 sententie,
464 2499 544 2539 que
576 2486 734 2540 scripta
766 2489 879 2534 erat,
914 2484 1099 2539 sigillum
1135 2483 1363 2524 cuiuslibet
1394 2480 1579 2522 faciebat
1609 2481 1786 2536 apponi,
1830 2481 1888 2521 ita
1920 2481 2033 2536 quod
2065 2482 2106 2522 in
2139 2482 2378 2536 prolatione

198 2554 412 2594 sententie
447 2554 557 2594 eirea
591 2553 622 2593 C
657 2558 699 2593 et
731 2553 765 2593 L
797 2552 938 2607 sigilla
969 2552 1051 2607 ipsi
1085 2551 1297 2592 sententie
1331 2550 1503 2592 fuerant
1535 2564 1740 2605 appensa.

338 2678 422 2712 401.
450 2683 477 2722 S)
505 2680 592 2711 deest
614 2680 642 2712 1.
662 2678 693 2712 ²2.
809 2679 834 2719 t)
861 2679 949 2720 quod
975 2677 1006 2710 2.
1033 2677 1064 2711 4.
1090 2679 1121 2710 5.
1240 2677 1273 2721 ¹¹)
1300 2678 1457 2710 lationem
1484 2676 1513 2709 3.
1541 2676 1577 2716 4ς
1610 2688 1676 2719 pro
1701 2682 1785 2709 sent.
1812 2678 1895 2720 prol.
1921 2676 1958 2709 ῦς
1985 2679 2118 2711 festum.
2229 2678 2260 2719 v)
2284 2688 2378 2710 acce-

198 2738 332 2769 dent-tur
358 2738 388 2769 4.
412 2738 442 2769 ἴ).
576 2738 613 2777 W)
641 2737 828 2769 nativitatis
856 2735 885 2768 5.
1019 2737 1053 2777 x)
1079 2736 1209 2768 Mariae
1235 2735 1316 2767 add.
1334 2733 1365 2767 4.
1392 2735 1423 2766 5.
1554 2736 1587 2775 y)
1613 2735 1690 2767 aliis
1716 2733 1746 2767 1.
1773 2733 1804 2767 3.
1831 2734 1862 2767 Γ).
1995 2733 2024 2776 Ζ)
2049 2736 2124 2767 aliis
2153 2735 2189 2776 13
2215 2746 2255 2768 ac
2280 2736 2382 2768 etiam

199 2796 264 2826 :ilia
298 2794 333 2827 2:
373 2802 403 2826 et
438 2795 522 2826 alias
555 2793 585 2827 4.
741 2799 772 2833 ³)
806 2794 972 2826 Thataros
1006 2793 1035 2825 1.
1191 2790 1223 2833 b)
1261 2794 1347 2824 facta
1381 2790 1500 2824 1-3.
1658 2791 1687 2832 c)
1726 2792 1862 2824 fuerant
1893 2790 2014 2824 2—5.
2167 2790 2200 2833 d)
2237 2792 2326 2825 deese
2351 2791 2382 2825 1.

199 2857 229 2891 (ξι
267 2863 331 2893 que
365 2864 383 2883 a
413 2852 479 2883 des.
505 2851 541 2891 3;
579 2862 645 2894 que
676 2851 764 2883 deest
789 2850 820 2883 4.
846 2851 876 2883 ἴ).
1024 2848 1053 2892 s)
1090 2861 1111 2882 a
1141 2850 1223 2882 add.
1247 2849 1371 2882 3—5').
1511 2850 1543 2886 g)
1581 2849 1688 2881 eidem
1721 2848 1844 2880 3—5.
1984 2847 2017 2890 ιι)
2054 2849 2175 2892 opponi
2210 2850 2327 2882 fecerit
2354 2848 2382 2881 1.

200 2908 221 2947 ἰ)
250 2909 421 2940 hominum
451 2909 479 2940 1.
596 2906 630 2948 k)
657 2908 815 2940 volebant
844 2908 872 2940 l.
990 2906 1013 2948 1)
1039 2908 1186 2950 vigorem
1212 2906 1326 2939 3—5.
1437 2906 1479 2947 ῙΠ)
1506 2912 1578 2938 erat
1602 2905 1638 2946 33
1665 2917 1730 2948 que
1759 2923 1797 2928 -—
1825 2911 1920 2938 erant
1945 2906 2012 2938 des.
2030 2904 2061 2937 4.
2171 2906 2203 2948 Π)
2229 2912 2381 2949 accepta-

200 2966 287 2995 riune
315 2964 344 2996 2.
463 2970 495 3006 0)
521 2965 608 2996 deust
634 2964 654 2996 3
671 2983 709 2987 —
726 2964 911 3005 521³)
939 2966 1027 2996 facta
1057 2963 1084 2996 1.
1110 2963 1141 2996 3.
1165 2962 1196 2996 4.
1314 2966 1346 3004 q)
1372 2965 1509 2995 fuerunt
1533 2962 1564 2995 3.
1589 2962 1620 2995 4.
1737 2963 1766 3004 r)
1792 2963 2050 3005 appellaverunt
2074 2962 2111 3003 2;
2145 2964 2234 2996 deest
2257 2962 2278 2996 3
2295 2962 2380 2996 -5,

201 3027 212 3042 2
259 3022 395 3054 Tadeus
420 3021 450 3054 2.
583 3023 607 3059 t)
635 3022 932 3054 autenticationcm
957 3020 989 3053 2.
1122 3022 1154 3056 ¹¹)
1180 3021 1341 3063 apellaret
1368 3020 1388 3053 3
1404 3039 1445 3042 --
1461 3020 1490 3052 5.
1627 3019 1658 3060 v)
1683 3020 1795 3053 clerici
1821 3019 1842 3052 3
1859 3020 1948 3052 -ῦ,
2081 3019 2119 3062 w)
2145 3021 2320 3053 demiserat
2345 3019 2383 3057 3;

201 3079 369 3111 dimiserat
396 3078 426 3111 4.
454 3079 484 3111 ι’).
624 3084 656 3117 x)
682 3082 733 3111 Ger
760 3077 791 3110 3.
930 3084 962 3119 Y)
988 3079 1076 3111 deest
1100 3078 1131 3111 4.
1157 3079 1188 3111 ἴ).
1328 3080 1358 3122 z)
1385 3080 1503 3120 Itaque
1528 3077 1561 3110 4.
1702 3080 1731 3118 a)
1758 3080 1866 3110 faeere
1891 3077 1972 3109 add.
1993 3075 2024 3109 3.
2050 3075 2086 3115 43
2113 3078 2190 3109 sei-ri
2216 3079 2326 3109 facere
2352 3075 2383 3110 5.

202 3134 231 3174 ὓ)
258 3138 343 3178 cepit
370 3138 400 3168 3.
426 3136 457 3167 4.
574 3141 604 3174 c)
631 3136 719 3167 dees!
748 3136 776 3168 l.
895 3134 926 3175 ‘¹)
951 3147 1054 3178 ymno
1079 3135 1114 3171 3:
1142 3136 1267 3178 hymno
1296 3137 1328 3168 4.
1354 3136 1385 3169 ἴ).
1501 3136 1530 3176 ⁰)
1556 3136 1798 3178 lm'cfint'malur
1823 3134 1924 3167 2—5.

341 3249 372 3288 l)
397 3248 520 3280 scilicet
546 3248 784 3281 edema-'ulam
812 3248 851 3280 in
874 3249 1050 3289 ficturum.
1168 3250 1202 3290 2)
1231 3248 1268 3282 V.
1296 3258 1409 3291 supra
1431 3253 1545 3291 p.514
1571 3259 1605 3281 11.
1627 3254 1654 3282 1.

2403 910 2434 934 10

2405 1258 2436 1282 15

2407 1599 2441 1625 20

2411 1946 2443 1971 25

2414 2289 2447 2314 30

2415 2684 2447 2709 35

2416 2970 2450 2994 40
2511 2967 2522 2970 '⁴
