2558 3970
104 932 135 955 10

103 1275 134 1300 1⁵

102 1626 134 1652 20

102 2095 134 2121 25

103 2447 137 2472 30

104 2795 135 2821 35

104 3138 138 3163 40

107 3486 139 3511 45

682 181 925 216 FRIDERICI
955 182 997 215 ll.
1024 182 1455 217 (JONS'I‘l'l‘l''rioxles
1513 184 1608 218 1221.
1662 185 1722 218 ΧΓ.
1740 186 1794 218 91.
1822 186 1875 218 92.
2301 190 2374 226 115

173 299 384 339 desiderio
417 297 702 351 requirentes,
765 296 965 336 Gaudere
1006 297 1137 337 (lebet
1178 303 1219 338 ct
1264 304 1378 338 totus
1423 299 1605 353 populus
1639 299 1913 339 christianus.
1956 300 2052 353 quia
2089 306 2215 340 terra.
2249 314 2375 353 quum

173 367 370 408 Christus
410 370 557 407 nostra
597 365 714 405 salus
758 366 929 420 proprio
974 367 1184 420 sanguine
1225 366 1454 408 dedicavit.
1497 383 1521 407 a
1555 368 1681 421 longo
1716 374 1911 423 tempore
1947 368 2173 408 horrendis
2210 368 2375 422 Agat-e·

173 435 352 478 norumd
392 434 606 490 spurcitiis
646 448 731 474 non
772 448 850 475 sua
897 435 1091 489 potentia
1131 441 1197 476 set
1232 437 1388 476 nostris
1427 436 1617 491 peccatis
1652 436 1930 489 exigentibus
1965 437 2229 477 ‹v-unouleata.
2273 438 2377 491 ipsis

175 505 228 546 ab
261 503 502 545 hereditate
536 502 710 543 Domini
745 503 920 543 brachio
956 504 1127 544 virtutis
1161 504 1306 545 (livine
1341 506 1527 546 reici-tis.
1571 505 1622 545 aid
1659 520 1806 546 verum
1842 512 1882 545 et
1917 506 2180 546 ineffabilem
2217 506 2376 546 Clu-isti

175 574 337 614 cultum
370 587 447 628 per
477 576 666 612 vestrum
701 572 985 612 ministerium
1022 572 1264 613 reducetur.
1328 572 1382 613 Et
1416 573 1589 627 quidem
1624 574 1723 614 licet
1758 589 1807 613 ea
1842 574 1976 614 simus
2010 573 2241 614 devotione
2277 575 2377 614 sub-

171 642 271 683 iecti
314 647 462 682 sancte
495 639 693 681 Romane
734 640 918 681 ecclesie
965 642 1089 681 matri
1132 648 1291 684 nostre.
1334 648 1379 682 ut
1413 641 1640 682 credamus
1674 643 1910 697 quemlibet
1945 644 2121 683 mis-sum
2157 643 2209 683 ‹l‹·
2245 644 2379 683 latei-‹-

172 711 326 752 summi
360 708 576 765 pontificis
611 709 744 764 patris
778 710 912 750 nostri
949 710 1092 751 facere
1128 710 1303 764 dignum
1341 712 1539 761 fructum,
1574 718 1716 752 tamen
1754 713 1862 752 sieut
1897 712 2020 751 stelle
2046 713 2083 751 in
2109 713 2377 752 firmamento

170 794 195 821 a
227 794 273 820 se
306 779 489 820 invicem
523 777 794 819 differentius
829 779 970 819 lumen
1006 779 1167 821 habent
1199 786 1241 820 et
1274 781 1358 820 alia
1392 781 1528 833 magis
1569 781 1652 821 alia
1690 781 1828 820 minus
1863 781 1991 822 luvet.
2025 782 2084 821 siv
2110 782 2227 820 salva
2255 796 2377 821 reri·-

171 849 310 890 rentia
341 848 521 889 aliorum
555 847 721 888 firmam
757 862 876 903 spem
909 848 1101 902 gerimus
1136 853 1178 889 et
1211 848 1495 889 indubitatam
1530 849 1659 890 dante
1687 849 1869 889 Domino
1896 850 2094 889 fiduciam
2120 850 2375 889 obtinemus.

171 918 286 973 quod
327 932 403 973 pre
436 917 616 962 cunctis,
658 917 727 972 qui
761 917 858 957 huic
892 923 1039 958 essent
1084 918 1322 958 ministerio
1355 917 1570 973 deputati,
1617 924 1805 959 vestrum
1842 918 2018 958 verbum
2055 919 2153 971 igne
2188 920 2379 959 ‹fai-itatis

172 1001 403 1029 accensum
445 991 613 1041 gratum
656 986 841 1027 fructum
885 986 1040 1027 afferet
1079 987 1237 1027 nomini
1282 992 1429 1027 sancto
1464 986 1545 1028 Dei
1581 993 1623 1028 et
1655 988 1732 1028 toti
1769 988 1926 1042 populo
1962 987 2121 1027 (fin-isti
2158 995 2378 1027 caracter(-

171 1057 392 1111 insignito.
455 1055 563 1096 Nam
605 1068 658 1095 ex
700 1055 924 1095 retroactis
966 1055 1235 1096 infallibilem
1271 1055 1322 1096 dc
1365 1057 1519 1096 futuris
1561 1057 1755 1097 elicimus
1789 1057 2096 1097 coniecturam.
2165 1056 2218 1096 [Τί
2252 1057 2380 1107 igitur

172 1126 385 1168 efficatius
429 1130 471 1165 ct
511 1124 757 1181 expeditius
800 1124 975 1179 possitis
1018 1124 1098 1165 hoc
1133 1132 1218 1165 tam
1252 1125 1369 1180 pium
1403 1131 1445 1166 ct
1479 1125 1653 1167 salubre
1689 1126 1909 1180 negotium
1946 1139 2215 1180 promovere.
2260 1124 2380 1165 vobis

172 1195 407 1252 imperialis
440 1193 710 1235 celsitudinis
743 1193 1026 1234 auctoritate⁰
1058 1193 1233 1248 plenam
1269 1194 1546 1235 concedimus
1580 1199 1858 1250 potestatem.
1903 1200 1948 1235 ut
1980 1209 2129 1235 omnes
2165 1194 2273 1234 illos.
2308 1194 2378 1248 qui

175 1278 253 1321 per
283 1269 442 1306 terram
475 1267 619 1305 vestre
652 1262 881 1318 legationis
914 1266 1014 1303 sunt
1047 1264 1262 1318 suppositi
1297 1267 1444 1305 nostro
1481 1264 1634 1307 banno.
1667 1263 1768 1304 dum
1802 1268 1946 1305 tamen
1982 1264 2107 1318 plene
2134 1277 2264 1318 super
2298 1262 2378 1302 hoc

172 1334 328 1375 nostris
362 1332 608 1374 curaverint
640 1331 816 1373 obedire
850 1331 1084 1381 mandatis,
1126 1333 1167 1372 in
1201 1332 1393 1374 favorem
1426 1333 1608 1389 predicti
1643 1333 1828 1388 negotii,
1875 1333 1985 1388 quod
2020 1332 2157 1387 magis
2192 1332 2381 1372 humeris

171 1407 319 1444 nostre
360 1402 601 1443 maiestatis
650 1401 860 1442 incumbit
907 1406 949 1442 et
991 1401 1213 1442 ardentius
1255 1416 1382 1457 quam
1423 1402 1584 1457 aliquid
1624 1402 1740 1443 aliud
1785 1402 1982 1457 cupimus
2017 1415 2283 1457 promovere.
2329 1401 2381 1440 ab

172 1472 267 1527 ipso
312 1471 469 1519 banno,
518 1484 614 1511 cum
664 1469 870 1525 expedire
916 1469 1125 1514 videritis,
1172 1470 1400 1512 absolvere
1446 1472 1638 1514 valeatis.
1717 1470 1935 1525 Quidquid
1979 1471 2089 1511 enim
2131 1484 2261 1525 super
2301 1470 2380 1510 bois

172 1541 384 1583 duxeritis
417 1539 678 1591 faciendum,
711 1539 959 1595 firmitatem
993 1540 1192 1580 volumus
1226 1541 1523 1582 inviolabilem
1559 1540 1768 1582 obtinere.
1823 1539 1912 1580 Nos
1938 1541 2066 1587 enim,
2101 1540 2220 1594 quia
2248 1544 2381 1578 matre

171 1615 320 1652 nostra
352 1609 549 1651 Romana
582 1608 768 1650 ecclesia
807 1608 996 1649 culmina
1028 1609 1070 1649 in
1103 1608 1182 1649 hoc
1218 1610 1365 1650 seculo
1401 1624 1566 1651 summe
1608 1610 1828 1651 felicitatis
1861 1609 2132 1664 accepimus,
2176 1606 2381 1662 quidquid

171 1694 249 1721 sua
284 1680 326 1720 in
359 1679 440 1720 hoc
471 1678 647 1734 negotio
680 1683 722 1719 et
755 1677 851 1718 aliis
885 1677 1013 1719 fuerit
1036 1677 1353 1719 deliberatione
1379 1683 1601 1722 statutum,
1637 1680 1898 1720 intemerata
1926 1678 2121 1718 volumus
2146 1676 2382 1717 stabilitate

171 1762 210 1788 vi
324 1783 330 1789 .

216 1761 414 1858 gereDat.
449 1817 633 1862 Salerni,
667 1814 771 1857 IIII.
807 1815 909 1856 Idus
941 1815 1165 1861 Februar.,
1206 1817 1351 1859 indict.
1377 1818 1526 1858 VIIII.

700 1986 773 2029 9⁸2.
815 1987 1171 2030 ENCYCLIGA
1206 1987 1294 2029 AD
1329 1986 1542 2030 OMNES
1569 1987 1855 2030 FIDELES.

315 2069 445 2112 Dedit
475 2069 600 2112 Perta
630 2084 649 2110 ο
680 2069 873 2123 Βεῃίείνο
905 2069 1089 2111 Ηοηονέί
1119 2070 1208 2111 ΙΙΙ.
1243 2070 1332 2120 ΙΙΙ,
1354 2072 1421 2120 88,
1455 2070 1524 2111 lib.
1552 2069 1699 2118 V,446
1729 2072 1766 2110 ct
1797 2083 1848 2109 ea:
1883 2068 2129 2110 Annalibus
2165 2064 2385 2120 Raynaldi

170 2141 346 2183 a.1221
375 2141 405 2196 ἕ
425 2142 452 2180 4
473 2142 510 2180 et
532 2140 570 2182 5.
606 2163 656 2168 —
690 2138 1155 2181 Hzcillard-Rre'holles
1187 2139 1253 2190 ΙΙ,
1276 2140 1370 2182 123.
1435 2139 1628 2189 ΒϋΙιιηιον,
1661 2138 1761 2191 Ray.
1793 2139 1888 2190 imp.
1921 2137 1965 2188 V,
1986 2139 2108 2179 1267.

2025 2205 2097 2259 (P.
2119 2205 2238 2254 245.)

315 2289 565 2331 Fridericus
607 2287 823 2329 secundus
869 2287 954 2329 Dei
997 2288 1139 2343 gratia
1177 2288 1470 2329 Romanorum
1513 2288 1750 2343 imperator
1790 2292 1833 2328 et
1874 2301 2046 2342 semper
2087 2289 2296 2341 augustus
2340 2288 2382 2324 et

170 2374 250 2402 rex
290 2359 439 2402 Sicilie
478 2358 694 2400 universis
734 2358 826 2399 eius
872 2357 1078 2398 fidelibus
1119 2357 1171 2398 ad
1205 2371 1311 2413 quos
1354 2358 1500 2399 littere
1541 2357 1623 2398 iste
1655 2357 1937 2413 pervenerint
1971 2369 2091 2396 suam
2126 2355 2306 2409 gratiam
2342 2358 2384 2393 et

173 2429 329 2470 bonam
363 2429 645 2470 voluntatem.
887 2480 891 2483 .

313 2498 420 2540 Post
468 2497 690 2539 obtentam
734 2496 787 2537 de
832 2496 967 2537 multa
1013 2501 1056 2537 et
1094 2496 1213 2537 varia
1254 2496 1492 2537 hostilitate
1532 2495 1721 2537 faciente
1762 2494 1947 2535 Domino
1993 2492 2237 2542 victoriam,
2286 2495 2383 2546 post

169 2568 376 2623 plurimos
409 2567 648 2608 laboriosos
689 2580 875 2621 agones,
915 2566 957 2606 in
999 2565 1153 2620 quibus
1192 2566 1360 2621 imperii
1405 2566 1541 2606 virtus
1586 2569 1629 2606 et
1659 2565 1799 2620 gloria
1831 2563 2109 2619 imperatorie
2141 2560 2380 2602 maiestatis

172 2638 338 2687 enituit,
371 2636 497 2678 decet
527 2650 605 2678 nos
639 2636 829 2676 omnium
863 2638 1118 2683 creatorem,
1150 2649 1229 2690 per
1261 2648 1389 2690 quem
1412 2635 1612 2685 vivimus,
1646 2647 1871 2674 movemur
1893 2637 1935 2673 et
1959 2646 2119 2682 sumus,
2153 2644 2231 2685 per
2254 2643 2381 2684 quem

170 2705 407 2762 imperialis
449 2706 645 2746 culminis
679 2705 840 2761 optatis
881 2704 1163 2745 felicitatibus
1205 2703 1518 2758 gubernamur,
1562 2707 1653 2744 toto
1687 2702 1838 2753 corde,
1879 2705 2143 2742 tetamento
2186 2704 2227 2739 ct
2269 2698 2380 2738 omni

173 2776 331 2818 virtute
363 2775 546 2830 diligere
581 2779 624 2815 et
656 2775 693 2814 ei
726 2773 1005 2815 devotissime
1030 2772 1229 2814 omnibus
1252 2772 1416 2814 viribus
1448 2773 1642 2813 totaliter
1665 2771 1894 2817 adhererc;
1930 2771 2029 2825 quia
2053 2769 2129 2809 etsi
2157 2780 2381 2808 successus

171 2845 294 2886 nobis
327 2844 544 2886 mundane
575 2843 877 2899 prosperitatis
911 2842 1112 2893 arrideat,
1147 2842 1282 2893 absit,
1316 2846 1363 2883 ut
1395 2842 1518 2884 favor
1550 2841 1800 2882 transitorie
1833 2839 2051 2881 felicitatis
2084 2852 2159 2878 nos
2193 2851 2218 2878 a
2249 2836 2381 2877 nostri

171 2914 406 2957 conditoris
438 2928 585 2956 amore
619 2914 783 2969 pariter
815 2918 859 2955 et
891 2913 1044 2954 timore
1078 2912 1295 2954 deflectat.
1359 2911 1700 2953 Considerantes
1725 2911 1857 2965 igitur
1879 2923 1959 2950 nec
1984 2909 2074 2949 sine
2098 2904 2381 2948 amaritudine

173 2984 443 3025 amarissima
481 2983 737 3034 recolentes,
779 2982 1002 3024 salutifere
1043 2982 1182 3023 crucis
1227 2981 1491 3037 triumphale
1531 2981 1754 3031 vexillum,
1800 2978 2059 3020 dominicam
2102 2975 2381 3030 sepulturam,

173 3052 391 3095 civitatem
439 3057 654 3099 sanctam,
701 3052 746 3092 in
794 3064 878 3105 qua
923 3050 1107 3092 salutem
1150 3055 1342 3092 nostram
1391 3054 1457 3091 cst
1503 3049 1714 3090 Dominus
1762 3051 1987 3103 operatus,
2043 3049 2086 3087 et
2133 3042 2381 3084 venerabile

173 3121 378 3177 templum
418 3125 462 3162 et
502 3121 757 3162 cenaculum
799 3119 962 3175 grande
1007 3123 1208 3169 stratum,
1253 3121 1294 3160 in
1331 3133 1415 3175 quo
1448 3118 1634 3160 Domino
1675 3117 1837 3174 pascha
1872 3115 2070 3171 discipuli
2105 3117 2381 3169 paraverunt.

175 3204 384 3247 conversa
414 3190 457 3230 in
496 3190 710 3231 theatrum
746 3194 788 3231 et
812 3189 1007 3231 seculare
1031 3188 1272 3240 ridiculum,
1305 3188 1379 3229 ubi
1403 3187 1571 3229 Rachel
1598 3187 1740 3242 plorat
1764 3186 1947 3226 filiorum
1974 3197 2148 3225 suorum
2173 3181 2380 3235 iugulum.

173 3259 435 3301 horrendum
475 3259 645 3300 facinus
678 3263 720 3299 et
750 3258 875 3300 triste
908 3257 1218 3314 spectaculum,
1257 3257 1362 3298 tacti
1395 3256 1541 3298 dolore
1576 3255 1718 3297 cordis
1752 3255 2012 3296 intrinsecus
2047 3257 2090 3293 et
2123 3251 2295 3299 rubore,
2328 3248 2380 3289 (lc

174 3342 383 3370 succursu
415 3328 548 3370 celeri
581 3327 735 3369 diebus
769 3330 812 3369 et
843 3326 1040 3368 noctibus
1074 3327 1328 3381 cogitamus,
1362 3326 1511 3381 galeas
1537 3330 1580 3367 et
1602 3338 1752 3375 naveS,
1787 3328 1916 3379 prout
1939 3336 2008 3363 res
2034 3320 2182 3374 exigit,
2214 3316 2380 3370 magni-

174 3397 255 3439 fice
286 3401 582 3453 preparantes.
644 3396 696 3437 In
735 3396 1032 3451 imperialibus
1073 3396 1218 3450 itaque
1251 3395 1440 3436 humeris
1473 3395 1515 3435 in
1556 3394 1728 3435 nomine
1763 3391 1969 3434 Crucifixi
2001 3389 2208 3431 vexillum
2243 3385 2381 3427 crucis

175 3470 376 3521 patenter
406 3470 599 3521 tempore
632 3469 780 3506 nostre
814 3464 1101 3506 coronationis
1135 3464 1369 3515 ereximus,
1402 3467 1449 3503 ut
1481 3463 1646 3504 cunctis
1680 3461 1849 3517 imperii
1873 3459 2004 3501 nostri
2033 3456 2234 3498 fidelibus
2258 3454 2379 3494 inno-

175 3538 335 3586 tescat,
368 3533 483 3589 quod
523 3535 632 3575 sicut
670 3534 854 3589 gratiam
885 3538 1077 3575 nostram
1110 3532 1296 3588 diligunt
1328 3536 1371 3574 et
1403 3546 1625 3579 coronam,
1670 3531 1723 3572 ad
1764 3542 2016 3571 succursum
2050 3526 2182 3567 Terre
2217 3523 2374 3564 Sancte

176 3616 222 3645 se
253 3603 431 3645 viriliter
468 3609 512 3645 et
549 3608 753 3659 potenter
794 3603 1037 3658 accingant.
1106 3601 1162 3642 Et
1203 3602 1306 3643 licet
1345 3601 1470 3642 multi
1506 3601 1742 3656 principes,
1784 3599 1967 3640 barones
2001 3600 2044 3637 et
2085 3593 2244 3634 milites
2279 3594 2376 3630 vota

312 3705 374 3741 91.
396 3704 437 3748 ’(1)
464 3708 727 3751 Aggarenorum
751 3705 782 3739 2.
902 3705 931 3750 e)
957 3706 1199 3740 auctoritatem
1226 3705 1257 3738 1.
2061 3757 2107 3792 5*

2041 3758 2057 3791 1
