2558 3970
94 891 127 915 10

90 1235 121 1259 15

85 1721 118 1746 20

80 2118 113 2144 25

77 2465 110 2490 ³0

75 2810 106 2836 35

72 3153 107 3178 40

650 136 891 171 FRIDERICI
922 138 963 172 Π.
990 138 1422 176 (ῚἹΝΞΤΙΊῚἼἪῚΧΕΞ.
1474 144 1569 178 12:3⁰.
1624 145 1683 179 ΧΓ.
1707 147 1778 180 146.
1810 149 1881 181 14ῖ.
2288 158 2352 194 ιςι

169 268 252 310 que
294 267 371 294 sua
413 256 531 304 sunt,
578 253 723 307 inique
765 259 1018 307 querentes,
1068 254 1279 296 fascinare
1323 264 1364 296 te
1397 259 1608 308 gestiunt.
1657 267 1701 300 ut
1743 276 1976 317 exasperes
2019 272 2196 306 matrem
2232 274 2358 308 tuam.

170 322 374 365 Ceterum
423 335 518 362 cum
562 322 602 362 in
645 321 920 362 solemnitate.
963 328 1048 362 tani
1094 324 1276 370 celebri,
1325 332 1409 365 tani
1453 328 1652 369 solemni.
1702 331 1872 384 quanda»
1906 343 1945 371 te
1979 335 2096 387 quasi
2134 336 2171 374 in
2207 349 2356 375 noxum

168 392 385 434 hominem
419 391 653 432 reformato
686 390 896 443 gloriatur
918 390 1092 431 celestis
1117 393 1234 432 curia
1267 399 1307 432 et
1333 395 1523 434 seeuluni
1559 397 1825 440 iucundamr.
1861 402 2219 451 inagnitieeniiain
2245 412 2357 443 tuam

168 460 379 503 munificis
412 458 567 500 deceat
598 458 777 499 affluere
810 458 1030 499 beneficiis
1064 460 1249 515 pietatis,
1284 476 1333 501 co
1367 462 1474 516 quod
1510 478 1588 504 non
1615 466 1750 505 soluin
1776 468 1996 509 christiani
2023 471 2252 527 principes.
2285 473 2357 512 sed

166 531 294 571 etiam
327 529 499 585 pagani,
533 527 602 582 qui
636 541 780 568 veram
813 526 895 568 Dei
930 528 1123 569 notitiam
1158 543 1239 569 non
1276 529 1506 572 habebant.
1543 533 1580 572 iu
1618 535 1705 573 suis
1731 536 2076 578 solemnitatibus
2103 542 2360 581 tenebantur

166 599 355 640 liberare
389 597 600 653 captivos:
648 610 723 636 nos
765 596 835 651 qui
878 610 954 651 pro
993 597 1174 652 captivis
1209 603 1250 637 et
1284 599 1452 638 afflictis
1487 615 1608 640 orare
1652 609 1864 644 tenemur.
1912 621 2083 660 precum
2119 617 2355 650 nostrai-uin

164 667 374 724 primitias
397 666 624 707 affectione
647 665 922 720 plenissimas
952 666 1162 720 imperiali
1187 667 1504 708 mansuetudini
1531 669 1731 711 duximus
1755 672 2046 716 ‹l‹·stinnn.1as.
2083 691 2155 730 pro
2180 680 2355 732 speeiali

163 749 340 778 munere
381 736 650 791 postulantes
697 738 741 775 et
781 733 1030 774 adiurantes
1074 749 1149 790 per
1192 735 1309 776 illum
1352 737 1573 788 angelum.
1617 754 1741 793 quein
1789 741 1994 782 Dominus
2035 745 2085 784 :id
2127 747 2267 786 anime
2309 765 2355 786 zu·

164 805 354 861 corporis
394 805 455 845 tui
496 802 732 845 custodiam
772 802 1015 858 deputavit,
1064 818 1115 844 ne
1154 804 1266 859 quod
1309 804 1420 846 absit
1464 808 1690 847 contristes
1732 810 1912 851 eundem
1956 814 2023 866 qui
2068 816 2265 869 precipue
2304 817 2355 855 de

163 879 236 916 tua
268 874 548 916 conversione
582 873 754 923 letatur,
789 877 1000 927 quatenus
1035 873 1075 913 in
1111 873 1189 913 liae
1223 874 1510 920 solemnitate,
1545 890 1626 931 que
1660 879 1859 932 specialis
1894 886 1957 920 est
1992 883 2201 922 festivitas
2225 900 2352 934 angw

162 943 314 993 lorum,
347 942 514 984 comitis
547 941 713 983 Thome
749 946 791 983 ct
823 941 1035 996 quondam
1071 942 1284 997 Raynaldi
1318 943 1370 984 de
1395 944 1562 986 Aversa
1595 946 1702 986 tilios
1738 948 1860 988 nobis
1891 949 2126 991 liberaliter
2150 953 2355 1003 largiaris.

161 1026 236 1053 eos
269 1012 321 1053 ad
355 1016 544 1053 nostram
579 1011 843 1068 presentiam
877 1011 1153 1053 remittendo:
1187 1013 1286 1066 quia
1319 1013 1417 1053 licet
1443 1014 1677 1055 seeundum
1703 1017 1881 1057 foi-muni
1908 1019 2024 1072 pacis
2049 1035 2071 1059 a
2097 1021 2355 1075 prineipilius

160 1086 431 1137 acceptatam
465 1080 518 1121 de
551 1079 741 1135 ipsorum
776 1079 1031 1121 liberatione
1067 1095 1149 1121 non
1184 1081 1313 1122 fuerit
1345 1082 1602 1125 dubitatum.
1637 1085 1668 1124 si
1706 1099 1919 1140 nunquam
1955 1094 2096 1128 tamen
2129 1095 2353 1130 tractatum

158 1151 332 1201 fuisset,
374 1163 647 1205 nequaquam
689 1161 764 1190 cos
806 1150 992 1190 ecclesie
1034 1164 1194 1203 negare
1236 1154 1277 1191 te
1310 1151 1453 1193 decet.
1495 1167 1576 1207 que
1611 1154 1684 1194 tibi
1721 1159 1859 1209 potest
1894 1156 1931 1196 in
1966 1157 2091 1208 lunge
2126 1159 2355 1198 maioribus

160 1219 437 1275 respondere.
501 1218 560 1259 Ut
593 1217 694 1274 quid
728 1217 839 1259 enim
874 1218 932 1258 illi
967 1218 1216 1274 affligantur
1247 1221 1444 1272 ulterius,
1477 1235 1570 1262 cuni
1606 1228 1646 1262 te
1681 1223 1762 1264 iam
1798 1238 1879 1264 non
1915 1232 2110 1280 oporteat
2145 1227 2182 1267 in
2215 1228 2355 1282 aliqu«,

156 1288 373 1340 dubitare,
422 1289 491 1344 qui
539 1287 702 1329 habens
753 1302 925 1328 manum
975 1288 1159 1330 ecclesie
1204 1288 1458 1332 adiutricem
1508 1292 1666 1346 ubique
1708 1306 1756 1333 ac
1799 1293 1985 1348 undique
2032 1309 2179 1335 secura
2232 1302 2354 1352 potes

154 1357 346 1413 gaudere
379 1358 552 1413 quiete?
613 1357 749 1398 Nobis
791 1356 1000 1412 siquidem
1042 1358 1339 1414 principaliter
1371 1364 1559 1401 atrocem
1603 1362 1778 1415 irrogari
1814 1368 2109 1417 reputaremus
2145 1365 2352 1406 iniuriam.

157 1427 191 1468 si
228 1431 377 1468 contra
408 1431 451 1468 te
484 1426 598 1482 quod
631 1426 746 1468 absit
779 1427 1051 1481 contingeret
1084 1427 1243 1482 aliquid
1279 1430 1495 1470 attentari.

298 1495 413 1537 Data
445 1496 659 1551 Anagnie,
692 1495 745 1538 V.
779 1495 850 1538 Kl.
886 1495 1019 1551 Sept„
1054 1497 1330 1552 pontificatus
1364 1499 1497 1539 nostri
1530 1514 1641 1540 anno
1675 1506 1838 1555 quarto.

295 1701 395 1746 147.
436 1702 528 1745 EN
528 1703 564 1746 G
571 1703 719 1745 YCLI
721 1703 794 1747 CA
827 1702 1078 1746 IMPERA
1087 1703 1124 1745 T
1124 1703 1265 1746 ORIS
1294 1703 1385 1745 DE
1412 1704 1446 1746 S
1455 1704 1528 1747 UA
1565 1704 1761 1746 ABSOL
1773 1705 1879 1748 UTI
1881 1706 2014 1750 ΘΝΕ.
2061 1710 2214 1760 (Sept.)

296 1784 394 1838 Req.
428 1785 618 1835 212·.:?0¹;
658 1784 975 1837 ‹³.21am,plan‹la=m
1015 1785 1177 1825 curavit
1217 1784 1357 1835 Puris,
1399 1786 1471 1836 qni
1511 1787 1644 1825 lamen
1687 1786 1729 1825 in
1769 1800 1843 1826 sem
1877 1787 2051 1827 odiliam·
2085 1788 2350 1841 Ita-›snaldum

150 1868 187 1896 a.
214 1855 325 1903 1230
355 1854 384 1909 ἕ
407 1856 460 1894 16
490 1856 653 1895 secutus
683 1856 754 1894 est.
798 1879 850 1883 —
892 1854 1352 1896 Huillard-Bramme<
1385 1854 1478 1903 III,
1501 1856 1597 1897 227.
1687 1855 1853 1898 {almucia
1895 1857 1992 1909 Ιῖιχτι.
2037 1859 2128 1911 imp.
2166 1858 2204 1901 Γ,
2234 1862 2348 1899 ΙΗΖζ).

1996 1926 2065 1972 (I’.
2089 1930 2209 1972 275.)

294 2027 540 2069 Friderieus
588 2026 673 2068 Dei
721 2027 861 2082 gratia
899 2027 1195 2069 Romanorum
1246 2028 1481 2082 imperator
1529 2042 1699 2083 semper
1747 2034 1974 2083 augustus,
2025 2030 2261 2071 Ierusalem
2309 2038 2350 2071 et

152 2095 299 2138 Sicilie
331 2111 409 2139 rex
444 2130 454 2140 .
477 2130 486 2139 .
519 2096 677 2138 illustri
711 2097 803 2150 regi
836 2096 1066 2137 karissimo
1099 2097 1235 2137 amico
1270 2110 1346 2137 suo
1381 2097 1565 2138 salutem
1600 2101 1644 2137 et
1677 2098 1841 2138 sincere
1865 2098 2108 2140 dilectionis
2134 2101 2348 2141 affectum.

293 2165 402 2207 Cum
440 2165 691 2221 frequenter
729 2170 772 2207 et
811 2165 972 2207 dudum
1015 2180 1087 2206 cor
1119 2170 1311 2207 vestrum
1355 2166 1485 2207 fuerit
1524 2167 1825 2207 conturbatum
1867 2181 1994 2222 super
2036 2168 2113 2209 liiis
2147 2184 2227 2223 que
2261 2177 2346 2210 tuin

147 2249 225 2292 per
267 2235 530 2291 apostolicas
572 2236 738 2276 litteras
779 2239 868 2276 tum
908 2249 986 2291 per
1018 2239 1188 2276 nostras
1221 2235 1274 2276 de
1312 2236 1554 2277 turbatione
1588 2237 1756 2276 comuni
1790 2236 1947 2290 ubique
1982 2242 2189 2278 terrarum
2226 2239 2342 2279 exic-

147 2309 255 2355 rant,
290 2318 558 2359 consequens
591 2309 657 2345 est
689 2309 731 2345 et
762 2304 958 2360 dignum,
1002 2310 1048 2345 ut
1081 2320 1157 2346 vos
1200 2305 1432 2346 reformate
1474 2306 1591 2360 pacis
1632 2319 1739 2346 nova
1780 2306 1987 2346 letitieent
2022 2312 2063 2345 et
2097 2308 2232 2347 omnis
2266 2322 2346 2362 que

146 2374 288 2429 potuit
319 2374 533 2415 inhesisse
565 2374 754 2415 turbatio
788 2374 992 2430 sopiatur.
1055 2374 1273 2415 Noveritis
1308 2375 1455 2428 igitur.
1499 2374 1611 2429 quod
1645 2389 1720 2429 per
1752 2374 1864 2414 illius
1897 2376 2102 2426 gratiani.
2143 2377 2211 2430 qui
2247 2391 2341 2430 prn-

145 2442 297 2484 eellam
331 2443 543 2484 convertit
575 2443 617 2483 in
649 2457 797 2484 auram
831 2448 874 2484 et
904 2443 1234 2485 dissidentiuma
1265 2448 1434 2484 mentes
1468 2444 1508 2484 in
1541 2457 1668 2484 unam
1694 2444 1894 2483 conciliat
1918 2444 2195 2484 voluntatem.
2231 2446 2342 2484 fai-to

143 2512 317 2567 publice
348 2526 398 2554 ac
431 2512 727 2568 solempniter,
760 2513 871 2554 sicut
894 2527 919 2554 a
942 2513 1154 2554 catholico
1177 2513 1372 2568 principe
1396 2513 1486 2553 fieri
1509 2512 1671 2558 debuit,
1705 2512 1813 2567 quod
1838 2513 1973 2553 forma
1996 2513 2179 2553 eei-lesio
2204 2515 2339 2567 requi-

144 2581 288 2634 rebat,
321 2581 524 2623 vicesimo
558 2585 712 2623 octavo
744 2583 938 2637 preteriti
970 2582 1161 2624 mensisb
1184 2582 1373 2637 Augusti
1406 2595 1482 2637 per
1514 2581 1783 2622 venerabiles
1815 2582 1924 2621 viros
1958 2583 2192 2636 apostoliee
2227 2582 2339 2621 sedis
2374 2595 2433 2623 Ante
2462 2600 2502 2619 κε.

144 2650 314 2705 legatos
343 2649 622 2706 I(ohannem)
655 2650 944 2692 Sabinensem
985 2652 1235 2707 episcopum
1268 2657 1309 2691 et
1343 2652 1591 2705 magistrum
1625 2650 1975 2690 Thomanrtituli
2003 2652 2157 2690 Sanete
2185 2650 2342 2690 Sabine

143 2719 441 2775 presbyterum
477 2720 730 2767 cardinales,
764 2721 1042 2776 presentibus
1076 2721 1343 2776 principibus
1377 2726 1419 2761 et
1450 2720 1716 2760 diversarum
1750 2720 1939 2773 gentium
1975 2719 2241 2759 multitudine
2279 2720 2337 2758 in-

143 2788 277 2840 finita,
309 2789 351 2830 in
383 2789 578 2844 generali
609 2791 743 2831 totius
776 2789 1102 2831 christianitatis
1134 2789 1321 2845 tripudio
1355 2790 1512 2830 fuimus
1547 2789 1826 2843 solempniter
1857 2788 2055 2828 absoluti.
2111 2787 2273 2827 Deinde
2299 2793 2338 2827 ut

142 2861 239 2913 post
270 2857 589 2900 absolutionem
623 2873 679 2900 ex
711 2860 826 2900 omni
868 2860 1090 2915 presentia
1123 2873 1343 2914 corporum
1386 2859 1591 2899 mentium
1637 2858 1846 2898 serenitas
1879 2857 2041 2911 gratius=
2075 2862 2338 2910 sequeretur.

140 2927 277 2982 primo
312 2926 582 2983 Septembris
614 2929 897 2984 apostolicam
933 2929 1082 2970 sedem
1108 2929 1326 2970 >adivimus
1359 2934 1402 2969 et
1435 2928 1751 2968 sanctissimum
1786 2932 1950 2982 patrem
1984 2925 2201 2965 dominum
2228 2925 2334 2963 (ire-
2372 2941 2450 2973 sept
2471 2945 2492 2966 1.

141 2996 309 3051 gorium
340 2996 424 3038 Dei
457 2998 598 3052 gratia
630 3012 842 3039 summum
877 2998 1122 3054 pontificem
1156 2997 1340 3038 vidimus
1374 3003 1638 3039 reverenter.
1701 2995 1782 3042 Qui
1807 2995 2033 3035 affectione
2058 2999 2235 3049 paterna
2264 3008 2336 3033 nos

141 3058 354 3121 recipiens
387 3071 443 3118 et,
476 3080 582 3122 pace
616 3066 808 3108 cordium
845 3068 977 3108 sacris
1011 3068 1171 3107 osculis
1203 3066 1419 3114 federata,
1453 3071 1539 3106 tam
1573 3065 1805 3106 benevole.
1847 3070 1931 3103 tam
1968 3063 2151 3116 benigne
2186 3076 2336 3116 propo-

141 3134 267 3176 situm
300 3135 423 3176 nobis
457 3149 534 3177 sue
566 3137 816 3177 intentionis
849 3137 1019 3191 aperuit
1051 3136 1104 3177 de
1137 3137 1244 3191 ipsis
1277 3150 1360 3190 que
1404 3140 1724 3190 precesserant,
1773 3133 1829 3173 nil
1865 3133 2068 3172 omittens
2103 3136 2143 3171 et
2176 3131 2340 3185 singula

139 3217 408 3259 prosequens
449 3204 663 3246 evidentis
705 3205 863 3247 iudicio
903 3205 1100 3253 rationis,
1141 3204 1252 3260 quod
1293 3205 1372 3245 etsi
1411 3218 1487 3244 nos
1530 3201 1767 3258 precedens
1800 3215 1929 3241 eausa
1961 3200 2237 3240 commoverit
2274 3199 2336 3238 vel

138 3285 364 3314 rancorem
402 3274 592 3329 potuerit
631 3274 819 3330 aliquem
859 3274 1080 3325 attulisse,
1129 3274 1189 3314 sic
1232 3272 1546 3315 benivolentia,
1594 3284 1718 3325 quam
1760 3269 2050 3325 persensimus
2093 3269 2133 3308 in
2175 3266 2337 3307 eodem.

141 3354 310 3383 omnem
344 3346 509 3384 motum
541 3344 694 3385 lenivit
725 3344 857 3385 animi
891 3347 935 3385 et
966 3347 1157 3384 nostram
1190 3346 1334 3383 amoto
1367 3354 1546 3381 rancore
1581 3340 1798 3380 serenavit
1832 3337 1939 3378 adeo
1975 3337 2259 3377 voluntatem.
2294 3340 2338 3375 ut

140 3423 226 3450 non
258 3411 440 3452 velimus
472 3413 655 3453 ulterius
689 3413 894 3468 preterita
926 3411 1167 3458 memorari,
1201 3424 1284 3465 que
1317 3410 1557 3451 necessitas
1583 3409 1737 3453 intulit,
1771 3412 1816 3448 ut
1840 3408 1972 3447 virtus
1997 3419 2049 3446 ex
2074 3405 2336 3445 necessitate

278 3535 366 3573 147.
392 3537 424 3582 ει)
449 3540 689 3573 diseidentium
715 3551 739 3571 c.
860 3537 893 3580 b)
919 3549 1035 3571 mense
1061 3550 1088 3570 c.

276 3639 309 3681 1)
337 3638 392 3680 C's'.
421 3639 627 3685 Rodenberq
652 3641 681 3684 I,
707 3651 763 3675 nr.
781 3644 859 3676 413.
