2558 3970
98 956 130 980 10

96 1307 128 1331 15

95 1659 129 1684 20

96 2005 129 2030 25

98 2358 132 2382 30

99 2708 132 2733 35

100 3063 135 3088 40

100 3409 134 3434 45

303 182 519 217 HEINRICI
540 182 676 217 DUCIS
698 182 959 216 BAWARIAE
979 183 1188 216 Eluv'l't'M
1213 183 1269 216 ΗΕ
1292 183 1410 217 mule
1432 183 1487 217 ffl‘
1510 183 1567 217 iil-2
1589 184 1620 218 Μ
1631 184 1920 219 ElifflMoNHS.
1951 186 2046 219 1256.
2074 185 2135 218 Nr.
2151 185 2227 219 439.
2280 189 2362 224 (3⁰3

165 298 352 340 solidosb
396 304 438 340 et
482 299 609 340 iudici
643 298 720 339 LX
762 298 994 339 denariosc.
1065 300 1146 345 Qui
1188 306 1330 339 aut-»111
1379 300 1553 340 tulerint
1594 300 1779 351 gnilulms
1823 315 1875 340 :un
1912 300 2139 340 cultellos¹¹
2176 301 2367 342 nocivos,

165 368 380 409 sententie
412 368 591 408 latronis
624 367 922 408 subiacebunt.

310 445 348 485 2.
382 442 581 484 Griseum
614 456 803 499 pannum
835 443 1064 483 statuimus
1100 443 1258 497 parari,
1300 442 1412 497 quod
1451 443 1483 483 V
1518 458 1706 499 spannas
1747 444 1930 484 habeatu
1965 445 2005 484 in
2041 443 2289 486 latitudine:
2324 448 2365 483 ct

167 512 330 568 optima
360 512 462 553 ulna
493 512 619 553 detur
650 526 725 568 pro
758 512 798 552 X
831 511 1033 553 denariis.
1097 512 1234 552 Secus
1267 512 1479 552 facientes
1512 512 1676 553 dabunt
1709 514 1871 554 civitati
1898 514 1955 554 vl
1988 514 2145 555 solidos
2170 519 2211 554 et
2238 512 2366 554 iudici

165 580 246 622 LX
276 580 488 622 denarios

311 652 349 692 3.
382 650 583 691 Follones
617 655 770 691 contra
805 649 1019 690 iusticiam
1053 650 1254 690 tollentes
1279 655 1321 690 et
1345 655 1538 691 textores
1565 656 1711 691 contra
1739 652 1952 692 iusticiam
1977 657 2179 692 texentes
2205 651 2369 692 dabunt

164 719 243 760 LX
275 720 491 762 denarios

307 793 346 832 4.
378 789 654 835 Usurari0s1,
689 793 1013 844 preemptores,
1048 789 1302 835 societates,
1336 803 1419 844 que
1455 789 1582 841 vulgo
1616 789 1816 829 «licuntur
1851 790 2039 840 einung,
2073 789 2150 829 sul»
2185 804 2295 844 pena
2334 789 2365 828 V

165 860 370 901 librarum
403 859 647 900 inhibemus
681 863 723 898 et
755 858 932 912 insuper
964 858 1079 912 ipsos
1113 858 1294 912 exleges
1329 858 1583 899 iudicamus.

311 938 348 975 5.
383 934 622 976 Statuimus
656 933 698 974 II
741 932 873 974 libras
918 937 962 973 et
1000 931 1221 973 dimidiam
1264 933 1518 974 bovinarum
1568 934 1757 974 carnium
1810 933 1901 974 dari
1946 948 2020 988 pro
2058 933 2073 973 I
2107 933 2285 974 dmm-iu
2329 938 2371 972 et

162 1004 340 1046 totidem
383 1004 606 1044 ovinarum
651 1007 694 1043 et
736 1001 802 1042 III
836 1001 970 1042 libras
1011 1003 1296 1057 caprinarum.
1363 1003 1443 1048 Qui
1487 1017 1613 1043 secus
1657 1003 1858 1048 fecerint,
1903 1002 2065 1043 dabunt
2111 1003 2271 1042 civitati
2308 1002 2364 1041 w

163 1073 322 1114 solidos
355 1078 398 1113 et
430 1072 555 1113 iudici
588 1071 668 1113 LX
701 1071 913 1113 denarios.

308 1152 344 1191 6.
380 1148 683 1204 Prcemptores
718 1147 808 1202 sepi
843 1152 886 1188 et
919 1150 1045 1187 extra
1078 1146 1298 1186 civitatem
1335 1146 1437 1187 illud
1465 1147 1703 1188 vendentes
1727 1147 2023 1188 emendabunt
2046 1152 2092 1188 ut
2127 1147 2367 1202 predictum

166 1223 246 1259 est.
308 1217 411 1273 Sepi
446 1216 557 1257 libra
588 1215 761 1256 dabitur
793 1230 868 1271 pro
902 1216 969 1256 III
1003 1216 1160 1256 obulis.

312 1289 349 1329 7.
382 1286 670 1328 Pabulatores
705 1287 747 1326 in
780 1290 968 1327 metreta
1001 1286 1222 1327 lucrentur
1256 1286 1273 1326 I
1309 1286 1513 1327 obulums
1544 1290 1587 1327 ct
1620 1287 1662 1327 in
1697 1287 1796 1328 feno
1830 1287 1869 1328 V
1903 1287 2117 1330 denarios.

307 1357 344 1398 8.
379 1355 606 1411 Vragener
637 1355 677 1396 V
709 1355 907 1396 denarios
941 1356 1174 1396 lucrentur.

308 1430 344 1469 9.
380 1427 606 1468 Institorcs
640 1427 870 1481 fungentes
902 1427 1145 1483 preciorum
1180 1428 1438 1468 commercio
1468 1440 1635 1468 necnon
1662 1427 1904 1480 vragenarii
1931 1425 2135 1466 sedentes
2162 1426 2200 1465 in
2229 1425 2371 1479 platea

164 1497 315 1538 eadem
349 1497 446 1552 lege
479 1497 689 1538 fruantur.
753 1495 835 1543 Qui
871 1510 996 1537 secus
1030 1496 1227 1548 fecerint,
1261 1496 1428 1537 dabunt
1462 1495 1541 1536 Lx
1575 1495 1794 1537 denarios.

313 1575 375 1614 10.
419 1571 658 1613 statuimus
693 1572 807 1627 quod
840 1571 922 1612 adg
954 1571 1209 1613 inducentes
1252 1573 1530 1613 mercimonia
1563 1571 1750 1620 civitati,
1794 1571 1912 1611 nulla
1944 1572 2019 1611 fiat
2052 1571 2214 1626 emptio
2248 1574 2369 1609 extra

166 1642 304 1684 forum
343 1641 578 1697 publicum.
647 1641 755 1682 Item
799 1642 943 1683 nullus
984 1642 1333 1696 vragenariorum
1373 1641 1661 1698 personaliter
1704 1655 1756 1681 an
1805 1656 1881 1696 pcr
1926 1641 2104 1681 nuncios
2144 1640 2371 1695 quicquam

164 1716 372 1768 conparet
411 1711 521 1752 infra
563 1711 798 1753 civitatem.
864 1710 1000 1753 Secus
1041 1711 1119 1752 hec
1161 1711 1368 1752 mandata
1399 1712 1611 1752 facientes
1647 1710 1812 1751 dabunt
1845 1710 2004 1751 civitati
2039 1709 2100 1749 VI
2134 1708 2294 1749 solidos
2328 1712 2370 1747 et

166 1781 298 1823 iudici
330 1780 410 1822 LX
443 1780 657 1822 denarios.
721 1781 767 1822 Si
801 1795 886 1822 non
919 1781 1053 1822 habet
1086 1782 1329 1837 pecuniam,
1363 1781 1662 1837 amputabitur
1694 1780 1754 1820 illi
1791 1793 1958 1821 manus.

318 1859 378 1898 ll.
414 1854 654 1896 Statuimus
688 1854 801 1910 quod
834 1854 919 1896 duo
953 1855 1068 1896 bona
1101 1855 1284 1896 salsutia
1316 1859 1358 1894 et
1391 1869 1549 1910 magna
1584 1855 1637 1896 ad
1673 1855 1846 1896 modum
1879 1858 2183 1910 conpetentem
2216 1852 2372 1893 dentur

166 1940 242 1982 pro
275 1924 295 1965 I
327 1923 550 1971 denarioh,
583 1938 666 1979 que
701 1925 838 1965 solum
873 1923 1037 1965 debent
1060 1938 1157 1965 esse
1182 1924 1397 1965 confectai
1431 1924 1484 1965 de
1507 1925 1626 1981 puris
1651 1925 1850 1966 carnibus
1884 1924 2085 1980 porcinis.
2141 1922 2206 1963 Dc
2232 1922 2374 1962 scrofa

166 1995 285 2037 nulla
326 1993 526 2036 facienda
567 1999 678 2035 sunt.
749 1994 885 2035 Secus
928 1994 1142 2035 facientes
1186 1992 1350 2034 dabunt
1393 2008 1523 2035 unam
1564 1994 1716 2035 libram
1758 1999 1800 2035 ct
1841 2008 1918 2050 per
1961 2007 2118 2034 annum
2163 1991 2373 2033 carebunt

167 2064 309 2106 officio
343 2078 435 2105 suo.

315 2135 379 2177 12.
418 2133 657 2175 Statuimus
702 2132 815 2188 quod
856 2132 1029 2187 leprose
1074 2136 1117 2173 et
1164 2133 1347 2174 scrofinc
1397 2147 1548 2174 carnes
1594 2133 1734 2174 solum
1768 2131 1854 2173 VII
1896 2131 2079 2187 pedibus
2122 2145 2148 2171 a
2192 2129 2375 2171 macello

166 2202 420 2254 vendentur,
454 2207 498 2244 et
528 2217 624 2244 cum
654 2202 737 2243 illis
762 2216 915 2244 carnes
939 2201 1186 2244 Iudeorum.
1239 2202 1609 2258 Transgressores
1633 2202 1798 2244 dabunt
1821 2201 1861 2242 V
1886 2202 2018 2243 libras
2043 2206 2086 2243 et
2109 2215 2187 2257 per
2209 2213 2371 2241 annum

168 2273 367 2314 vitabunt
398 2273 643 2314 macellum.

319 2344 379 2384 13.
414 2341 652 2383 Statuimus
686 2341 800 2398 quod
833 2341 916 2383 duo
951 2356 1087 2397 panes
1120 2341 1257 2383 tocius
1291 2342 1462 2397 generis
1494 2341 1735 2384 secundum
1758 2342 1897 2383 forum
1921 2355 2090 2382 annone
2114 2340 2227 2381 bene
2252 2337 2374 2393 pixti,

167 2411 269 2453 salsi
308 2425 357 2453 ac
396 2411 569 2453 cribrati
601 2410 756 2453 dentur
786 2425 862 2467 pro
895 2411 915 2452 I
947 2410 1138 2453 denarie.
1201 2410 1365 2453 Panem
1406 2412 1479 2467 qui
1511 2412 1666 2454 dicitur
1699 2412 1785 2452 vriz
1819 2410 2078 2452 omnimodis
2112 2409 2373 2450 inhibemus

165 2480 343 2522 Nullum
381 2480 558 2522 ordeum
597 2481 803 2523 miscetur
843 2495 940 2522 cum
983 2480 1260 2525 simelroken.
1323 2481 1490 2524 Prezen
1532 2482 1669 2523 solum
1710 2481 1870 2523 debent
1914 2494 2012 2522 esse
2045 2479 2227 2521 simclin.
2291 2476 2373 2524 Qui

166 2555 234 2593 ter
265 2550 549 2602 excesserint,
581 2549 747 2592 dabunt
778 2550 799 2592 I
830 2550 986 2592 libram
1019 2555 1063 2592 et
1095 2565 1207 2592 anno
1241 2551 1454 2593 carebunt
1485 2551 1625 2593 officio
1660 2565 1752 2592 suo.

315 2628 379 2666 14.
415 2624 652 2666 Statuimus
686 2625 801 2681 quod
831 2626 966 2667 nostri
989 2626 1105 2668 cives
1128 2640 1281 2669 urnam
1306 2627 1428 2668 latini
1452 2627 1538 2668 vini
1562 2627 1796 2683 propinent
1820 2639 1895 2681 pro
1918 2625 1958 2666 V
1982 2624 2144 2675 solidis,
2178 2622 2373 2678 hospites

168 2709 244 2752 pro
278 2694 453 2736 dimidia
484 2695 597 2736 libra
628 2699 673 2737 et
703 2695 745 2736 X
777 2694 981 2737 denariis.
1044 2695 1265 2752 Optimum
1298 2698 1447 2738 vinum
1479 2694 1823 2738 Franconieumk
1858 2709 1933 2751 pro
1965 2692 2133 2735 LXXV
2167 2691 2371 2740 denariis,

168 2764 383 2806 mediocre
423 2778 499 2821 pro
532 2763 611 2805 LV
643 2763 834 2806 denariis
876 2765 1186 2821 propinabunt.
1255 2765 1339 2814 Qui
1380 2765 1464 2807 duo
1499 2767 1596 2807 vina
1639 2766 1766 2808 simul
1809 2765 2010 2820 propinat
2041 2767 2116 2804 aut
2147 2762 2302 2802 miscet
2334 2764 2375 2801 et

168 2834 239 2889 qui
271 2847 517 2875 mensuram
550 2833 604 2875 ad
643 2848 836 2876 mensam
878 2849 963 2876 non
1005 2835 1263 2892 portaverit,
1305 2835 1427 2877 dabit
1459 2835 1624 2877 civitati
1654 2835 1719 2876 VI
1753 2834 1912 2876 solidos
1946 2838 1990 2876 et
2020 2831 2152 2874 iudici
2184 2830 2265 2872 LX
2297 2829 2371 2871 de-

169 2917 325 2945 nanos.

315 2975 377 3014 15.
410 2972 605 3028 Antiqua
636 2987 838 3015 mensura
870 2974 957 3015 vini
986 2973 1203 3016 Bawarici
1235 2973 1363 3016 detur
1397 2988 1473 3030 pro
1498 2973 1519 3015 I
1541 2973 1743 3021 denario:
1777 2976 1823 3014 et
1851 2971 2052 3013 similiter
2079 2968 2274 3010 medonis
2299 2981 2374 3023 pro

172 3041 243 3083 III
275 3041 431 3085 obulis.
895 3090 901 3093 ‚

318 3113 381 3154 16.
413 3110 577 3153 Urnam
611 3112 795 3154 cervisie
825 3126 903 3168 pro
931 3111 1086 3154 XVIII
1119 3112 1306 3155 denariis
1340 3111 1565 3154 effundent
1597 3111 1787 3167 publice.
1850 3109 1904 3150 Et
1934 3109 2007 3164 qui
2041 3112 2209 3164 praxat,
2243 3105 2375 3147 debet

169 3180 271 3222 dare
303 3195 380 3236 pro
412 3180 498 3222 XV
529 3180 717 3223 denariis
748 3195 913 3224 urnam.
978 3181 1226 3230 Quooiens2
1258 3182 1464 3223 iniustam
1496 3194 1744 3224 mensuram
1775 3178 1986 3230 dederint,
2020 3178 2186 3219 tociens
2211 3175 2375 3217 dabunt

169 3250 252 3292 LX
283 3249 485 3293 denarios
518 3250 682 3293 civitati
713 3255 757 3293 et
788 3251 922 3293 iudici
955 3251 1157 3293 XXVIII
1189 3251 1406 3294 denarios.

320 3321 382 3361 17.
415 3319 652 3363 Statuimus
687 3320 798 3377 quod
838 3321 1080 3377 piscatores
1116 3336 1265 3364 omnes
1303 3322 1447 3377 pisces
1485 3333 1584 3362 suos
1615 3318 1837 3360 effundent
1875 3317 2047 3373 publice
2080 3330 2160 3358 nec
2195 3315 2377 3357 abscon-

171 3387 275 3431 dent
306 3403 378 3430 eos
410 3389 524 3445 apud
555 3390 670 3433 litus,
731 3390 1098 3445 Transgressores
1131 3391 1297 3433 dabunt
1328 3390 1410 3431 LX
1444 3389 1658 3431 denarios.

306 3514 393 3550 439.
426 3516 457 3558 b)
491 3515 545 3550 soi
575 3517 703 3551 similia
735 3529 865 3561 semper
889 3529 915 3550 c.
1051 3516 1082 3560 ο)
1120 3516 1186 3551 defi
1217 3518 1344 3550 similia
1367 3518 1448 3560 fere
1481 3527 1614 3559 semper
1639 3528 1666 3548 e.
1801 3512 1834 3556 (¹)
1872 3514 2015 3547 entellos
2034 3525 2061 3546 c.
2196 3513 2228 3554 e)
2266 3513 2334 3544 ha?
2351 3523 2376 3543 c.

169 3571 201 3617 f)
234 3571 320 3607 obul
344 3586 370 3607 c.
488 3576 520 3615 g)
551 3576 670 3609 eadem
694 3587 801 3608 manu
825 3587 994 3617 super-scr.
1021 3586 1048 3607 e.
1176 3573 1208 3616 h)
1236 3583 1255 3616 7
1283 3574 1368 3616 (εῐῖῑ)
1395 3575 1489 3615 aelel„
1521 3574 1580 3607 sed
1605 3573 1703 3606 delet.
1731 3585 1757 3604 c.
1882 3570 1904 3612 i)
1931 3573 2084 3605 consecto
2109 3582 2137 3605 c.
2256 3567 2288 3609 k)
2315 3570 2377 3601 fra-

170 3642 326 3664 eomcum
354 3642 381 3664 c.

310 3723 344 3765 1)
373 3721 427 3764 Of.
452 3721 581 3756 Pacem
606 3733 638 3756 a.
657 3726 742 3758 1256
765 3713 879 3768 supm
902 3733 958 3757 nr.
977 3727 1044 3758 438
1067 3732 1094 3757 c.
1117 3727 1172 3757 59.
1292 3723 1328 3765 2)
1356 3722 1411 3765 Cf.
1436 3721 1520 3757 ibid.
1546 3733 1572 3756 c.
1597 3725 1649 3756 53.

2034 3782 2104 3816 76*
