2558 3970
200 172 280 212 328
605 166 846 202 FRIDERICI
873 167 916 201 II.
943 165 1371 201 CONSTITUTIONES.
1421 166 1520 201 1242.
1560 165 1657 201 1243.
1707 165 1865 201 Nr.238.
1889 166 1966 201 239.

204 285 487 326 tenebrarum.
523 284 592 337 qui
627 297 728 336 sepe
763 283 803 322 in
836 282 943 322 lucis
977 282 1179 336 angelum
1214 295 1258 322 sc
1293 281 1567 322 transformat
1590 285 1632 321 ct
1655 282 1892 321 unitateml‘
1925 281 2069 335 gregis
2091 280 2389 336 disrumpereq

201 354 430 395 consuevit.
487 351 572 392 Sed
595 365 681 406 pax
714 355 754 391 et
778 350 954 394 iustitia.
988 363 1070 404 que
1093 350 1211 392 velut
1243 350 1325 391 due
1359 363 1529 391 sorores
1563 364 1609 391 se
1632 349 1814 390 invicem
1836 350 2152 404 amplexantur,
2185 349 2226 390 in
2250 349 2389 390 cardi-

202 422 362 462 nalium
397 420 575 474 collegio
609 419 837 459 vendicent
870 418 950 459 sibi
983 418 1124 459 locum
1157 423 1218 459 etr
1249 419 1363 459 illius
1406 419 1603 459 invocata
1635 418 1884 468 clementia,
1920 418 2040 459 cuius
2073 422 2138 459 est
2168 432 2193 459 a
2225 431 2390 460 summo

203 491 294 530 celo
329 489 557 542 egressio⁵.
599 488 651 528 ad
684 487 937 528 electionem
971 487 1088 527 novit
1121 487 1336 542 pontificis
1368 487 1629 527 unanimiter
1658 486 1965 541 procedentes,
1997 486 2122 528 nobis
2155 490 2198 527 et
2230 486 2389 527 mundo

202 557 415 612 presulem
449 556 633 610 eligatis.
685 554 771 596 Ubi
802 555 971 595 divinus
1004 555 1212 596 intuitusu
1245 570 1319 597 vos
1351 556 1536 606 visitetv,
1573 559 1615 596 et
1646 554 1840 610 pondera
1873 555 2056 596 subeant
2088 555 2313 610 equitatis,
2344 559 2392 596 ut
2444 569 2459 595 5

203 640 226 667 a
260 625 395 666 vobis.
430 639 535 679 qnos
568 625 610 665 in
642 638 772 679 opere
795 625 967 679 previos
1001 628 1043 665 et
1075 624 1117 664 in
1150 625 1339 665 meritoW
1371 637 1645 678 precursores
1669 623 1828 665 habere
1852 623 1982 665 debet
2010 624 2194 679 populus
2220 623 2389 665 christi-

203 708 334 736 anus.
369 718 420 723 —
461 707 555 734 cum
605 693 855 734 adsumatur
902 708 927 734 a
975 692 1157 734 subditis
1206 692 1441 734 audaciusx
1482 693 1524 733 in
1565 693 1813 748 exemplum
1860 692 1974 747 quod
2018 693 2247 734 committit
2287 692 2391 735 irre-

201 763 415 803 verentius
457 762 688 816 inprovisio
734 762 996 816 prelatorum
1032 786 1083 791 —
1116 776 1200 802 non
1243 762 1602 816 transgressionis
1648 765 1790 802 notam
1837 761 2049 815 accipiant
2092 760 2251 802 subditi
2285 775 2391 816 quos

202 832 365 886 regitis.
400 831 473 872 sed
506 831 786 885 provisionisy
819 831 1031 871 unanimis
1065 834 1108 871 et
1139 830 1339 870 firmioris
1372 830 1472 871 fidei
1505 830 1688 883 vestigia
1718 833 2075 884 prosequanturz.

614 1248 927 1316 239-259.
984 1245 1624 1316 TRAOTATUS
1675 1244 1983 1316 PACIS
2433 1281 2466 1306 ιο

729 1348 962 1420 CUM
1014 1347 1710 1420 INNOOENTIO
1755 1348 1875 1419 IV.

894 1473 1033 1520 1243.
1066 1474 1171 1520 Iun.
1197 1473 1258 1519 26
1286 1500 1328 1504 -
1362 1473 1503 1520 1245.
1532 1473 1642 1519 Mai.
1666 1473 1711 1520 6.

382 1617 484 1659 239.
522 1617 825 1660 EPISTOLA
856 1617 1292 1660 IMPERATORIS
1326 1616 1828 1661 GRATULATORIA.
1890 1619 2015 1658 1243.
2046 1618 2145 1659 Iun.
2163 1619 2232 1660 26.

351 1699 478 1741 Dedit
524 1699 585 1739 νῖν
626 1699 674 1740 cl.
703 1697 821 1738 Keler
860 1712 910 1739 eac
947 1698 1202 1751 azttogyrczpleo
1242 1698 1444 1739 tabularii
1474 1698 1687 1747 Vaticani,
1719 1698 1838 1739 Arm.
1861 1698 1893 1738 I
1923 1711 1952 1738 e.
1976 1697 2055 1739 IV
2076 1710 2142 1740 nr.
2164 1700 2212 1748 4,·
2252 1698 2401 1740 litteris

203 1769 441 1821 parentibus
475 1769 557 1808 iam
588 1767 791 1819 appendet
823 1768 912 1808 lora
943 1768 1075 1808 serica
1099 1767 1256 1818 persice·
1287 1767 1434 1808 coloris
1466 1767 1581 1808 bulla
1608 1780 1738 1807 aurea
1759 1765 1972 1814 Frideriei
1993 1765 2055 1807 II.
2089 1766 2197 1818 reqis
2218 1765 2397 1817 Siciliae,
2433 1782 2464 1807 15

206 1839 323 1878 enias
350 1838 479 1889 imaqo
501 1836 637 1876 mersi
659 1836 802 1876 lateris
825 1848 954 1887 regyein
976 1836 1022 1875 in
1044 1835 1189 1876 throno
1211 1835 1414 1876 sedentem
1435 1837 1719 1886 repraesentat
1740 1848 1830 1875 omn
1849 1834 2120 1887 inscriptione
2145 1833 2171 1884 †
2193 1834 2396 1876 FRIDE-

205 1905 381 1948 RIOL'S
428 1905 529 1946 DEI
575 1904 696 1945 GRA
736 1904 859 1945 REX
900 1903 1243 1955 TRINACRIE,
1284 1904 1438 1944 reversi·
1477 1903 1622 1944 lateris
1663 1903 1796 1955 iinayo
1833 1905 1968 1943 autem
2009 1902 2183 1955 equitem
2213 1916 2305 1945 eum
2334 1904 2399 1944 in-

207 1975 427 2026 scriptione
458 1973 484 2022 †
506 1973 661 2014 XPUS
695 1972 900 2014 VINCIT
931 1973 1087 2014 XPUS
1120 1972 1365 2014 REGNAT
1397 1972 1554 2013 XPUS
1588 1971 1871 2013 IMPERAT.
1923 1971 1994 2012 Ex
2015 1971 2269 2025 antoyraplio
2289 1972 2400 2013 edita

206 2047 263 2085 est
295 2059 321 2084 α
352 2043 546 2083 Μανῖηῖο
575 2042 869 2094 ‘Deplomatiea
885 2042 1115 2094 pontifieia’
1147 2042 1228 2094 (ed.
1250 2042 1312 2082 II.
1338 2041 1471 2082 Roma
1494 2041 1624 2094 1852)
1651 2055 1696 2092 2²·
1720 2042 1786 2080 98.
1842 2041 2118 2081 Transsumta
2144 2044 2204 2081 est
2229 2055 2269 2082 α.
2288 2041 2400 2082 1245

207 2112 406 2163 Luydunc'
438 2114 474 2151 et
507 2111 717 2151 invenitur
751 2111 794 2151 in
825 2111 1075 2164 apoyraplie's
1106 2110 1354 2151 Rotnlormn
1381 2110 1732 2159 Cluniaeensiiini,
1763 2108 1858 2151 Rot.
1891 2109 2013 2151 ῙΤΙΙ.1
2072 2109 2245 2162 Leyilur
2275 2111 2399 2151 eiiam
2435 2127 2467 2152 20

210 2182 249 2221 in
289 2180 517 2221 collectione
557 2179 674 2219 Petra·
711 2178 757 2219 cle
787 2178 928 2219 Vincis
959 2180 985 2222 l.
1009 2179 1045 2229 I,
1078 2192 1106 2219 e.
1129 2181 1195 2219 33.
1234 2203 1289 2208 ——
1331 2177 1783 2219 Hmllard-Brelwlles
1820 2177 1890 2227 VI,
1914 2179 2008 2218 104.
2074 2177 2268 2228 Bo'limer,
2299 2177 2399 2231 Rey.

211 2250 304 2299 imp.
338 2248 380 2298 V,
413 2250 536 2290 3369.
2045 2245 2116 2299 (P.
2138 2248 2257 2301 341.)

218 2407 221 2410 ,
354 2362 632 2404 Sanctissimo
666 2363 707 2403 in
742 2361 913 2403 Christo
946 2362 1056 2417 patri
1089 2361 1258 2402 domino
1283 2361 1535 2402 Innocentio
1560 2360 1644 2401 Dei
1667 2360 1804 2414 gratia
1828 2364 1976 2401 sancte
1999 2359 2192 2402 Romane
2217 2361 2399 2403 ecclesie

211 2447 375 2474 summo
409 2432 597 2487 pontifici
630 2431 700 2472 Fr.
735 2431 886 2472 eadem
920 2431 1056 2485 gratia
1088 2430 1382 2471 Romanorum
1414 2431 1649 2484 imperator
1682 2442 1853 2484 semper
1884 2434 2118 2484 augustus,
2160 2429 2400 2472 Ierusalem

211 2509 251 2542 ct
285 2501 431 2543 Sicilie
464 2515 541 2541 rex
576 2501 760 2541 salutem
794 2505 835 2540 et
867 2501 1152 2540 reverentiam
1186 2499 1375 2540 filialem.
2436 2510 2468 2536 25

353 2569 513 2610 Audita
553 2569 728 2609 summis
770 2569 961 2623 expetita
1001 2568 1188 2609 consiliis
1222 2572 1264 2609 et
1297 2567 1547 2608 ardentibus
1588 2566 1815 2607 desideriis
1849 2569 2079 2621 expectata
2113 2566 2266 2607 summi
2297 2565 2399 2607 sub-

212 2639 432 2679 stitutione
465 2637 699 2692 pontificis,
739 2638 781 2677 in
821 2651 947 2691 quam
982 2637 1293 2677 venerabilium
1330 2636 1510 2677 fratrum
1544 2635 1766 2676 voluntate
1801 2634 2000 2676 concordi
2033 2640 2076 2676 et
2107 2635 2234 2676 unica
2264 2648 2398 2689 gene-

212 2709 311 2750 ralis
344 2708 429 2748 voti
462 2707 751 2762 postulatione
785 2706 923 2747 fuistis
956 2705 1050 2747 Deo
1083 2710 1228 2747 actore
1262 2705 1461 2760 promoti,
1496 2708 1614 2745 tanto
1646 2704 1783 2744 maior
1815 2703 1937 2745 nobis
1969 2705 2153 2745 accessit
2179 2718 2235 2745 ex
2258 2707 2400 2745 vestra

212 2777 478 2831 promotione
511 2775 764 2824 iocunditas,
800 2780 957 2829 quanto
992 2775 1257 2816 subtractum
1290 2774 1413 2814 dulce
1446 2773 1520 2814 filii
1553 2787 1725 2823 nomen,
1759 2772 1871 2827 quod
1903 2772 2086 2813 viduitas
2120 2773 2268 2814 matris
2301 2771 2398 2813 abs-

213 2847 386 2887 tulerat.
436 2845 477 2885 in
524 2844 621 2885 data
664 2844 785 2884 nobis
827 2844 926 2884 novi
968 2843 1261 2897 surrogatione
1302 2843 1491 2897 parentis
1534 2855 1615 2882 non
1656 2841 1869 2882 immerito
1911 2840 2101 2896 gaudere
2146 2840 2398 2882 confidimus
2437 2850 2468 2876 ³⁰

215 2915 471 2955 restitutum.
504 2919 548 2953 ut
581 2918 760 2967 paterno
795 2912 955 2951 nomini
987 2913 1056 2966 pie
1090 2911 1343 2965 provisionis
1378 2924 1502 2951 omen
1535 2910 1751 2961 adveniat,
1783 2923 1859 2964 per
1892 2908 2004 2964 quod
2033 2909 2283 2964 expectanti
2315 2909 2400 2950 filio

215 2994 255 3024 et
295 2983 565 3023 novercalem
610 2980 923 3035 quodammodo
956 2979 1116 3020 dudum
1161 2980 1357 3020 iniuriam
1399 2979 1484 3020 iam
1525 2992 1729 3034 perpesso
1770 2982 1886 3018 recte
1919 2977 2032 3018 dicat
2075 2977 2278 3018 ecelesia:
2315 2976 2400 3029 ‘fili,

215 3066 314 3093 ecce
347 3056 468 3106 pater
500 3056 611 3097 tuus,
645 3050 687 3089 in
722 3049 842 3089 cuius
875 3048 1104 3089 affectione
1128 3048 1239 3088 filius
1262 3045 1519 3102 respirabit’,
1552 3051 1596 3088 et
1617 3046 1670 3087 ad
1700 3050 1866 3101 patrem
1892 3059 2097 3086 conversa
2119 3044 2398 3101 respondeat:

215 3128 368 3175 ‘patein
405 3133 504 3160 ecce
539 3119 671 3159 filius.
705 3131 828 3172 quem
865 3121 1058 3158 materna
1090 3117 1224 3157 ubera
1257 3116 1550 3166 lactaverunt,
1583 3116 1625 3155 in
1659 3115 1778 3156 cuius
1811 3114 2028 3169 obsequiis
2062 3114 2132 3168 pia
2163 3113 2400 3168 paternitas

217 3186 485 3243 requiescet.
538 3187 696 3227 Datum
720 3192 786 3227 cst
816 3187 926 3227 cnim
951 3186 1074 3226 vobis
1098 3184 1120 3225 e
1143 3186 1234 3226 celo
1258 3185 1499 3225 Innocentii
1527 3183 1821 3239 predestinata
1844 3188 1955 3224 sorte
1978 3183 2254 3229 vocabulum;
2285 3180 2398 3237 quod
2433 3196 2464 3222 35

216 3271 288 3312 per
333 3270 405 3296 vos
450 3256 648 3296 nocentia
691 3254 883 3295 subtrahi
926 3254 1162 3294 consultius
1201 3254 1352 3293 innuat
1399 3258 1441 3293 et
1482 3253 1550 3306 pie
1594 3252 1774 3292 suadeat
1812 3251 2100 3292 innocentiam
2140 3249 2399 3291 conservari.

217 3325 464 3366 Advenistis
512 3338 677 3378 quoque
724 3323 848 3363 nobis
891 3323 912 3363 e
953 3322 1169 3363 nobilibus
1213 3322 1380 3376 imperii
1426 3321 1523 3361 filiis
1566 3325 1691 3361 vetus
1733 3320 1918 3371 amicus,
1960 3332 2115 3360 novum
2157 3322 2327 3360 creatus
2359 3318 2402 3358 in

354 3448 438 3482 238.
474 3456 505 3489 p)
539 3451 669 3482 unitate
695 3448 726 3482 3.
866 3449 898 3489 q)
934 3449 1076 3491 diripere
1107 3447 1138 3481 4.
1165 3447 1196 3480 5.
1336 3447 1364 3489 r)
1404 3447 1494 3480 deest
1527 3446 1555 3479 1.
1583 3445 1615 3478 2.
1741 3441 1782 3486 ’8)
1820 3445 1892 3478 eius
1924 3445 2005 3478 add.
2029 3443 2066 3484 43
2103 3445 2177 3478 eius
2207 3449 2241 3478 et
2271 3443 2353 3477 add.
2370 3442 2402 3477 5.

217 3511 242 3551 2)
270 3509 359 3540 deest
383 3507 412 3539 4.
435 3505 465 3538 5.
608 3508 641 3544 ὓ)
668 3507 848 3539 instinctus
873 3505 903 3538 4.
928 3506 958 3539 5.
1088 3505 1119 3546 v)
1146 3506 1263 3538 incitet
1287 3503 1387 3538 3—5.
1527 3503 1566 3545 w)
1593 3504 1729 3536 meritos
1755 3501 1791 3541 13
1829 3502 1956 3536 meritis
1981 3500 2081 3534 3-6.
2198 3501 2232 3543 ¹)
2258 3500 2348 3533 deest
2369 3498 2401 3533 3.

216 3565 249 3605 y)
275 3564 524 3607 prosecucionis
548 3563 579 3596 4.
605 3562 636 3595 5.
756 3568 785 3603 Ζ)
812 3564 1064 3605 subsequantur
1088 3561 1119 3595 4.
1145 3564 1176 3596 5.
2436 3555 2470 3582 4⁰

357 3666 390 3703 1)
419 3664 473 3705 Cf.
502 3662 648 3696 ‘Notices
672 3666 701 3696 et
728 3663 882 3697 mraits'
911 3662 1026 3704 XXI,
1043 3666 1073 3704 2,
1093 3666 1157 3696 291
1181 3672 1237 3697 nr.
1256 3666 1301 3697 43
1324 3665 1355 3696 et
1382 3661 1509 3696 ‘Neues
1533 3660 1682 3695 Archiv'
1708 3659 1817 3702 XIV,
1833 3662 1908 3694 372.
