2558 3970
84 891 117 917 10

85 1242 116 1267 15

84 1584 116 1610 20

83 1933 116 1958 25

87 2278 120 2304 ³0

99 2622 130 2648 35

91 3329 124 3356 45

87 3614 129 3642 ιω

696 134 941 171 FRIDERICI
968 136 1012 170 11.
1039 136 1471 173 eoNsTl'rUTmNEs.
1524 139 1622 174 1239.
1673 139 1735 173 Nr.
1755 141 1832 174 213.
2276 142 2355 183 287

154 251 478 307 capitaneorum
528 254 770 292 nostrorum
819 250 896 291 hoc
946 253 1115 296 fecerit.
1162 254 1253 308 ipso
1304 255 1415 297 iure.
1466 256 1645 299 honore.
1696 255 1986 297 iurisdictione
2033 262 2075 296 et
2121 256 2356 311 privilegiis

154 319 352 362 omnibus
384 320 466 374 ipsi
498 333 522 360 a
554 319 820 375 quibuslibet
851 319 1232 374 predecessoribus
1257 324 1413 364 nostris
1438 325 1507 365 vel
1531 339 1555 365 a
1580 325 1704 366 nobis
1732 324 1906 366 indultis
1931 325 2102 366 omnino
2127 326 2356 380 privetur0.

151 387 345 430 Marehio
378 379 564 438 auteml’,
604 402 748 430 eomes
781 389 850 429 vel
883 403 1064 430 vavasor
1097 404 1172 430 seu
1207 392 1401 445 quelibet
1433 393 1662 446 singularis
1697 408 1900 448 persona.
1947 394 1981 433 si
2015 393 2207 448 predicta
2240 408 2355 434 eom-

152 457 337 508 miserit,
378 457 528 498 ultimo
569 457 778 513 supplicio
818 457 1081 507 subiacebit,
1123 458 1246 499 bonis
1280 461 1373 501 eius
1408 461 1605 502 omnibus
1639 462 1690 503 ad
1726 477 1833 517 opus
1868 463 2162 503 univcrsitatis
2197 463 2287 506 vel,
2322 463 2355 503 si

151 525 342 568 feudalia
381 526 560 575 fuerint,
605 526 657 567 ad
702 540 809 581 opus
843 526 1110 567 dominorum
1145 542 1169 567 a
1203 528 1358 582 quibus
1393 544 1443 570 ea
1476 532 1693 572 tenuerint:
1729 532 1974 585 publicatis.
2041 531 2103 571 lta
2135 531 2249 585 quod
2283 532 2356 572 tilii

153 608 231 636 seu
273 594 482 650 legitimiq
523 609 796 636 successores
846 596 939 636 eius
983 595 1062 636 sibi
1103 597 1144 636 in
1179 597 1322 652 aliquo
1357 612 1438 638 non
1482 599 1733 644 succedant.
1777 615 1854 640 nec
1888 600 2135 640 testamenti
2170 600 2358 641 habeant

152 664 401 711 factionem;
434 665 509 706 filii
542 665 672 706 etiam
707 665 771 706 sui
805 670 1022 720 tamquam
1048 665 1119 706 filii
1146 680 1312 707 reorum
1339 667 1428 708 lese
1453 669 1692 709 maiestatis
1721 669 1802 708 illis
1828 670 1949 724 penis
1975 669 2240 711 subiaceant.
2275 684 2356 724 quo

153 737 300 775 contra
331 733 439 775 filios
473 748 642 775 reorum
676 734 766 775 lese
800 735 1039 775 maiestatis
1074 736 1262 791 antiquis
1295 736 1466 790 legibus
1501 743 1600 778 sunt
1635 738 1821 779 inducte.

297 805 333 845 5.
376 802 432 844 Et
471 807 518 844 ut
560 804 748 859 ipsorum
789 804 1042 859 persecucio
1087 805 1205 845 nulla
1243 804 1608 847 dissimulationes
1640 808 1708 848 vel
1755 808 2110 860 tergiversatione
2145 809 2357 863 qnalibet⁸

153 873 319 914 valeat2
342 872 553 927 preteriri,
589 873 831 917 statuimus,
866 872 978 928 quod
1003 874 1036 914 si
1061 888 1244 915 comune
1270 875 1337 916 vel
1364 876 1625 917 universitas
1648 891 1723 917 seu
1749 876 1959 926 dominus,
1994 877 2045 916 ad
2071 891 2195 931 quom
2222 877 2358 918 liona¹¹

151 941 320 984 devolvi
352 940 576 991 deberent,
610 941 721 982 infra
753 956 949 983 mensem
983 957 1007 983 a
1039 942 1107 984 die
1140 943 1300 998 publici
1334 945 1549 985 criminisv
1583 947 1682 986 facti
1710 946 1865 986 notorii
1894 946 1958 986 vel
1984 960 2007 985 a
2031 946 2098 986 dic
2125 946 2356 1001 condemp-

151 1010 338 1052 nationis
376 1009 518 1051 bonan
558 1011 687 1066 ipsaW
728 1025 811 1051 non
853 1012 1065 1066 receperit
1104 1012 1173 1052 vel
1213 1012 1308 1067 ipsa
1341 1013 1410 1054 vel
1445 1028 1521 1068 per
1554 1015 1901 1069 qualecumquex
1935 1014 2151 1069 ingenium
2189 1026 2259 1054 reo
2293 1015 2357 1054 vel

153 1080 471 1135 condempnato
504 1080 570 1122 vel
605 1079 730 1120 alicui
764 1093 838 1134 pro
871 1094 948 1121 sua
980 1084 1102 1135 parte
1137 1085 1212 1122 aut
1243 1080 1295 1122 ad
1330 1082 1555 1123 comodum
1591 1084 1682 1125 eius
1722 1083 1934 1124 dimiserit
1967 1098 2043 1124 seu
2069 1088 2244 1138 recepta
2268 1083 2358 1123 sin«—

152 1149 332 1206 speciali
364 1148 567 1190 mandato
601 1153 747 1190 nostro
782 1149 1041 1199 restituerit,
1076 1150 1167 1205 ipso
1201 1150 1292 1192 iure
1327 1151 1457 1193 feuda
1491 1153 1604 1208 ipsa,
1638 1159 1857 1209 tamquam
1891 1153 1944 1194 ab
1979 1153 2166 1207 indignis
2201 1153 2357 1194 ablata.

155 1219 322 1275 imperii
355 1217 521 1259 iuribus
557 1218 841 1274 applicentur.

298 1290 334 1329 6.
371 1286 574 1328 Ceterum
607 1292 653 1328 ut
675 1287 1003 1330 malefactorum
1029 1288 1276 1330 huiusmodi
1308 1293 1597 1346 transgressio
1623 1298 1812 1347 nequeat
1835 1293 2082 1337 occultari—V,
2116 1291 2359 1340 statuimus,

151 1357 263 1414 quod
284 1357 498 1409 omnibus,
534 1358 842 1412 cuiuscumque
867 1357 1149 1405 condicionis,
1183 1367 1353 1403 sexusz.
1389 1362 1530 1411 etatis.v
1556 1362 1672 1403 viteu
1699 1362 1763 1402 vel
1788 1361 2134 1402 conversationis
2160 1359 2360 1401 fuerintb.

151 1429 269 1484 ipsos
303 1426 563 1469 accusandic
596 1427 664 1468 vel
699 1427 738 1467 in
772 1426 1022 1482 publicumd
1054 1427 1302 1470 deferendi⁰
1337 1430 1518 1472 licencia
1553 1430 1828 1473 concedatur.
1882 1430 2018 1470 Immo
2045 1430 2200 1470 etiams
2232 1443 2357 1469 accu-

152 1496 398 1539 satoribusg
439 1494 540 1537 auth
579 1495 846 1538 delatoribus
879 1496 1025 1552 dignai
1060 1498 1225 1553 premia
1258 1499 1457 1541 volumus
1490 1499 1685 1555 elargiri,
1729 1499 1931 1541 videlieet
1963 1500 2106 1539 onmia
2139 1497 2357 1538 mobiliak.

154 1567 221 1608 vel
255 1565 309 1608 sii
340 1566 485 1608 desint
515 1566 711 1616 mobilia,
754 1565 1036 1608 medietatem
1077 1567 1299 1608 stabilium
1334 1569 1520 1610 convicti
1562 1569 1732 1624 publice
1767 1570 1833 1610 vel
1874 1569 2000 1610 etiam
2035 1567 2359 1622 condempnati:

154 1636 220 1677 vel
261 1636 296 1678 si
343 1636 454 1677 forte
495 1638 638 1676 eastra
670 1636 737 1677 vel
781 1650 848 1677 res
882 1636 1060 1676 maximi
1103 1637 1237 1691 precii
1279 1637 1459 1687 fuerint,
1500 1633 1586 1693 que'
1625 1639 1854 1680 occasione
1895 1638 2091 1693 predicta
2123 1636 2175 1677 ad
2210 1650 2359 1676 manus

152 1709 341 1756 nostras,
383 1703 680 1746 universitatis
718 1694 787 1746 vel
825 1704 1060 1746 cuiuslibet
1093 1704 1253 1746 domini
1293 1706 1475 1747 forsitan
1509 1707 1771 1749 eonstiterit¹
1805 1706 2097 1756 devolvenda,
2143 1713 2359 1761 quarum¹¹¹

151 1778 319 1830 partem
353 1774 481 1830 quia¹¹
512 1772 710 1829 plebeius
743 1774 810 1815 vel
845 1773 1088 1816 inferioris⁰
1122 1773 1419 1816 condicionis?
1453 1775 1615 1818 habere
1650 1791 1733 1818 non
1768 1777 1930 1818 debeat
1958 1780 2226 1823 accusatura,
2260 1779 2359 1816 tunc

153 1857 228 1900 pro
276 1842 382 1885 fider
430 1842 684 1884 delationis⁸
733 1856 810 1884 suc
857 1846 1031 1884 centum
1081 1843 1213 1885 libras
1261 1844 1551 1900 imperialium
1599 1846 1703 1887 sibit
1749 1846 2046 1887 deerevimus¹¹
2095 1843 2360 1894 tribuendas,

153 1915 341 1955 statutov
372 1912 565 1968 presenti
598 1911 914 1954 consuetudine
948 1926 1026 1954 seu
1056 1916 1216 1954 statuto
1240 1914 1428 1956 civitatis
1452 1915 1518 1956 vel
1543 1915 1626 1956 loci
1650 1915 1894 1966 cuiuslibet,
1930 1919 2361 1970 quantumcumqueW

153 1996 179 2024 a
208 1981 592 2038 predecessoribus
624 1981 784 2023 nostris
818 1985 892 2022 aut
922 1995 947 2023 a
978 1981 1103 2023 nobis
1137 1983 1402 2038 generaliter
1433 1997 1512 2026 seu
1538 1984 1790 2040 specialiter
1813 1983 2081 2035 confirmato,
2115 1996 2293 2039 prorsus
2319 1983 2360 2023 in

154 2051 299 2108 aliquo
331 2064 415 2092 non
448 2051 666 2093 obstante.

300 2123 336 2163 7.
379 2120 619 2163 Pretereax
658 2124 734 2161 uty
766 2120 910 2162 nullus
943 2124 1185 2162 nostrorum
1227 2120 1417 2163 fidelium
1452 2136 1586 2177 equos
1620 2127 1688 2164 etz
1722 2137 1858 2176 arma,
1904 2136 1985 2178 que
2026 2121 2153 2163 modo
2188 2121 2359 2171 habeat,

154 2191 404 2232 nullatenus
439 2190 680 2232 distrahere
713 2189 992 2246 permittatur
1023 2189 1352 2246 prohibemusa:
1394 2191 1524 2233 immo
1559 2206 1710 2234 omnes
1744 2206 1864 2233 arma
1897 2196 1940 2233 et
1972 2191 2138 2246 equosb
2172 2190 2361 2232 debeant

157 2267 447 2316 compararec.
520 2259 693 2301 Statuta
738 2259 869 2301 etia-m
911 2260 953 2300 in
998 2259 1293 2314 quibuslibetd
1338 2261 1586 2302 civitatibus
1635 2262 1723 2303 ficri
1766 2260 2045 2302 mandamus⁰
2078 2260 2129 2300 de
2163 2261 2284 2315 cquis
2319 2264 2361 2299 et

154 2330 285 2371 armis
334 2329 550 2382 emendis,
596 2333 640 2371 et
681 2343 810 2385 super
849 2328 1056 2385 predictis
1102 2343 1235 2385 penas
1279 2331 1457 2386 apponi,
1499 2345 1605 2385 quas
1646 2346 1671 2372 a
1708 2330 2101 2385 transgressoribus
2134 2333 2359 2384 presentes

154 2402 397 2456 potestates
431 2402 475 2440 et
506 2399 578 2454 qui
609 2403 708 2455 post
739 2399 856 2454 ipsos
879 2398 1043 2440 fuerint
1066 2399 1245 2454 exigere
1271 2399 1364 2441 sine
1389 2398 1678 2441 diminutione
1703 2400 1918 2442 jurabunt.
1973 2398 2027 2440 Et
2050 2399 2129 2439 erit
2152 2398 2357 2439 terminus

153 2471 389 2524 apparatus
421 2469 464 2509 in
497 2471 650 2510 octava
680 2468 844 2524 pasche
877 2472 920 2510 et
952 2468 1162 2510 terminus
1196 2467 1464 2510 exercitumf
1493 2468 1814 2524 congregandig
1846 2468 1889 2509 in
1922 2466 2180 2509 Kalendash
2213 2466 2358 2518 Mami,

154 2527 230 2579 ubi
261 2537 458 2580 dominus
490 2538 728 2594 imperator
757 2536 1065 2579 mandaveriti.

300 2609 339 2649 8.
371 2606 454 2649 Etk
485 2611 532 2648 ut
564 2607 866 2648 malefactores
899 2607 1075 2662 impune
1099 2605 1356 2662 delinquere
1380 2606 1448 2649 vel
1472 2606 1709 2662 deliquisse
1734 2620 1819 2648 non
1849 2605 2070 2661 gaudeant
2094 2609 2136 2645 et
2157 2608 2203 2645 ut
2226 2603 2359 2644 honor

154 2677 389 2735 imperialis
433 2677 606 2720 debitus
649 2677 927 2726 observetur,
975 2677 1096 2732 leges
1139 2681 1183 2718 et
1225 2677 1556 2719 constitutiones
1590 2690 1736 2718 omnes
1769 2675 1874 2716 divi¹
1909 2674 2081 2729 augusti
2113 2673 2360 2714 Fridericim

156 2748 224 2790 avi
255 2747 394 2790 nostri
423 2747 465 2788 in
498 2746 647 2788 Ytalia
680 2747 1011 2803 sollempniteru
1043 2747 1340 2803 promulgatas
1374 2747 1632 2788 auctoritate
1667 2746 1804 2787 nostri
1827 2745 2022 2786 culminis
2048 2743 2359 2785 confirmamus.

155 2818 295 2860 Penas
339 2817 498 2859 etiam⁰
546 2830 694 2858 omnes
741 2819 784 2858 et
829 2816 1024 2871 singulas
1067 2820 1214 2857 contra
1252 2816 1373 2858 lesep
1418 2816 1659 2857 maiestatis
1701 2819 1847 2856 nostre
1882 2827 1977 2855 reos
2011 2816 2054 2854 et
2088 2825 2360 2853 successores

156 2886 375 2942 ipsorumq
413 2886 592 2943 priscis⁷t
630 2884 988 2941 predecessorum
1029 2889 1278 2927 nostrorum
1316 2885 1488 2940 legibus
1525 2885 1744 2926 institutas
1787 2883 1981 2939 presenti
2013 2882 2113 2936 lege
2146 2880 2356 2922 Domino⁸

159 2956 363 3012 propitiot
388 2955 574 2997 valitura
596 2958 828 3011 perpetuoS
852 2968 1122 3007 renovamus,
1146 2968 1405 3010 quamquam
1430 2953 1602 2996 eidemu
1629 2953 1762 2995 verba
1785 2951 2060 3008 presentibus
2081 2954 2122 2991 et
2144 2949 2361 2990 modernis

293 3094 381 3130 213.
412 3094 445 3138 ⁰)
470 3095 650 3139 priventur
667 3094 697 3127 1.
792 3093 827 3136 1))
853 3098 914 3127 aut
939 3094 1020 3126 add.
1042 3092 1071 3126 1.
1167 3092 1200 3136 q)
1227 3094 1395 3137 legiptimi
1412 3093 1444 3125 2,
1540 3092 1568 3134 r)
1596 3093 1733 3125 valeant
1758 3091 1837 3124 add.
1867 3090 2017 3123 hocloco
2038 3088 2066 3120 1.
2139 3088 2165 3128 ⁸)
2190 3089 2307 3130 aliqua
2332 3088 2359 3121 l.

157 3153 183 3196 t)
209 3154 300 3188 deest
324 3153 354 3186 1.
473 3150 508 3196 u)
533 3153 650 3185 banna
676 3152 705 3185 1.
824 3151 857 3192 v)
884 3152 977 3185 crim.
1004 3151 1133 3194 publici
1159 3149 1191 3183 2.
1310 3149 1351 3192 W)
1378 3151 1485 3193 ipsius
1510 3148 1541 3182 2.
1660 3148 1693 3190 x)
1719 3148 1928 3190 qualicfique
1957 3146 1985 3179 l.
2102 3145 2135 3186 y)
2161 3145 2303 3178 ocultari
2334 3145 2360 3178 l.

157 3211 187 3253 2θ)
213 3212 285 3244 sive
310 3210 343 3244 1.
459 3209 490 3251 ²)
516 3210 590 3242 iure
617 3209 646 3245 1.
741 3208 774 3252 b)
800 3210 904 3243 suerit
930 3209 959 3242 1.
1056 3208 1086 3249 ⁰)
1113 3209 1279 3242 aeusandi
1307 3208 1335 3240 1.
1432 3205 1465 3247 d)
1492 3208 1669 3251 publicam
1695 3206 1723 3239 1.
1829 3204 1858 3248 e)
1885 3204 2059 3237 differendi
2091 3203 2119 3236 l.
2214 3202 2245 3244 f)
2272 3210 2305 3236 et
2330 3203 2361 3236 2.

159 3269 192 3312 Β)
217 3269 439 3303 acusantibus
467 3267 496 3301 1.
615 3266 648 3309 h)
674 3268 729 3300 vel
754 3267 785 3300 2.
905 3265 926 3305 1’)
953 3267 1044 3299 deest
1070 3266 1098 3298 1.
1241 3263 1275 3308 k)
1301 3266 1389 3298 mob.
1417 3265 1531 3297 omnia
1555 3263 1586 3296 2.
1716 3261 1739 3303 ¹)
1767 3263 1916 3295 extiterit
1940 3260 1971 3294 2.
2091 3261 2134 3302 ῐῃ)
2160 3272 2303 3303 quorum
2330 3260 2360 3292 2.

157 3325 192 3368 ¹²)
218 3329 347 3370 quare?
371 3324 402 3358 2.
521 3324 552 3366 0)
578 3326 720 3358 inferius
744 3324 776 3356 2.
895 3324 928 3365 P)
955 3325 1057 3357 fuerit
1082 3324 1161 3356 add.
1184 3323 1212 3355 1.
1331 3323 1364 3363 ¹1)
1391 3327 1550 3355 acusatm·
1578 3321 1606 3354 1.
1725 3321 1751 3361 r)
1779 3320 1916 3363 profidie
1943 3318 1974 3351 2.
2076 3320 2104 3359 ⁸)
2129 3319 2302 3351 dilationis
2332 3317 2361 3350 1.

158 3383 184 3427 t)
207 3385 297 3418 deest
320 3383 352 3417 2.
469 3381 503 3426 u)
529 3383 744 3416 deceruimus
768 3382 800 3415 2.
941 3382 974 3424 V)
1000 3386 1128 3415 statuta
1153 3381 1201 3428 2&
1327 3381 1365 3420 W)
1390 3383 1606 3421 quernei-ique
1634 3378 1662 3410 1.
1803 3376 1837 3419 x)
1863 3377 1982 3409 l'retea
2009 3376 2037 3408 1.
2157 3380 2189 3415 Y)
2215 3375 2304 3408 deest
2331 3373 2360 3407 1.

158 3439 189 3483 z)
214 3442 269 3475 vel
291 3439 324 3474 2.
467 3442 498 3483 a)
523 3442 717 3485 proibemus
742 3440 779 3481 2;
805 3441 896 3474 deest
922 3440 950 3473 l.
1100 3438 1133 3481 b)
1159 3450 1210 3481 eq.
1237 3443 1270 3471 et
1295 3449 1389 3471 arma
1413 3437 1445 3470 2.
1587 3437 1617 3477 0)
1644 3446 1841 3478 comperare
1866 3432 1898 3466 2.
2041 3431 2072 3473 d)
2099 3433 2303 3476 quibusdam
2331 3431 2359 3464 1.

153 3498 191 3540 Β)
217 3501 454 3533 mandavimus
481 3499 509 3533 1.
653 3498 684 3541 f)
711 3500 881 3532 exercitus
906 3498 937 3531 1.
1081 3496 1114 3540 8)
1142 3497 1177 3529 ἱη
1202 3496 1221 3528 1
1248 3496 1370 3539 leyitzw·
1388 3501 1470 3537 post
1494 3495 1718 3528 mandaverit.
1848 3491 1882 3535 h)
1909 3492 2021 3524 Kalen
2049 3489 2077 3522 1.
2196 3488 2218 3530 i)
2244 3489 2356 3521 mand.

155 3556 245 3589 dom.
272 3557 352 3600 imp.
377 3557 408 3591 2.
547 3555 581 3597 k)
606 3559 650 3590 Et
674 3557 765 3590 deest
787 3556 809 3590 2
818 3569 825 3595 ;
859 3557 893 3589 in
920 3556 937 3589 1
964 3557 1067 3589 verba
1090 3557 1134 3588 Et
1160 3573 1201 3577 —
1227 3555 1427 3588 observetur
1453 3554 1610 3596 legyzmtzcr
1629 3557 1710 3595 post
1733 3551 1984 3584 confirmamus.
2124 3546 2150 3587 l)
2177 3547 2302 3579 domini
2327 3545 2361 3578 2.

161 3611 205 3655 m)
229 3615 298 3647 FR.
326 3613 356 3648 l.
472 3614 507 3657 ιι)
533 3615 729 3657 sollepniter
757 3614 785 3646 1.
926 3612 957 3655 ⁰)
984 3613 1075 3646 deest
1100 3611 1130 3645 1.
1248 3612 1281 3651 P)
1308 3615 1426 3644 contra
1449 3611 1518 3643 lese
1544 3609 1611 3642 cles.
1634 3608 1664 3643 1.
1793 3608 1825 3649 (1)
1851 3618 1967 3640 eorum
1991 3604 2021 3637 2.
2138 3603 2166 3645 r)
2192 3603 2302 3646 poscis
2330 3601 2359 3634 1.

162 3669 190 3713 ⁵)
215 3671 306 3704 deest
330 3671 360 3705 1.
481 3671 506 3713 t)
530 3673 627 3716 ppici
652 3669 808 3717 (pi-opici)
837 3671 865 3703 l.
983 3669 1017 3712 ιι)
1044 3670 1162 3703 eadem
1187 3668 1220 3702 2.

2388 2487 2453 2520 Apr.
2471 2490 2493 2512 3.

2388 2554 2455 2582 Mai.
2477 2559 2499 2581 l.
