2558 3970
660 158 903 193 FRIDERICI
929 159 973 193 11.
1001 158 1429 194 CONSTITUTIONES.
1483 161 1581 195 1238.
1630 161 1693 197 Nr.
1710 162 1786 196 ⁴211.
1814 161 1891 196 212.
2289 166 2365 204 28?

2348 182 2370 203 ι)

170 281 398 319 intestabilis
433 275 521 316 nect
553 281 772 316 testamenti
812 280 968 315 liberam
1001 281 1135 315 hab-*ut
1171 282 1371 316 factionvm
1387 282 1403 299 ¹¹
1437 295 1502 316 ιιι-ι·
1534 282 1579 316 ud
1621 282 1841 317 }1‹·r‹=‹1itatis
1875 283 2146 318 successionem
2179 285 2370 319 accmlat'.

170 351 301 387 Nullus
340 351 408 387 eiw
441 352 613 395 preterea
654 362 765 395 super
805 361 1039 394 quocumque
1080 350 1232 395 nogotio
1274 345 1579 400 resp‹)n‹leat¹,
1623 355 1677 385 snt
1723 351 1800 396 ips·-
1832 352 1915 385 aliis
1950 352 2172 396 rvspondcre
2205 356 2371 397 cogatur.

171 420 276 464 Quod
316 420 346 455 si
390 419 501 455 iudex
540 419 747 461 exstiterit,
795 419 873 454 cius
915 419 1104 453 sententia
1146 419 1286 453 nullam
1329 419 1497 454 obtineat
1541 420 1771 461 firmitatum,
1813 433 1878 454 nm·
1919 433 2028 455 ‹·aus··
2061 422 2184 466 aliqui¹
2217 423 2261 455 aul
2295 422 2373 456 vius

170 489 402 525 audientiam
433 490 681 535 perferantur.
743 489 779 524 Si
813 490 923 524 fucrit
957 490 1172 531 advocatus,
1206 490 1284 524 eius
1318 491 1566 535 patrocinium
1602 492 1813 525 nullutn-nus
1845 492 2084 528 admittatur:
2120 493 2147 526 si
2175 494 2371 533 talu-llio&

118 566 132 589 5
171 559 423 595 instrumenta
454 559 624 594 confecta
658 570 724 603 per
755 566 929 593 manum
965 553 1100 608 ipsius
1135 559 1271 593 nullius
1306 560 1454 604 ponitus
1488 560 1557 593 sint
1596 561 1786 595 monn-nti.

315 624 352 664 3.
386 627 601 662 Adicimusz
634 627 796 672 insuper,
829 628 928 672 quod
963 627 1148 662 hereticus
1182 641 1247 672 per
1279 629 1484 663 hcm-tivum
1519 630 1688 663 voni-iuvi
1724 630 1860 674 possit.
1905 635 1936 662 vt
1974 631 2070 674 «μιιιιί
2105 632 2233 665 *lomus
2270 632 2371 665 l'atn-

170 709 354 741 reum-um,
387 699 676 742 receptatorum,
709 696 946 732 defensorum
979 698 1014 731 et
1050 697 1250 738 fautorum,
1284 697 1361 733 sive
1395 697 1455 731 ubi
1489 698 1678 732 docuerint
1716 701 1807 732 antu
1840 698 1921 731 aliis
1956 712 2084 733 manus
2119 700 2374 745 immun-rint,

169 767 422 808 destruantur,
456 766 558 801 nullo
592 768 760 811 tempore
794 758 1076 800 restituendo.

316 829 477 871 Datum
511 828 742 870 Cremone.
775 828 924 869 Xllll.
959 828 1104 879 Madii,
1141 828 1376 870 indictione
1412 829 1510 871 XL'·

105 1269 136 1293 ιο
874 1239 998 1307 212.
1055 1236 1690 1338 sENTENfriA

301 1351 444 1422 DE
498 1350 1123 1424 REGALfflus
1179 1352 1408 1424 NON
1476 1353 2244 1426 [NFEODANDls

1134 1490 1278 1538 1238.
1313 1490 1435 1537 Nov.

315 1631 446 1675 Dedit
465 1633 532 1674 vir
552 1633 600 1676 cl.
631 1633 754 1689 Wyss
775 1647 795 1675 e
818 1633 947 1675 Libro
970 1633 1289 1687 privileye‘oram
1312 1634 1502 1676 ecclcsiae
1531 1635 1849 1678 Wormatc‘cnsis
1877 1650 1979 1678 saec.
2004 1636 2048 1678 X
2061 1636 2104 1679 1⁷.
2128 1638 2185 1678 in.
2214 1637 2292 1690 sul.
2315 1639 2381 1682 31.

172 1702 246 1756 qui
276 1705 518 1745 asservatur
550 1704 595 1744 in
626 1702 836 1745 tabulario
863 1702 1225 1753 Darmstadiensi,
1258 1717 1377 1756 quem
1408 1704 1532 1745 ctiam
1563 1704 1753 1746 adhibuit
1784 1706 1898 1747 Boos
1929 1705 2278 1748 ‘Urluundenbzwh
2312 1706 2384 1746 (lor

105 1787 136 1811 ιε,
173 1771 299 1814 Stadt
326 1771 500 1815 Worms’
533 1772 569 1822 I,
601 1786 668 1816 nr.
691 1774 788 1816 193.
851 1772 983 1814 Prius
1014 1772 1124 1814 edila
1156 1775 1214 1813 cst
1245 1773 1289 1813 in
1312 1772 1545 1815 Schamzati
1565 1774 1759 1816 He'storia
1782 1777 2040 1828 episcopatus
2069 1776 2385 1818 Wm-mczticnsis

169 1840 236 1892 II,
262 1841 344 1882 120
376 1845 439 1882 ‘cx
468 1854 526 1883 or.
559 1842 649 1884 eccl.
682 1842 853 1885 Worm.'
894 1867 949 1870 —
986 1840 1448 1884 Huillard-Breholles
1480 1842 1524 1893 V,
1546 1845 1642 1886 260.
1694 1844 1888 1895 Balnner,
1929 1844 2028 1898 Περ.
2065 1846 2159 1899 imp.
2194 1845 2235 1895 1⁷,
2259 1846 2382 1886 2103.

2027 1914 2099 1966 (P.
2123 1916 2241 1965 329.)

315 2001 560 2045 Fridericus
582 2003 665 2044 Dei
688 2003 835 2058 gracia
857 2003 1151 2045 Romanorum
1177 2004 1411 2059 imperator
1435 2018 1606 2060 semper
1628 2010 1854 2061 augustus,
1878 2006 2142 2047 Ierusalcm¹¹
2166 2012 2207 2048 et
2232 2007 2379 2048 Sicilie

173 2085 265 2114 rex.
385 2072 471 2114 Per
502 2086 684 2128 presens
718 2073 926 2129 scriptum
957 2077 1107 2114 notum
1139 2073 1231 2115 fieri
1265 2074 1464 2115 volumus
1495 2075 1723 2125 universis,
1757 2075 1871 2130 quod
1905 2089 2000 2117 cum
2029 2076 2069 2116 in
2095 2076 2214 2117 curia
2237 2080 2383 2116 nostra

106 2160 139 2187 20
175 2140 366 2183 dictante
399 2143 624 2184 sentencia
655 2142 896 2198 principum
930 2147 973 2184 et
996 2142 1049 2184 de
1084 2142 1263 2198 speciali
1287 2143 1504 2198 peticione
1529 2145 1894 2199 conquerencium
1920 2146 1974 2186 sit
1997 2145 2237 2197 obtentum,
2271 2144 2383 2200 quod

174 2209 448 2263 theloneum,
486 2216 679 2263 moneta,
724 2211 911 2253 officium
945 2212 1119 2253 sculteti
1152 2216 1195 2253 et
1227 2212 1433 2253 iudicium
1468 2213 1666 2255 seculare
1700 2228 1867 2255 necnon
1902 2220 1944 2256 et
1979 2214 2260 2266 consimiliab,
2301 2228 2383 2268 quc

176 2280 396 2336 principes
419 2281 706 2323 ecclesiastici
729 2281 946 2336 recipiunt
970 2285 1014 2323 et
1036 2285 1186 2323 tenent
1209 2281 1262 2323 de
1286 2295 1416 2323 manu
1439 2283 1654 2338 imperiali
1679 2287 1722 2324 et
1744 2283 2103 2339 predecessorum
2129 2289 2385 2325 nostrorum.

176 2350 269 2391 sine
312 2363 527 2392 consensu
566 2354 714 2392 nostro
755 2349 969 2392 infeodari
1010 2364 1096 2392 non
1139 2351 1327 2407 possint,
1373 2365 1555 2406 cumque
1589 2353 1770 2407 quilibet
1801 2353 2038 2408 imperator
2070 2353 2235 2394 indicta
2267 2354 2381 2394 curia

174 2419 398 2474 percipere
439 2418 571 2461 debet
610 2419 884 2475 integraliter
928 2424 971 2462 et
1004 2420 1260 2461 vacantibus
1305 2421 1506 2462 ecclesiis
1539 2422 1683 2463 omnia
1716 2436 1853 2477 usque
1887 2422 1939 2463 ad
1976 2423 2231 2464 concordem
2267 2423 2382 2463 elec-

108 2506 140 2533 25
178 2488 348 2530 cionem
392 2488 576 2540 habere,
620 2488 758 2530 donec
797 2489 964 2531 electus
1004 2489 1058 2531 ab
1098 2503 1149 2531 eo
1187 2490 1353 2544 regalia
1390 2491 1591 2545 recipiat,
1642 2491 1903 2546 supplicavit
1949 2491 2194 2533 celsitudini
2239 2497 2384 2531 nostro.

176 2558 440 2600 venerabilis
472 2556 815 2600 Wormaciensis
848 2559 1101 2614 episcopus,
1144 2558 1328 2600 dilectus
1367 2560 1570 2615 princeps
1610 2564 1775 2611 noster,
1815 2565 2027 2614 quatenus
2067 2575 2142 2610 ea,
2182 2574 2264 2615 quc
2308 2574 2385 2615 pcr

176 2627 510 2682 predecessores
542 2641 644 2669 suos
677 2627 869 2669 alienata
901 2631 1001 2669 sunt
1033 2642 1057 2669 a
1091 2643 1169 2670 sua
1203 2629 1389 2670 ecclesia
1422 2629 1515 2669 sinc
1549 2643 1765 2670 consensu
1798 2634 1945 2670 nostro
1980 2629 2030 2670 dc
2064 2629 2289 2684 predictis,
2332 2628 2384 2669 ad

177 2696 244 2738 ius
291 2700 334 2738 et
378 2696 702 2752 possessionem
748 2697 938 2739 ecclesie
971 2697 1316 2740 Wormaciensis
1368 2699 1587 2740 revocaric
1626 2698 1679 2739 dc
1727 2702 1871 2739 nostra
1911 2699 2056 2753 gracia
2096 2699 2218 2739 iuxta
2257 2697 2385 2737 latam

180 2766 448 2808 sentenciam
480 2765 804 2819 mandaremus,
838 2766 919 2808 hiis
952 2767 1197 2818 dumtaxat,
1231 2781 1313 2822 que
1347 2766 1399 2808 de
1433 2765 1645 2808 c'onsensu
1676 2767 2035 2822 predecessorum
2067 2774 2310 2808 nostrorum
2346 2771 2387 2807 ct

111 2852 144 2877 30
179 2839 327 2877 nostro
359 2835 515 2876 collata
547 2839 798 2888 noscuntur,
833 2849 910 2877 suo
943 2835 1126 2878 robored
1159 2837 1466 2892 permansuris.
1528 2836 1617 2878 Nos
1651 2837 1781 2891 igitur
1813 2837 1967 2892 prefati
2006 2837 2198 2892 episcopi
2224 2835 2385 2891 suppli-

180 2903 426 2946 cacionibus
458 2903 653 2946 inclinati
686 2909 730 2946 et
760 2905 847 2945 late
879 2918 1010 2960 super
1041 2905 1123 2946 hoc
1159 2905 1382 2947 sentencie
1417 2905 1690 2957 inherentes,
1724 2905 1930 2961 quidquid
1963 2905 2017 2946 de
2053 2904 2258 2960 predictis
2292 2903 2386 2944 the-

179 2972 329 3025 loneo,
371 2976 547 3015 moneta
579 2978 622 3015 et
654 2973 839 3015 seculari
877 2973 1036 3016 iudicio
1069 2988 1239 3016 necnon
1272 2979 1316 3016 et
1349 2974 1648 3015 consimilibus
1682 2988 1707 3015 a
1739 2974 2055 3015 Wormaciensi
2088 2973 2275 3015 ecclesia
2310 2986 2389 3027 per

179 3041 516 3097 predecessores
550 3056 651 3084 suos
685 3043 776 3085 sine
809 3046 957 3085 nostro
991 3057 1208 3085 consensu
1251 3044 1488 3086 alienatum
1523 3044 1668 3086 extitit
1702 3043 1769 3084 vel
1804 3043 2090 3094 subtractum,
2133 3042 2387 3083 auctoritate

180 3110 418 3166 imperialis
460 3111 658 3153 culminis
700 3111 754 3153 ad
785 3112 853 3154 ius
886 3117 930 3154 et
965 3113 1281 3168 possessionem
1315 3113 1450 3168 ipsius
1485 3113 1666 3154 ecclesie
1704 3125 1957 3153 revocamus
1989 3112 2204 3167 presentis
2239 3111 2387 3166 scripti

114 3197 146 3223 35
183 3181 464 3234 auctoritate,
502 3180 759 3223 mandantes
800 3186 1013 3238 quatenus
1044 3183 1190 3224 nullus
1229 3183 1301 3235 sit,
1343 3183 1415 3238 qui
1449 3186 1598 3223 contra
1629 3182 1762 3223 latam
1794 3181 2061 3223 sentenciam
2095 3185 2138 3222 et
2169 3180 2388 3236 presentis

180 3254 326 3292 nostre
362 3251 660 3293 revocacionis
698 3255 896 3294 tenorem
941 3251 1189 3294 huiusmodi
1232 3252 1421 3294 alienata
1464 3256 1627 3293 temere
1669 3250 1829 3292 audeat
1870 3249 2078 3291 detinere.
2148 3248 2274 3296 Quod
2318 3249 2388 3303 qui

180 3319 512 3375 presumpserit,
554 3334 712 3375 penam
753 3321 1148 3376 transgressoribus
1191 3321 1415 3362 sentencie
1456 3334 1505 3361 ac
1539 3319 1838 3361 mandatorum
1878 3319 2162 3373 imperialium
2195 3317 2385 3358 debitam

318 3444 405 3480 211.
439 3445 466 3488 t)
490 3454 529 3479 ut
551 3458 615 3480 nec
644 3447 678 3480 Ο.
731 3472 740 3479 .
795 3448 829 3491 u)
857 3448 1056 3481 facultatem
1084 3447 1119 3479 C.
1239 3447 1271 3488 v)
1297 3448 1428 3480 accedit
1454 3448 1497 3478 A.
1617 3446 1657 3488 W)
1684 3446 1775 3478 enim
1802 3445 1844 3478 A.
1946 3444 1979 3488 X)
2007 3445 2097 3478 deest
2126 3445 2160 3478 C.
2256 3450 2288 3485 θ’)
2315 3445 2389 3477 cius

183 3503 266 3536 add.
285 3502 321 3536 0.
437 3503 466 3545 z)
491 3504 691 3538 Addioimus
717 3505 761 3538 A.
879 3508 908 3544 a)
940 3506 1000 3538 ubi
1026 3505 1107 3538 add.
1129 3504 1163 3537 (f,
1283 3503 1315 3544 b)
1349 3506 1459 3537 Data
1485 3504 1646 3536 Veroue
1678 3504 1810 3536 XXVI.
1839 3503 1954 3536 [unii
1994 3503 2224 3535 undecimc
2256 3502 2389 3534 indic-

115 3567 150 3594 40
183 3561 319 3594 tionis
343 3560 395 3600 B,·
426 3562 518 3594 Dat.
552 3562 696 3595 Padue
728 3563 856 3596 XXII.
887 3564 1003 3597 Febr.
1038 3564 1125 3596 XII.
1152 3563 1401 3595 indictione
1429 3563 1464 3595 C.

319 3628 406 3664 212.
437 3629 470 3672 ὃ)
495 3631 596 3663 ihrlm
621 3642 667 3671 c.;
703 3643 770 3674 pro
795 3633 981 3666 Ierusalem
1006 3638 1040 3665 et
1062 3633 1175 3666 Sicilie
1201 3632 1246 3665 S:
1273 3637 1337 3665 etc.
1480 3629 1512 3674 b)
1551 3631 1674 3664 similia
1700 3630 1737 3664 S.
1881 3635 1909 3671 ο)
1944 3630 2093 3663 revocati
2119 3640 2146 3662 c.
2267 3624 2298 3666 ‘¹)
2328 3636 2388 3657 8110

184 3688 305 3723 robore
330 3688 399 3722 dee.
419 3689 458 3723 S.
