2558 3970
24 967 122 993 Matth.
143 971 170 994 ζ’,
183 970 206 992 d.

222 151 301 190 304
690 144 930 179 FRIDERICI
955 143 1001 177 II.
1027 142 1454 177 CONSTITUTIONES.
1504 143 1602 177 1239.
1651 142 1715 177 Nr.
1732 142 1922 176 219-221.

700 289 803 331 219.
842 288 1071 330 MANDA
1079 290 1117 330 T
1122 289 1218 332 UM
1247 289 1334 331 AD
1377 290 1441 331 CI
1449 288 1733 330 VITATEM
1765 289 1930 332 IESII.

369 372 529 413 Damus
559 386 609 412 ca·
639 370 785 411 eisdem
809 370 1010 411 codicibus
1049 368 1088 423 1)
1113 383 1222 421 pars
1243 369 1307 419 ΙΙ,
1339 383 1404 412 nr.
1429 371 1482 408 (50
1508 368 1586 423 fol.
1604 365 1697 419 272
1729 369 1773 424 2)
1807 384 1867 422 ep.
1887 371 1942 410 62
1965 368 2044 423 fol.
2068 365 2182 410 100'.
2208 395 2260 400 —
2283 369 2410 410 Hui-l-

225 441 568 483 lard-Breholles
598 439 642 489 Γ,
668 442 764 480 378.
830 437 1018 487 Bo'hmer,
1049 437 1147 491 Regy.
1183 439 1275 491 imp.
1308 437 1351 487 V,
1372 439 1499 479 2470.
2033 436 2103 490 (P.
2127 437 2268 487 deest.)

369 544 443 584 Sia
476 543 569 583 loca
611 541 847 582 nativitatis
888 541 1186 582 indifferenter
1223 540 1407 594 quodam
1449 540 1592 581 native
1626 540 1857 580 voluntatis
1889 540 2047 581 affectu
2080 539 2327 595 specialiter
2358 539 2410 581 ab

202 612 424 653 omuibus
463 611 709 665 diliguntur.
750 610 782 649 si
825 609 978 649 natalis
1017 623 1134 650 amor
1172 609 1309 664 patr-ie
1349 622 1425 649 sua
1464 608 1692 649 dulcedine
1734 612 1908 649 cunctos
1939 608 2057 649 ducit
2095 622 2174 649 nec
2206 609 2306 649 sinit
2338 622 2411 649 eos
2464 617 2479 642 ⁵

228 682 483 721 inmemores
507 693 600 719 esse
626 679 690 719 sui
707 679 732 720 ¹,
766 692 849 718 non
873 677 1064 733 disparib
1097 678 1260 718 ratione
1284 681 1435 718 natura
1460 677 1716 718 succedente
1739 676 1934 717 ducimur
1957 680 2000 718 et
2022 680 2231 727 tenemur,
2263 675 2415 718 Esium

228 749 414 789 nobilem
459 747 648 788 Marchie
693 747 929 788 civitatem.
973 746 1142 800 insigne
1186 746 1390 799 originis0
1421 750 1567 787 nostre
1608 745 1885 800 principium,
1932 745 2005 786 ubi
2038 759 2114 786 nos
2147 745 2247 786 diva
2277 749 2416 787 mater

229 823 373 858 nostra
407 816 555 857 eduxit
588 815 628 855 in
660 815 822 856 lucem.
855 815 928 855 ubi
961 819 1110 855 nostra
1143 814 1357 855 cunabula
1388 815 1654 864 claruerunt,
1697 814 1849 854 intima
1880 813 2112 855 dilectione
2145 813 2415 868 complectid‚

228 892 274 926 ut
307 900 329 925 a
363 885 565 925 memoria
600 888 745 924 nostra
767 885 859 923 ⁴non
891 884 1026 938 possit
1059 882 1259 924 excidere
1292 883 1411 923 locus
1434 883 1540 931 eius.
1573 886 1616 923 et
1636 881 1894 923 Bethleem2
1926 886 2084 933 nostra,
2117 885 2233 923 terra
2255 882 2414 924 cesaris

231 965 272 995 et
305 954 447 1007 origo.
487 953 650 1007 pectori
693 956 838 993 nostro
871 956 1044 992 maneat
1077 951 1204 992 altius
1247 950 1450 993 radicata.
1512 951 1637 992 Unde
1669 955 1728 1002 tu,
1762 950 1992 992 Bethleem
2024 950 2175 991 civitas
2207 950 2413 1002 Marchie,
2451 963 2485 988 10

231 1037 311 1063 uon
346 1022 519 1062 minima
552 1035 597 1061 es
632 1021 672 1061 in
703 1021 870 1075 generis
900 1021 1055 1061 nostri⁰
1088 1020 1368 1075 principibus.
1420 1019 1488 1060 Ex
1517 1024 1559 1061 te
1584 1020 1697 1061 enim
1721 1019 1808 1061 dux
1831 1020 1950 1070 exiit,
1983 1018 2191 1060 Romanif
2218 1019 2417 1074 princeps

231 1090 421 1146 imperii.
464 1090 533 1144 qui
576 1090 778 1144 populum
821 1094 939 1130 tuum
981 1094 1103 1143 reget
1143 1094 1185 1130 et
1226 1092 1426 1144 proteget
1466 1093 1509 1130 et
1550 1089 1702 1130 alienis
1742 1089 1854 1129 ultra
1894 1087 2072 1130 subesse
2104 1087 2300 1129 manibus
2333 1101 2418 1129 non

231 1159 463 1214 permittet.
527 1157 701 1212 Exurge
734 1158 861 1211 igitur
892 1157 1029 1212 prima
1060 1171 1217 1212 parens
1250 1161 1293 1198 et
1322 1157 1374 1198 de
1406 1158 1504 1211 iugo
1530 1161 1685 1198 excute
1714 1161 1783 1198 teg
1814 1157 1974 1198 alieno!
2039 1156 2176 1204 Quiab
2198 1157 2352 1198 vestris
2376 1161 2420 1198 et

233 1229 408 1269 aliorum
451 1231 692 1266 nostrorum
736 1225 925 1266 fidelium
959 1226 1278 1280 gravaminibus
1319 1225 1592 1267 miserentesi
1624 1225 1911 1281 disposuimus
1944 1239 2020 1266 vos
2053 1229 2095 1266 et
2128 1225 2235 1266 alios
2267 1224 2418 1266 fideles

233 1295 431 1337 nostrosk
464 1299 549 1335 tam
584 1294 772 1334 Marchie
804 1308 930 1348 quam
962 1293 1141 1334 ducatus
1177 1293 1342 1349 Spoleti
1375 1293 1429 1334 ab
1462 1293 1749 1335 iniuriatorisl
1781 1307 1909 1335 onere
1931 1294 2132 1335 liberare.
2185 1293 2279 1341 Quo
2304 1293 2417 1348 apud
2456 1308 2487 1334 15

233 1380 309 1405 nos
344 1369 385 1405 et
408 1364 632 1418 imperium
656 1367 831 1418 propter
853 1363 1125 1404 manifestam
1148 1362 1503 1416 ingratitudinem
1527 1362 1791 1413 demerente,
1825 1377 1902 1403 vos
1926 1377 1950 1403 a
1973 1363 2212 1403 iuramento
2236 1361 2420 1408 ecclesie

233 1435 348 1474 salvo
371 1434 460 1473 iure
479 1432 646 1487 imperii
664 1431 844 1486 prestito
862 1431 1063 1471 duximus
1084 1430 1384 1483 absolvendos,
1407 1432 1707 1485 premittentes
1725 1431 1930 1473 dilectum
1948 1430 2082 1471 filium
2103 1431 2320 1471 nostrum³
2339 1434 2420 1473 ete.

367 1605 470 1647 220.
509 1603 884 1646 MANDATUM
907 1602 993 1644 AD
1035 1602 1557 1645 COMMUNITATEM
1593 1601 1910 1656 QUANDAM
1941 1601 2288 1644 MAROHIAE.

378 1685 540 1726 Damus
571 1698 620 1725 er
651 1684 800 1725 eisdem
821 1683 1024 1725 codicibus
1058 1683 1100 1738 1)
1124 1696 1230 1735 pars
1251 1683 1312 1732 ΙΙ,
1343 1695 1410 1725 nr.
1429 1683 1483 1723 57
1507 1681 1584 1736 fol.
1606 1678 1697 1732 273
1729 1682 1771 1737 2)
1804 1696 1864 1734 ep.
1889 1683 1942 1722 59
1971 1682 2042 1734 fol.
2066 1684 2120 1722 99
2150 1685 2188 1724 et
2219 1681 2262 1737 3)
2294 1681 2425 1723 codiee

235 1756 411 1809 quodam
443 1754 607 1806 reomao
639 1753 805 1794 Sneoiao
835 1753 949 1806 apud
977 1753 1244 1794 Martenoum
1274 1752 1480 1793 ‘Collectio
1509 1752 1781 1805 amplissz'ma'
1814 1751 1879 1801 ΙΙ,
1904 1752 2012 1792 1155
2043 1765 2111 1794 nr.
2130 1753 2188 1792 23
2218 1756 2291 1804 (ε
2318 1749 2424 1791 Tar-
2461 1764 2494 1790 20

237 1825 353 1873 las-ri,
385 1822 621 1875 Appendiee
651 1822 695 1862 αἱ
722 1821 972 1862 monumenta·
994 1821 1234 1862 Ravennati
1262 1821 1298 1871 Ι,
1322 1821 1437 1870 175).
1461 1845 1514 1850 -
1538 1820 1997 1862 Huillard-Bre'holles
2027 1819 2072 1870 V,
2089 1820 2185 1861 375.
2232 1819 2428 1870 Bolzmer,

240 1893 339 1945 Rea.
374 1893 466 1943 imp.
501 1890 545 1940 V,
567 1893 694 1931 2471.
2051 1887 2122 1941 (Ρ.
2144 1887 2286 1942 deest.)

379 1982 454 2024 Ina
495 1981 690 2022 omnibus
737 1981 1008 2036 processibus
1056 1981 1240 2023 nostrisb
1288 1985 1390 2022 nota
1436 1984 1502 2022 est
1546 1984 1614 2022 et⁰
1652 1984 1834 2036 experta
1882 1994 1958 2036 pro
1999 1980 2135 2021 nostri
2174 1979 2429 2021 comoditate

241 2052 408 2094 servicii
431 2050 537 2092 fides
560 2055 718 2091 vestra.
751 2054 793 2090 et
815 2050 1172 2105 quandocumque
1194 2050 1402 2091 transitus
1423 2050 1492 2091 vel
1514 2049 1679 2091 reditus
1701 2052 1847 2090 noster
1867 2047 2020 2090 fieretd
2041 2061 2117 2104 per
2137 2061 2227 2101 vos,
2251 2047 2427 2090 devocio

240 2125 381 2163 vestra
426 2134 520 2161 cum
564 2119 675 2160 omni
716 2119 1043 2161 honorificentia
1087 2124 1130 2160 et
1169 2123 1409 2160 nostrorum
1453 2117 1709 2160 executione
1750 2117 1894 2159 debita
1937 2117 2236 2159 mandatorum
2269 2116 2426 2158 nostris
2464 2126 2495 2154 25

240 2189 524 2245 beneplacitis
565 2187 827 2229 unanimiter
859 2188 1114 2239 assurrexit,
1148 2192 1195 2228 ut
1227 2187 1534 2243 gratitudinem
1568 2190 1779 2228 vestram-³
1810 2190 2034 2227 teneamur
2063 2185 2202 2227 modis
2235 2185 2432 2226 omnibus

241 2258 440 2315 prosequi
473 2256 613 2310 dignis
645 2256 808 2297 meritis
841 2257 1090 2311 gratiarum.
1152 2255 1259 2298 Cum
1292 2257 1420 2311 igitur
1451 2256 1518 2297 inf
1549 2255 1754 2311 presenti,
1786 2256 1899 2296 iuste
1930 2255 1993 2296 rei
2022 2254 2174 2295 merito
2207 2253 2430 2306 suadente,

243 2327 452 2368 velimusg
474 2325 711 2365 Marchiam
736 2328 778 2366 et
800 2324 999 2366 ducatum
1021 2325 1198 2380 Spoleti,
1223 2325 1327 2366 duas
1349 2326 1392 2366 in
1410 2324 1538 2366 Italia
1561 2324 1670 2366 sacri
1693 2324 1862 2379 imperii
1884 2322 2155 2379 provinciash
2178 2322 2432 2378 singulares,

242 2400 389 2436 nostro
429 2394 605 2448 imperio
645 2393 897 2445 reformare,
938 2393 1163 2435 detentore
1196 2393 1361 2435 vestroi
1394 2394 1528 2434 nostri
1567 2393 1823 2434 beneficium
1855 2392 2022 2447 imperii
2054 2391 2321 2442 demerente‚
2355 2404 2431 2432 vos

243 2477 408 2505 necnon
426 2463 646 2503 universos
665 2466 707 2503 et
725 2462 917 2516 singulos
935 2461 988 2502 de
1006 2461 1200 2503 Marehia
1219 2466 1260 2503 et
1279 2461 1478 2503 Ducatuk
1500 2476 1524 2502 a
1545 2462 1785 2503 iuramento
1805 2460 1990 2502 ecclesie
2013 2460 2132 2501 salvo
2155 2460 2246 2501 iure
2264 2458 2431 2515 imperii
2467 2469 2500 2494 30

243 2533 422 2589 prestito
463 2546 517 2572 ex
556 2531 785 2587 imperiali¹
825 2531 1079 2572 auctoritate
1123 2530 1324 2572 duximus
1365 2529 1674 2582 absolvendos,
1720 2529 2022 2585 premittentes
2063 2528 2267 2569 dilectum
2299 2527 2433 2569 filium

247 2601 465 2642 nestrum-³
499 2604 578 2641 etc,

386 2733 487 2776 221.
526 2733 898 2775 MANDATUM
922 2733 1009 2775 AD
1052 2733 1231 2776 GIVES
1278 2732 1593 2775 CIVITATIS
1630 2732 1742 2773 VEL
1774 2731 1958 2774 ALIOS
1999 2729 2304 2785 QUOSDAM

1015 2801 1354 2844 MARCHIAE
1387 2800 1661 2843 INCOLAS.

390 2882 665 2924 Seram-erunt
712 2882 748 2936 l)
790 2882 912 2923 codex
943 2882 1170 2923 Parisinus
1206 2895 1310 2934 pars
1332 2882 1396 2932 H,
1435 2895 1501 2923 nr.
1525 2881 1578 2922 58
1611 2881 1692 2936 fol.
1713 2876 1806 2931 272·
1851 2880 1893 2935 2)
1925 2879 2049 2921 codex
2082 2877 2433 2931 Guelferbytanus
2469 2889 2500 2916 ³⁵

247 2966 306 3002 ep.
331 2952 384 2989 60
410 2950 489 3004 fol.
513 2951 578 2990 99.
616 2975 664 2980 -
697 2950 1153 2992 ΙΙαὶῖῖανιί-Βνόῆοῖίεε
1183 2950 1226 3000 V,
1249 2950 1347 2993 375.
1407 2949 1600 2999 Bo'lmzer,
1632 2949 1732 3002 Regy.
1766 2949 1861 3000 imp.
1894 2947 1939 2999 V,
1962 2948 2089 2989 2472.

2062 3015 2133 3069 (P.
2155 3015 2273 3056 deest.
2275 3015 2295 3064 )

384 3087 470 3120 219.
504 3094 535 3128 a)
571 3089 707 3119 rubrica
738 3089 772 3120 ἰη
804 3088 841 3120 2;
884 3089 1073 3121 Friderieus
1110 3089 1279 3121 communi
1314 3089 1382 3120 lis-ii
1417 3099 1517 3130 super
1553 3088 1688 3120 eisdem.
1829 3085 1861 3127 b)
1900 3086 2026 3127 dispari
2052 3084 2084 3117 2.
2202 3082 2233 3125 e)
2271 3084 2439 3126 insignem

250 3147 407 3187 ‹flu-igiuis
433 3146 462 3176 2.
605 3144 638 3187 (¹)
664 3147 820 3188 completi
846 3146 876 3179 2.
1018 3146 1048 3188 θ)
1075 3147 1197 3178 nestris
1223 3147 1253 3178 2.
1395 3144 1425 3187 s)
1451 3156 1578 3177 remam
1604 3144 1636 3177 2.
1770 3144 1802 3185 Β)
1829 3147 1989 3176 excutere
2018 3141 2046 3174 l.
2072 3141 2103 3174 2.
2218 3139 2253 3183 h)
2278 3151 2383 3182 quare
2408 3138 2438 3172 1.

251 3202 271 3228 i*
301 3203 494 3233 miserantes
521 3202 552 3234 2.
668 3201 702 3239 k)
730 3209 841 3236 nostro
866 3202 895 3235 2.
1014 3201 1039 3244 l)
1066 3203 1256 3235 iniuratoris
1280 3201 1312 3234 2.
2472 3195 2505 3221 4⁰

387 3268 471 3303 220.
505 3274 534 3311 ὃ)
563 3271 699 3303 rubrica
724 3272 757 3303 ἱη
783 3270 820 3303 2ι
855 3273 909 3303 Fr.
936 3272 1104 3304 communi
1131 3271 1184 3313 qd*
1212 3271 1358 3303 absolvit
1383 3282 1399 3302 a
1433 3271 1621 3302 iuramento
1647 3269 1787 3301 ecclesie
1819 3269 1954 3300 mittens
1986 3266 2173 3299 Henricum
2205 3264 2313 3296 filium
2342 3274 2441 3296 suum

253 3328 284 3359 in
313 3328 581 3360 reformationem
608 3329 758 3361 Marehie
784 3334 816 3361 et
842 3331 1011 3369 Ducatus3
1049 3329 1201 3361 similiter
1226 3327 1265 3366 3;
1303 3327 1444 3359 rubrum
1468 3327 1602 3358 uullmn
1627 3327 1662 3358 ιή
1690 3325 1718 3358 l.
1859 3323 1890 3365 b)
1930 3324 2050 3356 vestris
2075 3322 2106 3355 3.
2226 3320 2257 3361 θ)
2296 3320 2387 3353 deest
2408 3317 2441 3352 2.

252 3382 283 3409 <¹1
323 3384 377 3415 fiet
404 3382 440 3423 23
479 3396 536 3426 per
568 3396 625 3415 vos
658 3386 751 3417 fieret
778 3385 805 3417 1.
949 3386 978 3426 ⁰)
1020 3391 1169 3418 nostrum
1196 3384 1226 3417 ⁶2.
1367 3382 1399 3426 f)
1438 3383 1527 3415 deest
1551 3382 1581 3415 3.
1721 3381 1753 3423 Β)
1791 3381 1892 3413 velim
1920 3379 1948 3413 1.
2090 3377 2121 3420 ¹¹)
2159 3389 2218 3421 per
2242 3377 2385 3410 nuncios
2409 3374 2440 3410 2.

254 3440 277 3472 Γ)
303 3447 415 3472 nus-tro
441 3440 478 3478 2;
506 3442 669 3474 detentori
696 3447 808 3475 nostro
833 3442 864 3474 3.
982 3440 1015 3483 k)
1041 3443 1164 3475 ducatu.
1190 3441 1218 3474 1.
1337 3439 1362 3483 l)
1389 3440 1519 3483 Imperii
1544 3438 1575 3472 3·

394 3530 423 3561 ¹¹
465 3529 515 3570 (ff-
545 3530 642 3564 Orid,
672 3531 730 3563 Er.
757 3531 868 3563 Ponto
895 3531 924 3572 J,
942 3536 972 3573 3,
991 3536 1045 3565 35.
1066 3535 1118 3565 36.
1239 3532 1274 3571 2)
1309 3529 1520 3563 Notandum
1547 3527 1661 3570 redde,
1692 3526 1794 3570 qzuzst'
1823 3537 1858 3560 se
1884 3526 1963 3559 Iesu,
1989 3524 2128 3558 Christo
2151 3522 2250 3566 apud
2275 3521 2443 3555 Bethleem
2475 3524 2506 3549 ⁴5

257 3589 341 3618 nuto
366 3596 559 3628 coaequare
588 3586 800 3621 Frideriens
828 3588 1013 3621 teineraria
1044 3587 1304 3631 comparatione
1331 3584 1619 3629 Inrtesvtnaepsm·it.
1668 3582 1965 3618 HUILLARD.
2081 3582 2115 3622 3)
2142 3578 2332 3622 Sequentia
2355 3580 2444 3612 certe

258 3646 292 3675 nt
318 3653 425 3685 snpra
446 3654 482 3685 1²·
502 3649 577 3677 303.
604 3643 664 3676 lin.
684 3647 783 3686 '21⁸OE
