2558 3970
213 163 292 203 408
714 159 925 193 chlNR-lel
955 159 1093 193 REGIS
1119 158 1549 193 CONSTITUTIONES.
1601 160 1696 194 1226.
1747 160 1904 195 Nr.292.

212 281 252 315 et
291 276 342 315 de
386 275 476 315 liisd
523 275 712 328 prefatus
761 274 989 327 episeopus
1037 273 1202 313 litteras
1246 278 1413 313 nostras
1458 278 1657 328 patentes
1699 289 1841 314 coram
1886 276 2009 316 nobis
2053 280 2096 317 et
2136 277 2398 331 principibus

213 344 368 383 nostris
414 342 723 382 exhibuisset⁰2
769 355 845 381 nos
888 341 938 381 dc
980 355 1162 382 assensu
1207 341 1307 381 dicti
1342 342 1532 396 episcopi
1565 346 1608 383 et
1649 342 1886 398 principum
1920 348 2160 385 nostrorum
2194 345 2400 386 instantia

214 412 410 466 personis
444 411 652 451 dictorum
686 411 838 450 civium
874 410 1003 450 talem
1036 410 1217 464 gratiam
1252 410 1583 451 misericorditer
1613 410 1813 451 duximus
1845 411 2109 464 faciendam,
2141 426 2193 453 nc
2226 413 2324 453 talis
2356 417 2399 454 et

211 487 294 517 tam
330 492 478 519 severa
521 479 735 519 sententia
774 479 1036 532 proferretur
1069 478 1122 518 ad
1166 492 1342 532 presens
1375 483 1524 520 contra
1564 479 1679 533 ipsos
1712 494 1848 534 usque
1881 479 1932 520 ad
1966 480 2176 535 sepedicti
2209 481 2399 536 episcopi

211 548 491 588 voluntatem.
526 561 579 587 ex
614 547 829 587 sententia
862 547 1101 601 principum
1133 552 1373 588 nostrorum
1408 562 1456 587 ac
1490 548 1670 588 aliorum
1703 547 1910 588 nobilium
1934 548 2103 604 imperii
2127 548 2398 600 diffinientes,

211 615 433 669 privilegia
473 616 562 655 sive
596 616 752 669 scripta
788 616 948 656 onmia.
989 615 1096 670 ques
1125 630 1149 656 a
1182 616 1302 657 nobis
1338 617 1402 656 vel
1437 616 1788 657 antecessoribus
1822 617 1978 657 nostris
2012 617 2184 672 regibus
2218 617 2286 658 vel
2319 617 2398 657 im-

211 683 481 738 peratoribus
515 683 719 724 Romanis
755 688 839 723 tam
874 699 897 724 a
931 683 1027 725 dive
1061 685 1266 725 memorie
1301 699 1461 739 proavo
1487 689 1632 725 nostro
1656 684 1875 725 Fridcrico
1898 684 2188 726 Romanorum
2214 686 2399 741 impera-

210 759 297 793 tore
340 766 464 806 quam
508 767 531 792 a
564 752 736 806 Roget-o
778 752 991 807 quondam
1026 753 1326 794 Oameracensi
1366 754 1566 808 episcopo
1610 768 1736 808 quam
1776 753 1828 793 ab
1870 754 1966 794 aliis
2005 768 2029 794 a
2068 753 2191 794 dictis
2232 754 2398 796 civibus

211 821 399 862 obtenta.
435 834 553 861 cussa
589 821 640 861 de
675 826 817 861 cetero
852 826 894 861 et
928 821 1073 861 inania
1106 823 1314 876 reputari,
1348 822 1584 877 privilegiis
1619 823 1707 862 sive
1743 822 1912 876 scriptis
1946 822 2171 863 memorati
2205 822 2400 878 episcopi

210 896 252 929 et
286 889 468 929 ecclesie
502 903 576 929 sue
611 889 650 928 in
686 903 760 929 suo
794 890 947 930 robore
982 894 1190 945 perpetuo
1225 890 1453 941 duraturis,
1488 891 1600 931 sicut
1632 891 1672 931 in
1705 891 1798 931 aliis
1823 891 2132 946 sollempnibus
2156 891 2282 932 curiis
2305 895 2392 932 tam

211 958 475 998 serenissimi
519 957 721 1011 genitoris
764 959 895 998 nostri
938 972 1065 1013 quam
1107 959 1288 999 aliorum
1330 959 1621 1000 Romanorum
1663 960 1968 1015 imperatorum
2004 973 2079 1000 seu
2112 972 2261 1014 rogum
2293 960 2401 1001 alias

212 1026 354 1067 extitit
388 1026 619 1067 iudicatum
655 1032 697 1067 et
730 1028 872 1082 sepius
906 1027 1182 1068 declaratum.
1246 1027 1339 1068 Hoc
1374 1027 1574 1069 adiuncto
1609 1028 1720 1083 quod
1745 1027 1847 1069 dicti
1872 1029 1985 1069 cives
2010 1028 2150 1068 onmia
2173 1028 2401 1083 privilegia

212 1109 287 1135 sua
323 1095 414 1136 sive
448 1097 603 1150 scripta
638 1096 817 1136 reddere
851 1100 1051 1137 tenentur
1082 1096 1195 1137 dicto
1228 1097 1445 1151 episcopo,
1480 1101 1522 1137 et
1554 1098 1586 1137 si
1620 1111 1704 1152 qua
1735 1098 1845 1138 forte
1880 1097 1965 1137 alia
1997 1097 2169 1152 scripta,
2204 1110 2285 1152 que
2317 1111 2401 1138 non

210 1170 337 1203 sunta*
369 1163 531 1204 reddita
567 1179 642 1204 seu
676 1179 750 1219 per
785 1164 1090 1218 negligentiam
1125 1179 1200 1205 seu
1235 1179 1311 1219 per
1343 1165 1628 1216 oblivionem,
1668 1165 1953 1215 inveniantur,
1989 1180 2040 1205 ea
2073 1166 2243 1220 penitus
2277 1179 2400 1206 cassa

210 1241 251 1272 et
286 1233 425 1273 inania
461 1234 649 1288 reputari
693 1248 770 1288 per
802 1238 1043 1274 nostrorum
1078 1234 1335 1274 sententiam
1377 1235 1619 1289 principum
1653 1234 2007 1275 adiudicavimus.
2071 1233 2398 1275 Sententialiter

209 1301 337 1341 etiam
370 1301 631 1342 diffiniendo.
666 1302 777 1356 quod
812 1315 1020 1356 campana
1053 1302 1142 1342 sive
1168 1316 1378 1356 campane
1412 1307 1454 1343 et
1487 1303 1760 1357 campanille,
1795 1302 1905 1358 quod
1938 1302 2120 1343 berfrois
2155 1301 2321 1353 dicitur,
2356 1305 2400 1344 et

209 1371 463 1411 eommunia.
498 1384 623 1424 quam
657 1385 807 1425 pacem
840 1371 1061 1410 nominant
1094 1371 1161 1411 vel
1193 1385 1451 1426 quocunque
1486 1371 1568 1412 alio
1602 1371 2022 1426 nominepallietur,
2055 1371 2096 1411 in
2119 1371 2271 1412 eadem
2295 1371 2399 1412 civi-

209 1442 294 1478 tate
328 1438 534 1479 tollantur
566 1443 607 1478 et
640 1439 918 1479 destruantur
950 1440 1137 1490 omnino,
1172 1441 1289 1480 nulla
1321 1440 1616 1481 iurisdictione
1642 1440 1846 1495 predictis
1871 1440 2038 1481 civibus
2063 1440 2235 1495 penitus
2259 1454 2399 1481 reser—

209 1511 317 1550 vata,
353 1508 463 1548 sicut
496 1508 535 1547 in
568 1508 662 1548 aliis
697 1509 931 1563 privilegiis
965 1509 1157 1549 ciusdem
1191 1510 1383 1564 episcopi
1418 1510 1586 1564 plenius
1620 1514 1661 1550 et
1691 1510 1881 1564 apertius
1912 1508 2150 1550 dinoscitur
2174 1509 2399 1550 contineri.

209 1578 458 1616 Statuentes
492 1582 534 1617 et
566 1577 743 1618 firmiter
775 1578 1031 1618 auctoritate
1064 1578 1208 1632 regiah
1242 1579 1552 1634 precipientes,
1586 1584 1631 1619 ut
1664 1579 1781 1619 nulla
1814 1579 1984 1619 omnino
2018 1592 2205 1633 persona
2238 1593 2395 1633 magna

208 1644 275 1684 vel
309 1659 454 1699 parva.
489 1646 695 1686 secularis
730 1646 795 1685 vel
830 1647 1126 1687 ecclesiastica
1159 1652 1308 1688 contra
1341 1648 1582 1703 prescripta
1605 1648 1747 1688 omnia
1779 1652 1973 1702 tempore
1998 1648 2142 1702 aliquo
2171 1649 2400 1689 temerario

207 1727 314 1753 ausu
349 1714 494 1754 venire
536 1719 755 1768 presumat
798 1715 865 1755 vel
910 1715 1067 1755 dictum
1111 1717 1358 1771 episcopum
1400 1721 1442 1758 et
1484 1730 1759 1757 successores
1793 1730 1892 1757 suos
1926 1716 1979 1756 ad
2014 1716 2243 1757 ecclesiam
2278 1731 2400 1758 suam

208 1782 364 1822 exinde
399 1783 639 1823 molestare.
704 1782 825 1829 Quod
859 1784 929 1838 qui
970 1786 1281 1839 presumpserit
1313 1786 1354 1826 in
1388 1800 1463 1826 sue
1498 1786 1753 1826 temeritatis
1789 1785 2023 1826 vindictam
2057 1785 2400 1840 indignationem

209 1857 396 1891 nostram
437 1857 479 1892 et
518 1865 669 1907 penam
715 1852 1045 1906 quingentarum
1088 1853 1294 1894 librarum
1334 1855 1426 1895 auri
1465 1855 1560 1909 puri
1593 1869 1638 1895 se
1683 1855 1852 1896 noverit
1886 1855 2178 1906 incursurum,
2221 1868 2398 1909 quarum

208 1919 417 1961 medietas
449 1921 550 1960 fisco
584 1926 744 1970 nostro,
777 1922 912 1961 altera
945 1936 1045 1962 vero
1078 1923 1216 1977 passis
1250 1923 1449 1963 iniuriam
1481 1924 1767 1978 persolvatur.
1821 1923 1879 1964 Ut
1913 1927 2063 1964 autem
2087 1923 2165 1965 hec
2188 1923 2398 1978 premissa

209 1989 337 2029 robur
381 1989 605 2044 optineant
647 1994 857 2044 perpetuo
891 1991 1134 2042 valiturum,
1180 2006 1360 2047 presens
1406 1993 1680 2047 privilegium
1727 1992 1939 2033 conscribi
1983 1997 2026 2033 et
2068 1993 2207 2047 sigillo
2249 1997 2398 2034 nostro

207 2058 408 2099 iussimus
442 2059 705 2099 communiri.

348 2126 492 2167 Huius
528 2141 627 2167 vero
659 2129 719 2168 rei
757 2132 891 2169 testes
926 2134 1043 2169 sunt:
1086 2129 1270 2170 Sifridus
1303 2130 1594 2185 Maguntinus,
1628 2131 1825 2172 Tetricus
1855 2130 2148 2184 Treverensis,
2181 2130 2397 2172 Henricus

209 2196 477 2236 Coloniensis
523 2196 855 2252 archiepiscopi:
898 2197 1177 2239 Hei-mannus
1217 2198 1567 2253 Herbipolensis,
1611 2200 1827 2241 Henricus
1869 2199 2170 2249 Eistedensisi,
2214 2199 2397 2241 Sifridus

208 2264 513 2318 Augustensis,
546 2265 777 2306 Bertoldus
801 2266 1151 2319 Argentinensis.
1185 2267 1403 2308 Henricus
1428 2268 1695 2320 Basiliensis,
1729 2268 2026 2324 Engelhaldus
2049 2268 2393 2324 Nilburgensisk,

210 2333 423 2373 Henricus
448 2332 772 2374 wormacensis
797 2335 1029 2390 cpiscopil:
1062 2336 1304 2376 Ludovicus
1328 2336 1689 2387 Harvaldensism,
1721 2337 1942 2378 Conradus
1965 2338 2215 2389 Vuldensis,
2241 2337 2397 2378 Alber-

208 2408 303 2441 tus¹¹
336 2401 636 2443 Corbacensis.
673 2436 711 2444 ..
738 2409 767 2443 ,Ο
799 2403 1105 2444 Lauricensisl
1139 2405 1341 2453 abbates;
1376 2405 1618 2446 Ludovicus
1652 2406 1740 2446 dux
1772 2406 1984 2454 Bawarie,
2020 2407 2266 2448 Ludovicus
2287 2407 2398 2448 lant·-

209 2471 382 2524 gravius
430 2470 658 2525 Duringie,
706 2471 984 2513 Hermannus
1022 2474 1214 2514 marchio
1258 2473 1310 2515 de
1354 2473 1523 2521 Baden;
1571 2475 1690 2530 Popo
1735 2475 1787 2515 de
1819 2475 2135 2527 Henneberch,
2179 2475 2397 2517 Gerardus

207 2537 452 2589 Gelrensis,
501 2539 798 2581 Hartmannus
846 2541 898 2581 de
947 2541 1233 2597 Dilenghenp,
1281 2543 1508 2583 Lotharius
1553 2543 1606 2585 de
1647 2543 1840 2585 Hostade
1889 2545 2084 2589 comites;
2126 2544 2315 2586 Michael
2354 2545 2397 2585 in

206 2607 428 2658 Hanonia,
462 2607 710 2649 W'illelmus
744 2610 785 2650 in
819 2609 1072 2666 Antwerpia
1104 2611 1416 2663 archidiaconi,
1449 2612 1649 2667 Rogerus
1683 2612 1897 2665 decanus,
1929 2613 2125 2668 magistri
2155 2613 2395 2667 Werricus,

206 2675 422 2716 Henricus
469 2676 521 2716 de
561 2676 756 2724 Colonia,
798 2678 1052 2721 Ellebaldus
1096 2681 1346 2735 presbiteri,
1391 2681 1606 2723 Iohannes
1647 2682 1699 2723 de
1739 2682 1868 2733 Roia,
1909 2682 2066 2724 Petrus
2105 2682 2396 2724 thesaurarius

208 2744 366 2784 Sancte
409 2743 576 2795 Crucis,
616 2745 801 2789 Brictius
839 2749 991 2801 levite,
1031 2749 1212 2790 Iacobus
1245 2750 1297 2790 dc
1329 2750 1541 2791 Bethunis
1575 2750 1806 2801 sublevita,
1846 2751 1982 2793 Beate
2015 2751 2151 2793 Marie
2185 2751 2396 2799 canonici;

204 2812 382 2866 Egidius
416 2814 631 2867 magister,
665 2814 875 2856 Arnulfus
910 2816 1055 2858 Sancti
1090 2818 1349 2872 Gaug01-ici‘1
1382 2819 1577 2860 canonici
1612 2819 1966 2861 Cameracenses.

346 2899 363 2914 s
395 2882 576 2937 Signum
617 2883 774 2925 domini
809 2885 888 2939 (M)
921 2885 1097 2927 Henrici
1131 2887 1211 2927 Dei
1252 2888 1391 2942 gratia
1430 2888 1704 2929 invictissimi
1738 2889 2032 2930 Romanorum
2073 2889 2187 2944 regis
2229 2903 2398 2945 semper

205 2951 392 3005 augusti.
422 2960 439 2983 ‘s

350 3021 498 3060 Annor
530 3021 649 3074 regni
683 3022 774 3062 eius
808 3027 943 3063 sexto.
1005 3024 1115 3064 Acta
1148 3028 1246 3065 sunt
1278 3025 1358 3066 hec
1391 3040 1502 3067 anno
1533 3026 1744 3067 dominice
1773 3026 2082 3068 incarnationis
2105 3026 2395 3079 MOGXXVL

206 3103 353 3129 mense
385 3088 643 3139 Novembri,
677 3090 909 3131 indictione
943 3093 1280 3146 quintadecima,
1321 3099 1528 3148 regnante
1562 3095 1733 3136 domino
1765 3099 1911 3136 nostro
1942 3093 1961 3150 Ξ
1992 3096 2181 3137 Henrico
2212 3095 2230 3148 ξ
2261 3096 2394 3137 invic-

204 3157 367 3196 tissimo
412 3157 703 3198 Romanorum
752 3174 852 3213 rege
904 3175 1076 3216 semper
1123 3167 1319 3216 augusto.
1399 3163 1559 3204 Datum
1616 3163 1730 3218 apud
1777 3164 2045 3219 Herbipolim
2100 3178 2176 3219 per
2222 3178 2396 3205 manum

205 3225 382 3265 Henrici
424 3226 656 3280 imperialis
704 3228 801 3268 aule
845 3229 1176 3283 prothonotarii,
1219 3245 1352 3282 anne,
1393 3246 1541 3273 mense
1586 3237 1630 3273 et
1670 3232 1901 3273 indictione
1942 3232 2164 3288 predictis;
2210 3233 2396 3274 feliciter

205 3307 345 3333 amen.

340 3394 425 3428 292.
457 3395 488 3429 d,
517 3398 580 3429 hiis
605 3398 636 3430 2.
767 3404 797 3439 θ)
823 3400 1010 3433 exibitisset
1034 3402 1064 3434 2.
1195 3401 1225 3443 f)
1251 3404 1470 3446 superfluum.
1600 3406 1632 3445 g)
1663 3406 1731 3437 sint
1755 3403 1785 3437 2.
1903 3403 1937 3446 h)
1963 3410 2053 3437 auct.
2080 3406 2174 3448 regia
2198 3405 2338 3438 firmiter
2361 3404 2393 3437 2.

203 3451 224 3492 i)
251 3453 434 3484 Eistdensis
462 3453 490 3484 l.
630 3452 663 3496 k)
698 3456 742 3487 sic
772 3456 798 3487 Ῑ.
825 3456 846 3487 2
873 3468 940 3497 pro
967 3459 1061 3490 Nieb.
1202 3458 1226 3500 l)
1253 3460 1305 3492 Ιιίσ
1335 3467 1520 3502 sequuntur
1546 3462 1580 3493 ἰη
1605 3460 1641 3493 2:
1674 3449 1869 3494 Ludovicus
1894 3462 1963 3493 (lux
1996 3463 2164 3503 Bawarie,
2198 3463 2393 3495 Ludovicus

203 3510 412 3551 lantgravius
438 3511 612 3551 Duringie.
754 3518 795 3552 ¹¹¹)
823 3515 1066 3547 Hervaldensis
1091 3516 1121 3548 2.
1263 3519 1295 3557 ¹¹)
1324 3518 1370 3549 sic
1396 3517 1431 3555 ‘2;
1460 3519 1587 3550 lacuna
1613 3519 1647 3550 in
1676 3518 1703 3550 l.
1842 3520 1873 3559 0)
1900 3519 2059 3551 Albertus
2088 3519 2122 3559 1;
2150 3520 2277 3552 lacuna
2302 3520 2337 3552 ἰη
2361 3518 2392 3552 2.

202 3572 232 3605 l’s
261 3567 427 3609 Dilengcn
454 3566 484 3599 ’2.
605 3575 637 3609 q)
664 3570 812 3611 Gangeri
841 3569 868 3601 1.
989 3571 1016 3614 r)
1044 3575 1142 3605 Anno
1170 3593 1211 3596 —
1237 3576 1325 3607 Acta
1351 3575 1387 3607 in
1412 3574 1433 3606 2
1459 3576 1577 3608 litteris
1602 3576 1778 3617 elongatis.

342 3658 371 3697 1)
402 3655 565 3690 Conrado
591 3658 622 3691 ci
648 3668 773 3691 nomen
797 3663 880 3702 erat,
908 3671 933 3695 ι’.
962 3662 1061 3703 infra
1089 3673 1142 3695 nr.
1160 3668 1237 3698 294.

2436 904 2468 928 10

2436 1246 2466 1270 15

2436 1589 2468 1613 20

2437 1932 2468 1957 25

2435 2282 2467 2307 30

2431 2625 2463 2650 35

2430 2974 2464 3000 40

2427 3317 2459 3343 45
