<?xml version="1.0" encoding="UTF-8"?>
<!DOCTYPE html PUBLIC "-//W3C//DTD XHTML 1.0 Transitional//EN"
    "http://www.w3.org/TR/xhtml1/DTD/xhtml1-transitional.dtd">
<html xmlns="http://www.w3.org/1999/xhtml" xml:lang="en" lang="en">
 <head>
  <title>
</title>
<meta http-equiv="Content-Type" content="text/html;charset=utf-8" />
  <meta name='ocr-system' content='tesseract 3.04.00' />
  <meta name='ocr-capabilities' content='ocr_page ocr_carea ocr_par ocr_line ocrx_word'/>
</head>
<body>
  <div class='ocr_page' id='page_1' title='image "./monumentager02geseuoft_0670.png"; bbox 0 0 2558 3970; ppageno 0'>
   <div class='ocr_carea' id='block_1_1' title="bbox 178 187 2225 233">
    <p class='ocr_par' dir='ltr' id='par_1_1' title="bbox 178 187 2225 233">
     <span class='ocr_line' id='line_1_1' title="bbox 178 187 2225 233; baseline -0 -8"><span class='ocrx_word' id='word_1_1' title='bbox 178 195 257 233; x_wconf 72' lang='lat'>622</span> <span class='ocrx_word' id='word_1_2' title='bbox 318 190 550 225; x_wconf 60' lang='lat' dir='ltr'>BANNITIO</span> <span class='ocrx_word' id='word_1_3' title='bbox 572 187 1000 223; x_wconf 61' lang='lat' dir='ltr'>Mitulol„.-xNEN81U1u</span> <span class='ocrx_word' id='word_1_4' title='bbox 1023 188 1080 221; x_wconf 74' lang='grc' dir='ltr'>ΕΤ</span> <span class='ocrx_word' id='word_1_5' title='bbox 1100 187 1345 221; x_wconf 59' lang='lat' dir='ltr'>SOOIoRUM</span> <span class='ocrx_word' id='word_1_6' title='bbox 1368 188 1458 222; x_wconf 69' lang='lat' dir='ltr'>PER.</span> <span class='ocrx_word' id='word_1_7' title='bbox 1479 187 1707 221; x_wconf 68' lang='lat' dir='ltr'>LEGATUM</span> <span class='ocrx_word' id='word_1_8' title='bbox 1726 187 1928 223; x_wconf 78' lang='lat' dir='ltr'>REGIUM.</span> <span class='ocrx_word' id='word_1_9' title='bbox 1952 189 2049 224; x_wconf 75' lang='lat'>1213.</span> <span class='ocrx_word' id='word_1_10' title='bbox 2070 189 2133 223; x_wconf 88' lang='lat' dir='ltr'>Nr.</span> <span class='ocrx_word' id='word_1_11' title='bbox 2148 189 2225 224; x_wconf 74' lang='lat'><strong>452.</strong></span> 
     </span>
    </p>
   </div>
   <div class='ocr_carea' id='block_1_2' title="bbox 176 302 2362 559">
    <p class='ocr_par' dir='ltr' id='par_1_2' title="bbox 176 302 2362 559">
     <span class='ocr_line' id='line_1_2' title="bbox 177 302 2362 360; baseline 0 -15"><span class='ocrx_word' id='word_1_12' title='bbox 177 307 228 346; x_wconf 66' lang='lat' dir='ltr'>«le</span> <span class='ocrx_word' id='word_1_13' title='bbox 262 322 340 360; x_wconf 76' lang='lat' dir='ltr'>qua</span> <span class='ocrx_word' id='word_1_14' title='bbox 375 307 497 346; x_wconf 83' lang='lat' dir='ltr'>uobis</span> <span class='ocrx_word' id='word_1_15' title='bbox 533 305 621 359; x_wconf 79' lang='lat' dir='ltr'>spei</span> <span class='ocrx_word' id='word_1_16' title='bbox 658 309 698 344; x_wconf 86' lang='lat' dir='ltr'>et</span> <span class='ocrx_word' id='word_1_17' title='bbox 732 304 885 344; x_wconf 82' lang='lat' dir='ltr'>fiducie</span> <span class='ocrx_word' id='word_1_18' title='bbox 917 303 1147 358; x_wconf 87' lang='lat' dir='ltr'>plurimum</span> <span class='ocrx_word' id='word_1_19' title='bbox 1182 302 1354 349; x_wconf 78' lang='lat' dir='ltr'>arridet,</span> <span class='ocrx_word' id='word_1_20' title='bbox 1387 303 1499 342; x_wconf 89' lang='lat' dir='ltr'>omni</span> <span class='ocrx_word' id='word_1_21' title='bbox 1531 316 1615 356; x_wconf 83' lang='lat' dir='ltr'>qua</span> <span class='ocrx_word' id='word_1_22' title='bbox 1646 316 1875 357; x_wconf 88' lang='lat' dir='ltr'>possumus</span> <span class='ocrx_word' id='word_1_23' title='bbox 1907 303 2135 345; x_wconf 91' lang='lat' dir='ltr'>devotione</span> <span class='ocrx_word' id='word_1_24' title='bbox 2160 305 2362 345; x_wconf 81' lang='lat' dir='ltr'>duximus</span> 
     </span>
     <span class='ocr_line' id='line_1_3' title="bbox 178 371 2360 428; baseline -0 -13"><span class='ocrx_word' id='word_1_25' title='bbox 178 376 450 415; x_wconf 68' lang='lat' dir='ltr'>exorandaun.</span> <span class='ocrx_word' id='word_1_26' title='bbox 486 375 684 428; x_wconf 76' lang='lat' dir='ltr'>quatinus</span> <span class='ocrx_word' id='word_1_27' title='bbox 719 374 758 413; x_wconf 94' lang='lat' dir='ltr'>in</span> <span class='ocrx_word' id='word_1_28' title='bbox 793 374 924 427; x_wconf 83' lang='lat' dir='ltr'>ipsius</span> <span class='ocrx_word' id='word_1_29' title='bbox 959 373 1223 427; x_wconf 74' lang='lat' dir='ltr'>promotione</span> <span class='ocrx_word' id='word_1_30' title='bbox 1257 371 1484 411; x_wconf 85' lang='lat' dir='ltr'>consilium</span> <span class='ocrx_word' id='word_1_31' title='bbox 1519 376 1560 410; x_wconf 87' lang='lat' dir='ltr'>et</span> <span class='ocrx_word' id='word_1_32' title='bbox 1591 371 1797 411; x_wconf 86' lang='lat' dir='ltr'>auxilium</span> <span class='ocrx_word' id='word_1_33' title='bbox 1831 377 2086 426; x_wconf 88' lang='lat' dir='ltr'>oportunum</span> <span class='ocrx_word' id='word_1_34' title='bbox 2112 374 2251 414; x_wconf 90' lang='lat' dir='ltr'>velitis</span> <span class='ocrx_word' id='word_1_35' title='bbox 2285 374 2360 414; x_wconf 87' lang='lat' dir='ltr'>ad-</span> 
     </span>
     <span class='ocr_line' id='line_1_4' title="bbox 178 440 2360 496; baseline -0 -13"><span class='ocrx_word' id='word_1_36' title='bbox 178 445 348 483; x_wconf 72' lang='lat' dir='ltr'>hibere.</span> <span class='ocrx_word' id='word_1_37' title='bbox 391 448 433 482; x_wconf 90' lang='lat' dir='ltr'>ut</span> <span class='ocrx_word' id='word_1_38' title='bbox 474 457 549 482; x_wconf 79' lang='lat' dir='ltr'>nos</span> <span class='ocrx_word' id='word_1_39' title='bbox 592 442 793 496; x_wconf 71' lang='lat' dir='ltr'>porindos</span> <span class='ocrx_word' id='word_1_40' title='bbox 825 455 917 481; x_wconf 83' lang='lat' dir='ltr'>eum</span> <span class='ocrx_word' id='word_1_41' title='bbox 965 442 1054 495; x_wconf 82' lang='lat' dir='ltr'>ipso</span> <span class='ocrx_word' id='word_1_42' title='bbox 1095 446 1137 480; x_wconf 82' lang='lat' dir='ltr'>et</span> <span class='ocrx_word' id='word_1_43' title='bbox 1180 455 1254 495; x_wconf 87' lang='lat' dir='ltr'>pro</span> <span class='ocrx_word' id='word_1_44' title='bbox 1297 441 1390 495; x_wconf 84' lang='lat' dir='ltr'>ipso</span> <span class='ocrx_word' id='word_1_45' title='bbox 1424 440 1578 479; x_wconf 61' lang='lat' dir='ltr'>vobis(g</span> <span class='ocrx_word' id='word_1_46' title='bbox 1611 453 1783 494; x_wconf 87' lang='lat' dir='ltr'>semper</span> <span class='ocrx_word' id='word_1_47' title='bbox 1816 440 1965 481; x_wconf 89' lang='lat' dir='ltr'>merito</span> <span class='ocrx_word' id='word_1_48' title='bbox 1998 440 2232 481; x_wconf 80' lang='lat' dir='ltr'>debeamus</span> <span class='ocrx_word' id='word_1_49' title='bbox 2266 457 2360 483; x_wconf 90' lang='lat' dir='ltr'>esse</span> 
     </span>
     <span class='ocr_line' id='line_1_5' title="bbox 176 514 364 559; baseline 0.011 -9"><span class='ocrx_word' id='word_1_50' title='bbox 176 514 364 559; x_wconf 66' lang='lat' dir='ltr'>obligati.</span> 
     </span>
    </p>
   </div>
   <div class='ocr_carea' id='block_1_3' title="bbox 1001 647 1540 651">
    <p class='ocr_par' dir='ltr' id='par_1_3' title="bbox 1001 647 1540 651">
     <span class='ocr_line' id='line_1_6' title="bbox 1001 647 1540 651; baseline 0 0"><span class='ocrx_word' id='word_1_51' title='bbox 1001 647 1540 651; x_wconf 95' lang='lat' dir='ltr'> </span> 
     </span>
    </p>
   </div>
   <div class='ocr_carea' id='block_1_4' title="bbox 252 856 2318 1156">
    <p class='ocr_par' dir='ltr' id='par_1_4' title="bbox 252 856 2318 1156">
     <span class='ocr_line' id='line_1_7' title="bbox 378 856 2150 928; baseline 0.001 -1"><span class='ocrx_word' id='word_1_52' title='bbox 378 862 503 928; x_wconf 62' lang='lat'>452.</span> <span class='ocrx_word' id='word_1_53' title='bbox 566 857 1084 928; x_wconf 74' lang='lat' dir='ltr'>ssANNITlO</span> <span class='ocrx_word' id='word_1_54' title='bbox 1136 856 2150 928; x_wconf 71' lang='lat' dir='ltr'><strong>MEDIOLANENSIUM</strong></span> 
     </span>
     <span class='ocr_line' id='line_1_8' title="bbox 252 971 2318 1044; baseline 0 -1"><span class='ocrx_word' id='word_1_55' title='bbox 252 975 345 1043; x_wconf 69' lang='lat' dir='ltr'>JT</span> <span class='ocrx_word' id='word_1_56' title='bbox 401 972 871 1043; x_wconf 60' lang='lat' dir='ltr'>SOClORU</span> <span class='ocrx_word' id='word_1_57' title='bbox 894 975 969 1043; x_wconf 83' lang='lat' dir='ltr'><strong>M</strong></span> <span class='ocrx_word' id='word_1_58' title='bbox 1026 973 1235 1042; x_wconf 73' lang='lat' dir='ltr'>PER</span> <span class='ocrx_word' id='word_1_59' title='bbox 1280 971 1634 1042; x_wconf 54' lang='lat' dir='ltr'>121⁴]GAT</span> <span class='ocrx_word' id='word_1_60' title='bbox 1655 972 1809 1042; x_wconf 84' lang='lat' dir='ltr'>UM</span> <span class='ocrx_word' id='word_1_61' title='bbox 1860 972 2318 1044; x_wconf 76' lang='lat' dir='ltr'><strong>REGIUM.</strong></span> 
     </span>
     <span class='ocr_line' id='line_1_9' title="bbox 1092 1109 1448 1156; baseline 0.003 -2"><span class='ocrx_word' id='word_1_62' title='bbox 1092 1110 1234 1156; x_wconf 74' lang='lat'><strong>10213.</strong></span> <span class='ocrx_word' id='word_1_63' title='bbox 1269 1109 1379 1155; x_wconf 76' lang='lat' dir='ltr'>Mai.</span> <span class='ocrx_word' id='word_1_64' title='bbox 1404 1109 1448 1155; x_wconf 62' lang='grc' dir='ltr'>ε).</span> 
     </span>
    </p>
   </div>
   <div class='ocr_carea' id='block_1_5' title="bbox 167 1252 2432 1445">
    <p class='ocr_par' dir='ltr' id='par_1_5' title="bbox 167 1252 2432 1445">
     <span class='ocr_line' id='line_1_10' title="bbox 319 1252 2364 1307; baseline -0 -11"><span class='ocrx_word' id='word_1_65' title='bbox 319 1255 443 1296; x_wconf 69' lang='lat' dir='ltr'>Dedit</span> <span class='ocrx_word' id='word_1_66' title='bbox 475 1256 658 1296; x_wconf 59' lang='lat' dir='ltr'>Bolano·</span> <span class='ocrx_word' id='word_1_67' title='bbox 689 1255 807 1295; x_wconf 70' lang='lat' dir='ltr'>‘Aeta</span> <span class='ocrx_word' id='word_1_68' title='bbox 840 1255 1006 1306; x_wconf 48' lang='lat' dir='ltr'>«imperii</span> <span class='ocrx_word' id='word_1_69' title='bbox 1043 1253 1200 1295; x_wconf 61' lang='lat' dir='ltr'>salceid</span> <span class='ocrx_word' id='word_1_70' title='bbox 1226 1256 1308 1293; x_wconf 65' lang='lat'><strong><em>6530·</em></strong></span> <span class='ocrx_word' id='word_1_71' title='bbox 1339 1267 1402 1294; x_wconf 60' lang='lat' dir='ltr'>m:</span> <span class='ocrx_word' id='word_1_72' title='bbox 1423 1255 1506 1294; x_wconf 71' lang='lat'>‚026</span> <span class='ocrx_word' id='word_1_73' title='bbox 1536 1267 1556 1294; x_wconf 77' lang='grc'>0</span> <span class='ocrx_word' id='word_1_74' title='bbox 1586 1253 1744 1295; x_wconf 66' lang='lat' dir='ltr'>duobus</span> <span class='ocrx_word' id='word_1_75' title='bbox 1780 1252 2101 1304; x_wconf 65' lang='lat' dir='ltr'>exemplaribus,</span> <span class='ocrx_word' id='word_1_76' title='bbox 2141 1267 2224 1295; x_wconf 74' lang='lat' dir='ltr'>uno</span> <span class='ocrx_word' id='word_1_77' title='bbox 2255 1255 2364 1307; x_wconf 74' lang='lat' dir='ltr'>quod</span> 
     </span>
     <span class='ocr_line' id='line_1_11' title="bbox 167 1323 2363 1378; baseline 0.001 -18"><span class='ocrx_word' id='word_1_78' title='bbox 167 1324 324 1377; x_wconf 54' lang='lat' dir='ltr'>ssu-erat</span> <span class='ocrx_word' id='word_1_79' title='bbox 367 1325 537 1366; x_wconf 57' lang='lat' dir='ltr'>(iu-eda.</span> <span class='ocrx_word' id='word_1_80' title='bbox 585 1325 715 1364; x_wconf 65' lang='lat' dir='ltr'>allero</span> <span class='ocrx_word' id='word_1_81' title='bbox 761 1323 869 1375; x_wconf 75' lang='lat' dir='ltr'>quod</span> <span class='ocrx_word' id='word_1_82' title='bbox 904 1324 1063 1378; x_wconf 53' lang='lat' dir='ltr'>severat</span> <span class='ocrx_word' id='word_1_83' title='bbox 1102 1324 1168 1363; x_wconf 65' lang='lat' dir='ltr'>vir</span> <span class='ocrx_word' id='word_1_84' title='bbox 1208 1324 1255 1364; x_wconf 71' lang='lat' dir='ltr'>el.</span> <span class='ocrx_word' id='word_1_85' title='bbox 1289 1323 1588 1365; x_wconf 43' lang='lat' dir='ltr'>Wrmliselmmm</span> <span class='ocrx_word' id='word_1_86' title='bbox 1625 1337 1644 1362; x_wconf 82' lang='grc'>0</span> <span class='ocrx_word' id='word_1_87' title='bbox 1683 1323 1924 1363; x_wconf 72' lang='lat' dir='ltr'>memhrcma</span> <span class='ocrx_word' id='word_1_88' title='bbox 1969 1323 2065 1363; x_wconf 66' lang='lat' dir='ltr'>olim.</span> <span class='ocrx_word' id='word_1_89' title='bbox 2107 1323 2211 1376; x_wconf 58' lang='lat' dir='ltr'>sion.</span> <span class='ocrx_word' id='word_1_90' title='bbox 2241 1323 2283 1366; x_wconf 89' lang='lat' dir='ltr'>J.</span> <span class='ocrx_word' id='word_1_91' title='bbox 2306 1324 2363 1364; x_wconf 75' lang='lat'>26</span> 
     </span>
     <span class='ocr_line' id='line_1_12' title="bbox 174 1391 2432 1445; baseline 0 -15"><span class='ocrx_word' id='word_1_92' title='bbox 174 1393 377 1433; x_wconf 69' lang='lat' dir='ltr'>tabularii</span> <span class='ocrx_word' id='word_1_93' title='bbox 408 1394 588 1433; x_wconf 62' lang='lat' dir='ltr'>rie-itatis</span> <span class='ocrx_word' id='word_1_94' title='bbox 623 1394 858 1433; x_wconf 41' lang='lat' dir='ltr'>(lrt’momm.</span> <span class='ocrx_word' id='word_1_95' title='bbox 891 1417 945 1421; x_wconf 86' lang='lat'>—</span> <span class='ocrx_word' id='word_1_96' title='bbox 977 1392 1172 1443; x_wconf 67' lang='lat' dir='ltr'>Bohmer,</span> <span class='ocrx_word' id='word_1_97' title='bbox 1205 1392 1304 1445; x_wconf 66' lang='lat' dir='ltr'>Ray.</span> <span class='ocrx_word' id='word_1_98' title='bbox 1338 1393 1433 1445; x_wconf 55' lang='lat' dir='ltr'>‘imp</span> <span class='ocrx_word' id='word_1_99' title='bbox 1462 1391 1506 1442; x_wconf 71' lang='lat' dir='ltr'>V,</span> <span class='ocrx_word' id='word_1_100' title='bbox 1527 1394 1679 1434; x_wconf 67' lang='lat'><em>12441.</em></span> <span class='ocrx_word' id='word_1_101' title='bbox 1981 1391 2051 1444; x_wconf 86' lang='lat' dir='ltr'>(P.</span> <span class='ocrx_word' id='word_1_102' title='bbox 2074 1392 2216 1443; x_wconf 74' lang='lat' dir='ltr'>deest.)</span> <span class='ocrx_word' id='word_1_103' title='bbox 2399 1405 2432 1429; x_wconf 89' lang='lat'>10</span> 
     </span>
    </p>
   </div>
   <div class='ocr_carea' id='block_1_6' title="bbox 171 1518 2431 3573">
    <p class='ocr_par' dir='ltr' id='par_1_6' title="bbox 171 1518 2431 2196">
     <span class='ocr_line' id='line_1_13' title="bbox 314 1518 2363 1560; baseline 0 -1"><span class='ocrx_word' id='word_1_104' title='bbox 314 1521 438 1559; x_wconf 80' lang='lat' dir='ltr'>Anno</span> <span class='ocrx_word' id='word_1_105' title='bbox 480 1520 532 1559; x_wconf 86' lang='lat' dir='ltr'>ab</span> <span class='ocrx_word' id='word_1_106' title='bbox 565 1520 860 1560; x_wconf 76' lang='lat' dir='ltr'>incarnatione</span> <span class='ocrx_word' id='word_1_107' title='bbox 893 1519 1065 1560; x_wconf 87' lang='lat' dir='ltr'>Domini</span> <span class='ocrx_word' id='word_1_108' title='bbox 1108 1519 1243 1559; x_wconf 90' lang='lat' dir='ltr'>nostri</span> <span class='ocrx_word' id='word_1_109' title='bbox 1274 1518 1406 1559; x_wconf 90' lang='lat' dir='ltr'>Ieshu</span> <span class='ocrx_word' id='word_1_110' title='bbox 1441 1518 1600 1559; x_wconf 76' lang='lat' dir='ltr'>Christi</span> <span class='ocrx_word' id='word_1_111' title='bbox 1642 1519 1873 1559; x_wconf 88' lang='lat' dir='ltr'>millesimo</span> <span class='ocrx_word' id='word_1_112' title='bbox 1908 1518 2204 1559; x_wconf 87' lang='lat' dir='ltr'>ducentesimo</span> <span class='ocrx_word' id='word_1_113' title='bbox 2237 1520 2363 1560; x_wconf 90' lang='lat' dir='ltr'>tertio</span> 
     </span>
     <span class='ocr_line' id='line_1_14' title="bbox 172 1586 2365 1643; baseline 0 -16"><span class='ocrx_word' id='word_1_114' title='bbox 172 1587 357 1628; x_wconf 77' lang='lat' dir='ltr'>decimo.</span> <span class='ocrx_word' id='word_1_115' title='bbox 402 1588 632 1628; x_wconf 74' lang='lat' dir='ltr'>indictione</span> <span class='ocrx_word' id='word_1_116' title='bbox 679 1589 836 1643; x_wconf 66' lang='lat' dir='ltr'>prima.</span> <span class='ocrx_word' id='word_1_117' title='bbox 879 1588 947 1628; x_wconf 90' lang='lat' dir='ltr'>dic</span> <span class='ocrx_word' id='word_1_118' title='bbox 988 1588 1175 1628; x_wconf 82' lang='lat' dir='ltr'>secundo</span> <span class='ocrx_word' id='word_1_119' title='bbox 1217 1589 1403 1628; x_wconf 80' lang='lat' dir='ltr'>intrante</span> <span class='ocrx_word' id='word_1_120' title='bbox 1446 1601 1595 1628; x_wconf 88' lang='lat' dir='ltr'>mense</span> <span class='ocrx_word' id='word_1_121' title='bbox 1629 1587 1754 1636; x_wconf 75' lang='lat' dir='ltr'>Maii,</span> <span class='ocrx_word' id='word_1_122' title='bbox 1796 1588 1836 1627; x_wconf 85' lang='lat' dir='ltr'>in</span> <span class='ocrx_word' id='word_1_123' title='bbox 1872 1586 2104 1635; x_wconf 80' lang='lat' dir='ltr'>Cremona:</span> <span class='ocrx_word' id='word_1_124' title='bbox 2148 1588 2365 1643; x_wconf 79' lang='lat' dir='ltr'>presentia</span> 
     </span>
     <span class='ocr_line' id='line_1_15' title="bbox 171 1656 2362 1712; baseline 0 -16"><span class='ocrx_word' id='word_1_125' title='bbox 171 1656 327 1697; x_wconf 86' lang='lat' dir='ltr'>domini</span> <span class='ocrx_word' id='word_1_126' title='bbox 363 1657 539 1711; x_wconf 67' lang='lat' dir='ltr'>Sycardi</span> <span class='ocrx_word' id='word_1_127' title='bbox 565 1657 869 1698; x_wconf 78' lang='lat' dir='ltr'>Cremonensis</span> <span class='ocrx_word' id='word_1_128' title='bbox 903 1657 1091 1712; x_wconf 82' lang='lat' dir='ltr'>episcopi</span> <span class='ocrx_word' id='word_1_129' title='bbox 1126 1662 1169 1698; x_wconf 91' lang='lat' dir='ltr'>et</span> <span class='ocrx_word' id='word_1_130' title='bbox 1201 1657 1361 1697; x_wconf 89' lang='lat' dir='ltr'>domiui</span> <span class='ocrx_word' id='word_1_131' title='bbox 1386 1656 1582 1697; x_wconf 88' lang='lat' dir='ltr'>Bertoldi</span> <span class='ocrx_word' id='word_1_132' title='bbox 1615 1656 1872 1697; x_wconf 87' lang='lat' dir='ltr'>vicedomini</span> <span class='ocrx_word' id='word_1_133' title='bbox 1896 1657 2111 1698; x_wconf 86' lang='lat' dir='ltr'>Tridencii</span> <span class='ocrx_word' id='word_1_134' title='bbox 2139 1662 2182 1697; x_wconf 92' lang='lat' dir='ltr'>et</span> <span class='ocrx_word' id='word_1_135' title='bbox 2203 1658 2362 1712; x_wconf 86' lang='lat' dir='ltr'>regalis</span> 
     </span>
     <span class='ocr_line' id='line_1_16' title="bbox 172 1725 2360 1781; baseline 0 -15"><span class='ocrx_word' id='word_1_136' title='bbox 172 1727 286 1766; x_wconf 76' lang='lat' dir='ltr'>curie</span> <span class='ocrx_word' id='word_1_137' title='bbox 320 1727 629 1780; x_wconf 83' lang='lat' dir='ltr'>prothonotarii</span> <span class='ocrx_word' id='word_1_138' title='bbox 662 1731 703 1767; x_wconf 90' lang='lat' dir='ltr'>et</span> <span class='ocrx_word' id='word_1_139' title='bbox 735 1726 893 1767; x_wconf 86' lang='lat' dir='ltr'>domini</span> <span class='ocrx_word' id='word_1_140' title='bbox 918 1726 1151 1767; x_wconf 87' lang='lat' dir='ltr'>Lanfranci</span> <span class='ocrx_word' id='word_1_141' title='bbox 1185 1726 1349 1766; x_wconf 84' lang='lat' dir='ltr'>Tabisii</span> <span class='ocrx_word' id='word_1_142' title='bbox 1383 1729 1426 1766; x_wconf 93' lang='lat' dir='ltr'>et</span> <span class='ocrx_word' id='word_1_143' title='bbox 1457 1726 1619 1766; x_wconf 91' lang='lat' dir='ltr'>domini</span> <span class='ocrx_word' id='word_1_144' title='bbox 1644 1725 1840 1781; x_wconf 79' lang='lat' dir='ltr'>Sycherii</span> <span class='ocrx_word' id='word_1_145' title='bbox 1863 1725 1916 1766; x_wconf 89' lang='lat' dir='ltr'>de</span> <span class='ocrx_word' id='word_1_146' title='bbox 1941 1725 2203 1766; x_wconf 79' lang='lat' dir='ltr'>Gramulano</span> <span class='ocrx_word' id='word_1_147' title='bbox 2225 1725 2360 1781; x_wconf 91' lang='lat' dir='ltr'>Papie</span> 
     </span>
     <span class='ocr_line' id='line_1_17' title="bbox 172 1793 2431 1836; baseline 0 -1"><span class='ocrx_word' id='word_1_148' title='bbox 172 1803 213 1834; x_wconf 75' lang='lat' dir='ltr'>et</span> <span class='ocrx_word' id='word_1_149' title='bbox 251 1795 408 1835; x_wconf 90' lang='lat' dir='ltr'>domini</span> <span class='ocrx_word' id='word_1_150' title='bbox 442 1795 636 1836; x_wconf 90' lang='lat' dir='ltr'>Bertoldi</span> <span class='ocrx_word' id='word_1_151' title='bbox 676 1795 727 1835; x_wconf 91' lang='lat' dir='ltr'>dc</span> <span class='ocrx_word' id='word_1_152' title='bbox 762 1795 920 1836; x_wconf 85' lang='lat' dir='ltr'>Gualia</span> <span class='ocrx_word' id='word_1_153' title='bbox 962 1800 1004 1835; x_wconf 90' lang='lat' dir='ltr'>et</span> <span class='ocrx_word' id='word_1_154' title='bbox 1043 1795 1200 1835; x_wconf 90' lang='lat' dir='ltr'>domini</span> <span class='ocrx_word' id='word_1_155' title='bbox 1234 1795 1352 1836; x_wconf 88' lang='lat' dir='ltr'>Petri</span> <span class='ocrx_word' id='word_1_156' title='bbox 1394 1795 1446 1835; x_wconf 89' lang='lat' dir='ltr'>de</span> <span class='ocrx_word' id='word_1_157' title='bbox 1485 1794 1711 1835; x_wconf 90' lang='lat' dir='ltr'>Maluscho</span> <span class='ocrx_word' id='word_1_158' title='bbox 1755 1799 1798 1835; x_wconf 91' lang='lat' dir='ltr'>et</span> <span class='ocrx_word' id='word_1_159' title='bbox 1836 1794 1995 1835; x_wconf 91' lang='lat' dir='ltr'>domini</span> <span class='ocrx_word' id='word_1_160' title='bbox 2038 1793 2269 1835; x_wconf 84' lang='lat' dir='ltr'>Guizoenti</span> <span class='ocrx_word' id='word_1_161' title='bbox 2308 1794 2360 1835; x_wconf 92' lang='lat' dir='ltr'>de</span> <span class='ocrx_word' id='word_1_162' title='bbox 2402 1812 2431 1835; x_wconf 79' lang='lat'>15</span> 
     </span>
     <span class='ocr_line' id='line_1_18' title="bbox 172 1862 2362 1918; baseline 0 -14"><span class='ocrx_word' id='word_1_163' title='bbox 172 1863 355 1904; x_wconf 88' lang='lat' dir='ltr'>Gumeto</span> <span class='ocrx_word' id='word_1_164' title='bbox 389 1870 429 1904; x_wconf 81' lang='lat' dir='ltr'>et</span> <span class='ocrx_word' id='word_1_165' title='bbox 461 1863 628 1904; x_wconf 81' lang='lat' dir='ltr'>Redulli</span> <span class='ocrx_word' id='word_1_166' title='bbox 663 1864 833 1904; x_wconf 86' lang='lat' dir='ltr'>scolarii</span> <span class='ocrx_word' id='word_1_167' title='bbox 865 1864 917 1904; x_wconf 89' lang='lat' dir='ltr'>de</span> <span class='ocrx_word' id='word_1_168' title='bbox 950 1862 1141 1904; x_wconf 85' lang='lat' dir='ltr'>Bolzauo</span> <span class='ocrx_word' id='word_1_169' title='bbox 1175 1867 1217 1904; x_wconf 90' lang='lat' dir='ltr'>et</span> <span class='ocrx_word' id='word_1_170' title='bbox 1249 1863 1479 1918; x_wconf 85' lang='lat' dir='ltr'>presbiteri</span> <span class='ocrx_word' id='word_1_171' title='bbox 1510 1862 1683 1903; x_wconf 87' lang='lat' dir='ltr'>Martini</span> <span class='ocrx_word' id='word_1_172' title='bbox 1707 1862 1846 1917; x_wconf 83' lang='lat' dir='ltr'>Longi</span> <span class='ocrx_word' id='word_1_173' title='bbox 1879 1867 1923 1904; x_wconf 92' lang='lat' dir='ltr'>et</span> <span class='ocrx_word' id='word_1_174' title='bbox 1946 1862 2175 1918; x_wconf 87' lang='lat' dir='ltr'>Aliprandi</span> <span class='ocrx_word' id='word_1_175' title='bbox 2208 1863 2362 1904; x_wconf 84' lang='lat' dir='ltr'>iudicis</span> 
     </span>
     <span class='ocr_line' id='line_1_19' title="bbox 172 1931 2361 1974; baseline 0.001 -2"><span class='ocrx_word' id='word_1_176' title='bbox 172 1941 212 1972; x_wconf 70' lang='lat' dir='ltr'>ct</span> <span class='ocrx_word' id='word_1_177' title='bbox 246 1933 483 1973; x_wconf 85' lang='lat' dir='ltr'>Peramusii</span> <span class='ocrx_word' id='word_1_178' title='bbox 528 1933 579 1974; x_wconf 89' lang='lat' dir='ltr'>de</span> <span class='ocrx_word' id='word_1_179' title='bbox 614 1933 817 1974; x_wconf 84' lang='lat' dir='ltr'>Garduno</span> <span class='ocrx_word' id='word_1_180' title='bbox 857 1933 910 1973; x_wconf 90' lang='lat' dir='ltr'>de</span> <span class='ocrx_word' id='word_1_181' title='bbox 943 1932 1172 1973; x_wconf 90' lang='lat' dir='ltr'>Tridencio</span> <span class='ocrx_word' id='word_1_182' title='bbox 1214 1937 1256 1974; x_wconf 92' lang='lat' dir='ltr'>et</span> <span class='ocrx_word' id='word_1_183' title='bbox 1293 1932 1454 1973; x_wconf 85' lang='lat' dir='ltr'>domini</span> <span class='ocrx_word' id='word_1_184' title='bbox 1486 1931 1605 1972; x_wconf 87' lang='lat' dir='ltr'>Petri</span> <span class='ocrx_word' id='word_1_185' title='bbox 1638 1931 1692 1973; x_wconf 91' lang='lat' dir='ltr'>de</span> <span class='ocrx_word' id='word_1_186' title='bbox 1726 1931 1895 1973; x_wconf 68' lang='lat' dir='ltr'>Ticcisa</span> <span class='ocrx_word' id='word_1_187' title='bbox 1927 1936 1969 1973; x_wconf 87' lang='lat' dir='ltr'>et</span> <span class='ocrx_word' id='word_1_188' title='bbox 2000 1931 2161 1973; x_wconf 89' lang='lat' dir='ltr'>domini</span> <span class='ocrx_word' id='word_1_189' title='bbox 2190 1932 2361 1974; x_wconf 85' lang='lat' dir='ltr'>Rodulfi</span> 
     </span>
     <span class='ocr_line' id='line_1_20' title="bbox 171 2000 2360 2055; baseline 0 -13"><span class='ocrx_word' id='word_1_190' title='bbox 171 2002 222 2042; x_wconf 91' lang='lat' dir='ltr'>de</span> <span class='ocrx_word' id='word_1_191' title='bbox 256 2003 498 2043; x_wconf 86' lang='lat' dir='ltr'>Zanebonis</span> <span class='ocrx_word' id='word_1_192' title='bbox 533 2008 574 2043; x_wconf 86' lang='lat' dir='ltr'>et</span> <span class='ocrx_word' id='word_1_193' title='bbox 606 2003 765 2043; x_wconf 89' lang='lat' dir='ltr'>domini</span> <span class='ocrx_word' id='word_1_194' title='bbox 797 2002 985 2043; x_wconf 82' lang='lat' dir='ltr'>Ysacchi</span> <span class='ocrx_word' id='word_1_195' title='bbox 1016 2002 1069 2042; x_wconf 89' lang='lat' dir='ltr'>de</span> <span class='ocrx_word' id='word_1_196' title='bbox 1101 2001 1291 2042; x_wconf 89' lang='lat' dir='ltr'>Dovaria</span> <span class='ocrx_word' id='word_1_197' title='bbox 1332 2005 1375 2042; x_wconf 92' lang='lat' dir='ltr'>et</span> <span class='ocrx_word' id='word_1_198' title='bbox 1407 2001 1563 2042; x_wconf 91' lang='lat' dir='ltr'>domini</span> <span class='ocrx_word' id='word_1_199' title='bbox 1600 2000 1800 2055; x_wconf 81' lang='lat' dir='ltr'>Gregorii</span> <span class='ocrx_word' id='word_1_200' title='bbox 1832 2001 1885 2042; x_wconf 89' lang='lat' dir='ltr'>de</span> <span class='ocrx_word' id='word_1_201' title='bbox 1918 2001 2092 2042; x_wconf 86' lang='lat' dir='ltr'>Persico</span> <span class='ocrx_word' id='word_1_202' title='bbox 2125 2005 2168 2042; x_wconf 89' lang='lat' dir='ltr'>et</span> <span class='ocrx_word' id='word_1_203' title='bbox 2200 2001 2360 2043; x_wconf 90' lang='lat' dir='ltr'>domini</span> 
     </span>
     <span class='ocr_line' id='line_1_21' title="bbox 172 2069 2361 2113; baseline -0.001 -1"><span class='ocrx_word' id='word_1_204' title='bbox 172 2072 340 2112; x_wconf 81' lang='lat' dir='ltr'>Girardi</span> <span class='ocrx_word' id='word_1_205' title='bbox 364 2071 556 2113; x_wconf 80' lang='lat' dir='ltr'>Manarie</span> <span class='ocrx_word' id='word_1_206' title='bbox 590 2077 631 2112; x_wconf 90' lang='lat' dir='ltr'>et</span> <span class='ocrx_word' id='word_1_207' title='bbox 660 2072 862 2112; x_wconf 80' lang='lat' dir='ltr'>Iohannis</span> <span class='ocrx_word' id='word_1_208' title='bbox 896 2071 947 2112; x_wconf 90' lang='lat' dir='ltr'>de</span> <span class='ocrx_word' id='word_1_209' title='bbox 977 2072 1152 2112; x_wconf 86' lang='lat' dir='ltr'>Torlino</span> <span class='ocrx_word' id='word_1_210' title='bbox 1186 2076 1229 2112; x_wconf 91' lang='lat' dir='ltr'>et</span> <span class='ocrx_word' id='word_1_211' title='bbox 1261 2070 1420 2112; x_wconf 91' lang='lat' dir='ltr'>domini</span> <span class='ocrx_word' id='word_1_212' title='bbox 1443 2070 1647 2111; x_wconf 83' lang='lat' dir='ltr'>Iohannis</span> <span class='ocrx_word' id='word_1_213' title='bbox 1679 2069 1732 2111; x_wconf 89' lang='lat' dir='ltr'>de</span> <span class='ocrx_word' id='word_1_214' title='bbox 1757 2069 1932 2110; x_wconf 83' lang='lat' dir='ltr'>Summo</span> <span class='ocrx_word' id='word_1_215' title='bbox 1957 2073 2000 2111; x_wconf 90' lang='lat' dir='ltr'>et</span> <span class='ocrx_word' id='word_1_216' title='bbox 2021 2070 2226 2111; x_wconf 86' lang='lat' dir='ltr'>Iohannis</span> <span class='ocrx_word' id='word_1_217' title='bbox 2250 2070 2361 2111; x_wconf 92' lang='lat' dir='ltr'>Belli</span> 
     </span>
     <span class='ocr_line' id='line_1_22' title="bbox 172 2139 2431 2196; baseline -0.001 -16"><span class='ocrx_word' id='word_1_218' title='bbox 172 2141 342 2181; x_wconf 66' lang='lat' dir='ltr'>Carfale</span> <span class='ocrx_word' id='word_1_219' title='bbox 377 2147 419 2182; x_wconf 92' lang='lat' dir='ltr'>et</span> <span class='ocrx_word' id='word_1_220' title='bbox 452 2141 668 2182; x_wconf 87' lang='lat' dir='ltr'>Guazonis</span> <span class='ocrx_word' id='word_1_221' title='bbox 700 2140 824 2196; x_wconf 85' lang='lat' dir='ltr'>Euge</span> <span class='ocrx_word' id='word_1_222' title='bbox 859 2145 901 2181; x_wconf 92' lang='lat' dir='ltr'>et</span> <span class='ocrx_word' id='word_1_223' title='bbox 933 2140 1092 2181; x_wconf 88' lang='lat' dir='ltr'>domini</span> <span class='ocrx_word' id='word_1_224' title='bbox 1126 2140 1250 2181; x_wconf 89' lang='lat' dir='ltr'>Obici</span> <span class='ocrx_word' id='word_1_225' title='bbox 1283 2140 1552 2180; x_wconf 87' lang='lat' dir='ltr'>rationatoris</span> <span class='ocrx_word' id='word_1_226' title='bbox 1587 2143 1630 2180; x_wconf 88' lang='lat' dir='ltr'>et</span> <span class='ocrx_word' id='word_1_227' title='bbox 1662 2139 1843 2179; x_wconf 89' lang='lat' dir='ltr'>aliorum</span> <span class='ocrx_word' id='word_1_228' title='bbox 1875 2139 2119 2181; x_wconf 89' lang='lat' dir='ltr'>multorum.</span> <span class='ocrx_word' id='word_1_229' title='bbox 2399 2153 2431 2178; x_wconf 83' lang='lat'>20</span> 
     </span>
    </p>

    <p class='ocr_par' dir='ltr' id='par_1_7' title="bbox 171 2207 2426 3573">
     <span class='ocr_line' id='line_1_23' title="bbox 314 2207 2358 2265; baseline -0 -16"><span class='ocrx_word' id='word_1_230' title='bbox 314 2210 362 2249; x_wconf 88' lang='lat' dir='ltr'>In</span> <span class='ocrx_word' id='word_1_231' title='bbox 396 2210 569 2265; x_wconf 88' lang='lat' dir='ltr'>publica</span> <span class='ocrx_word' id='word_1_232' title='bbox 602 2211 808 2250; x_wconf 85' lang='lat' dir='ltr'>concione</span> <span class='ocrx_word' id='word_1_233' title='bbox 841 2211 881 2250; x_wconf 90' lang='lat' dir='ltr'>in</span> <span class='ocrx_word' id='word_1_234' title='bbox 915 2211 1060 2265; x_wconf 88' lang='lat' dir='ltr'>platea</span> <span class='ocrx_word' id='word_1_235' title='bbox 1093 2210 1242 2250; x_wconf 89' lang='lat' dir='ltr'>maiori</span> <span class='ocrx_word' id='word_1_236' title='bbox 1276 2208 1491 2250; x_wconf 81' lang='lat' dir='ltr'>Cremone</span> <span class='ocrx_word' id='word_1_237' title='bbox 1526 2211 1674 2248; x_wconf 89' lang='lat' dir='ltr'>sonata</span> <span class='ocrx_word' id='word_1_238' title='bbox 1697 2207 1749 2248; x_wconf 90' lang='lat' dir='ltr'>ad</span> <span class='ocrx_word' id='word_1_239' title='bbox 1773 2221 2026 2263; x_wconf 85' lang='lat' dir='ltr'>campanam</span> <span class='ocrx_word' id='word_1_240' title='bbox 2050 2212 2092 2249; x_wconf 89' lang='lat' dir='ltr'>et</span> <span class='ocrx_word' id='word_1_241' title='bbox 2115 2207 2358 2249; x_wconf 88' lang='lat' dir='ltr'>coadunata</span> 
     </span>
     <span class='ocr_line' id='line_1_24' title="bbox 171 2275 2360 2332; baseline -0 -15"><span class='ocrx_word' id='word_1_242' title='bbox 171 2292 247 2332; x_wconf 85' lang='lat' dir='ltr'>per</span> <span class='ocrx_word' id='word_1_243' title='bbox 289 2279 495 2319; x_wconf 87' lang='lat' dir='ltr'>correrios</span> <span class='ocrx_word' id='word_1_244' title='bbox 538 2278 773 2324; x_wconf 72' lang='lat' dir='ltr'>cremone,</span> <span class='ocrx_word' id='word_1_245' title='bbox 817 2292 960 2319; x_wconf 87' lang='lat' dir='ltr'>coram</span> <span class='ocrx_word' id='word_1_246' title='bbox 1002 2278 1174 2318; x_wconf 89' lang='lat' dir='ltr'>domino</span> <span class='ocrx_word' id='word_1_247' title='bbox 1218 2277 1450 2318; x_wconf 84' lang='lat' dir='ltr'>Guilielmo</span> <span class='ocrx_word' id='word_1_248' title='bbox 1489 2277 1688 2317; x_wconf 90' lang='lat' dir='ltr'>Mastalio</span> <span class='ocrx_word' id='word_1_249' title='bbox 1733 2280 1775 2317; x_wconf 90' lang='lat' dir='ltr'>et</span> <span class='ocrx_word' id='word_1_250' title='bbox 1817 2275 1989 2317; x_wconf 90' lang='lat' dir='ltr'>domino</span> <span class='ocrx_word' id='word_1_251' title='bbox 2033 2275 2266 2317; x_wconf 80' lang='lat' dir='ltr'>Guilielmo</span> <span class='ocrx_word' id='word_1_252' title='bbox 2307 2275 2360 2317; x_wconf 90' lang='lat' dir='ltr'>de</span> 
     </span>
     <span class='ocr_line' id='line_1_25' title="bbox 171 2345 2359 2402; baseline -0 -16"><span class='ocrx_word' id='word_1_253' title='bbox 171 2347 346 2387; x_wconf 84' lang='lat' dir='ltr'>Persico</span> <span class='ocrx_word' id='word_1_254' title='bbox 382 2353 422 2387; x_wconf 88' lang='lat' dir='ltr'>et</span> <span class='ocrx_word' id='word_1_255' title='bbox 455 2347 625 2388; x_wconf 90' lang='lat' dir='ltr'>domino</span> <span class='ocrx_word' id='word_1_256' title='bbox 658 2347 904 2388; x_wconf 86' lang='lat' dir='ltr'>Lanfranco</span> <span class='ocrx_word' id='word_1_257' title='bbox 938 2346 1136 2402; x_wconf 76' lang='lat' dir='ltr'>Oldoyno</span> <span class='ocrx_word' id='word_1_258' title='bbox 1170 2351 1212 2387; x_wconf 88' lang='lat' dir='ltr'>et</span> <span class='ocrx_word' id='word_1_259' title='bbox 1244 2346 1416 2387; x_wconf 89' lang='lat' dir='ltr'>domino</span> <span class='ocrx_word' id='word_1_260' title='bbox 1450 2345 1632 2386; x_wconf 89' lang='lat' dir='ltr'>Alberto</span> <span class='ocrx_word' id='word_1_261' title='bbox 1665 2345 1717 2386; x_wconf 91' lang='lat' dir='ltr'>de</span> <span class='ocrx_word' id='word_1_262' title='bbox 1750 2345 1990 2396; x_wconf 70' lang='lat' dir='ltr'>Malabom,</span> <span class='ocrx_word' id='word_1_263' title='bbox 2035 2350 2135 2386; x_wconf 87' lang='lat' dir='ltr'>tunc</span> <span class='ocrx_word' id='word_1_264' title='bbox 2168 2345 2359 2386; x_wconf 84' lang='lat' dir='ltr'>existen-</span> 
     </span>
     <span class='ocr_line' id='line_1_26' title="bbox 171 2413 2358 2469; baseline -0 -14"><span class='ocrx_word' id='word_1_265' title='bbox 171 2416 285 2456; x_wconf 75' lang='lat' dir='ltr'>tibus</span> <span class='ocrx_word' id='word_1_266' title='bbox 321 2417 567 2457; x_wconf 81' lang='lat' dir='ltr'>consulibus</span> <span class='ocrx_word' id='word_1_267' title='bbox 602 2418 836 2457; x_wconf 90' lang='lat' dir='ltr'>communis</span> <span class='ocrx_word' id='word_1_268' title='bbox 870 2416 1097 2465; x_wconf 76' lang='lat' dir='ltr'>Cremone,</span> <span class='ocrx_word' id='word_1_269' title='bbox 1129 2415 1327 2456; x_wconf 88' lang='lat' dir='ltr'>dominus</span> <span class='ocrx_word' id='word_1_270' title='bbox 1362 2415 1568 2456; x_wconf 89' lang='lat' dir='ltr'>Albertus</span> <span class='ocrx_word' id='word_1_271' title='bbox 1594 2414 1786 2455; x_wconf 84' lang='lat' dir='ltr'>Strusius</span> <span class='ocrx_word' id='word_1_272' title='bbox 1819 2414 2053 2469; x_wconf 88' lang='lat' dir='ltr'>imperialis</span> <span class='ocrx_word' id='word_1_273' title='bbox 2076 2415 2190 2455; x_wconf 89' lang='lat' dir='ltr'>curie</span> <span class='ocrx_word' id='word_1_274' title='bbox 2212 2413 2358 2465; x_wconf 70' lang='lat' dir='ltr'>iudex,</span> 
     </span>
     <span class='ocr_line' id='line_1_27' title="bbox 171 2482 2425 2540; baseline 0 -18"><span class='ocrx_word' id='word_1_275' title='bbox 171 2486 388 2526; x_wconf 82' lang='lat' dir='ltr'>voluntate</span> <span class='ocrx_word' id='word_1_276' title='bbox 429 2491 470 2526; x_wconf 87' lang='lat' dir='ltr'>et</span> <span class='ocrx_word' id='word_1_277' title='bbox 512 2486 719 2540; x_wconf 89' lang='lat' dir='ltr'>parabola</span> <span class='ocrx_word' id='word_1_278' title='bbox 756 2500 804 2526; x_wconf 92' lang='lat' dir='ltr'>ac</span> <span class='ocrx_word' id='word_1_279' title='bbox 849 2486 966 2526; x_wconf 86' lang='lat' dir='ltr'>iussu</span> <span class='ocrx_word' id='word_1_280' title='bbox 1005 2489 1048 2526; x_wconf 94' lang='lat' dir='ltr'>et</span> <span class='ocrx_word' id='word_1_281' title='bbox 1090 2485 1313 2540; x_wconf 82' lang='lat' dir='ltr'>presentia</span> <span class='ocrx_word' id='word_1_282' title='bbox 1353 2484 1515 2525; x_wconf 88' lang='lat' dir='ltr'>domini</span> <span class='ocrx_word' id='word_1_283' title='bbox 1556 2483 1776 2524; x_wconf 83' lang='lat' dir='ltr'>Frederici</span> <span class='ocrx_word' id='word_1_284' title='bbox 1820 2482 1904 2524; x_wconf 94' lang='lat' dir='ltr'>Dei</span> <span class='ocrx_word' id='word_1_285' title='bbox 1945 2483 2085 2537; x_wconf 88' lang='lat' dir='ltr'>gratia</span> <span class='ocrx_word' id='word_1_286' title='bbox 2115 2482 2356 2523; x_wconf 82' lang='lat' dir='ltr'>Tridentini</span> <span class='ocrx_word' id='word_1_287' title='bbox 2393 2502 2425 2528; x_wconf 81' lang='lat'>25</span> 
     </span>
     <span class='ocr_line' id='line_1_28' title="bbox 172 2551 2358 2609; baseline -0 -16"><span class='ocrx_word' id='word_1_288' title='bbox 172 2555 361 2609; x_wconf 81' lang='lat' dir='ltr'>episcopi</span> <span class='ocrx_word' id='word_1_289' title='bbox 400 2569 446 2594; x_wconf 90' lang='lat' dir='ltr'>ac</span> <span class='ocrx_word' id='word_1_290' title='bbox 488 2555 643 2608; x_wconf 86' lang='lat' dir='ltr'>regalis</span> <span class='ocrx_word' id='word_1_291' title='bbox 688 2555 802 2595; x_wconf 89' lang='lat' dir='ltr'>curie</span> <span class='ocrx_word' id='word_1_292' title='bbox 835 2554 918 2595; x_wconf 92' lang='lat' dir='ltr'>Dei</span> <span class='ocrx_word' id='word_1_293' title='bbox 961 2554 1100 2608; x_wconf 88' lang='lat' dir='ltr'>gratia</span> <span class='ocrx_word' id='word_1_294' title='bbox 1139 2553 1360 2594; x_wconf 85' lang='lat' dir='ltr'>Frederici</span> <span class='ocrx_word' id='word_1_295' title='bbox 1392 2553 1686 2593; x_wconf 85' lang='lat' dir='ltr'>Romanorum</span> <span class='ocrx_word' id='word_1_296' title='bbox 1728 2552 1844 2606; x_wconf 89' lang='lat' dir='ltr'>regis</span> <span class='ocrx_word' id='word_1_297' title='bbox 1886 2552 2030 2593; x_wconf 88' lang='lat' dir='ltr'>ellecti</span> <span class='ocrx_word' id='word_1_298' title='bbox 2063 2551 2209 2593; x_wconf 88' lang='lat' dir='ltr'>vicarii</span> <span class='ocrx_word' id='word_1_299' title='bbox 2242 2555 2284 2592; x_wconf 91' lang='lat' dir='ltr'>et</span> <span class='ocrx_word' id='word_1_300' title='bbox 2315 2552 2358 2592; x_wconf 91' lang='lat' dir='ltr'>in</span> 
     </span>
     <span class='ocr_line' id='line_1_29' title="bbox 172 2621 2356 2678; baseline -0.001 -16"><span class='ocrx_word' id='word_1_301' title='bbox 172 2622 429 2663; x_wconf 83' lang='lat' dir='ltr'>Lumbardia</span> <span class='ocrx_word' id='word_1_302' title='bbox 472 2625 623 2678; x_wconf 84' lang='lat' dir='ltr'>legati.</span> <span class='ocrx_word' id='word_1_303' title='bbox 669 2629 767 2665; x_wconf 88' lang='lat' dir='ltr'>ante</span> <span class='ocrx_word' id='word_1_304' title='bbox 807 2624 945 2678; x_wconf 92' lang='lat' dir='ltr'>ipsum</span> <span class='ocrx_word' id='word_1_305' title='bbox 979 2623 1183 2663; x_wconf 85' lang='lat' dir='ltr'>vicarium</span> <span class='ocrx_word' id='word_1_306' title='bbox 1218 2627 1261 2663; x_wconf 93' lang='lat' dir='ltr'>et</span> <span class='ocrx_word' id='word_1_307' title='bbox 1291 2622 1484 2676; x_wconf 89' lang='lat' dir='ltr'>legatum</span> <span class='ocrx_word' id='word_1_308' title='bbox 1520 2621 1714 2662; x_wconf 80' lang='lat' dir='ltr'>existens</span> <span class='ocrx_word' id='word_1_309' title='bbox 1747 2621 1889 2675; x_wconf 89' lang='lat' dir='ltr'>palam</span> <span class='ocrx_word' id='word_1_310' title='bbox 1923 2624 1965 2661; x_wconf 89' lang='lat' dir='ltr'>et</span> <span class='ocrx_word' id='word_1_311' title='bbox 1997 2621 2086 2660; x_wconf 88' lang='lat' dir='ltr'>alta</span> <span class='ocrx_word' id='word_1_312' title='bbox 2117 2633 2222 2660; x_wconf 86' lang='lat' dir='ltr'>voce</span> <span class='ocrx_word' id='word_1_313' title='bbox 2256 2634 2356 2660; x_wconf 90' lang='lat' dir='ltr'>con-</span> 
     </span>
     <span class='ocr_line' id='line_1_30' title="bbox 173 2688 2360 2747; baseline -0 -18"><span class='ocrx_word' id='word_1_314' title='bbox 173 2693 380 2733; x_wconf 72' lang='lat' dir='ltr'>cionando</span> <span class='ocrx_word' id='word_1_315' title='bbox 425 2692 552 2734; x_wconf 80' lang='lat' dir='ltr'>dixit.</span> <span class='ocrx_word' id='word_1_316' title='bbox 596 2693 708 2747; x_wconf 93' lang='lat' dir='ltr'>quod</span> <span class='ocrx_word' id='word_1_317' title='bbox 747 2694 787 2733; x_wconf 92' lang='lat' dir='ltr'>in</span> <span class='ocrx_word' id='word_1_318' title='bbox 828 2706 877 2733; x_wconf 89' lang='lat' dir='ltr'>eo</span> <span class='ocrx_word' id='word_1_319' title='bbox 921 2693 1000 2733; x_wconf 90' lang='lat' dir='ltr'>hec</span> <span class='ocrx_word' id='word_1_320' title='bbox 1034 2693 1167 2733; x_wconf 82' lang='lat' dir='ltr'>verba</span> <span class='ocrx_word' id='word_1_321' title='bbox 1205 2690 1389 2732; x_wconf 87' lang='lat' dir='ltr'>dicenda</span> <span class='ocrx_word' id='word_1_322' title='bbox 1434 2691 1710 2731; x_wconf 80' lang='lat' dir='ltr'>commiserat</span> <span class='ocrx_word' id='word_1_323' title='bbox 1741 2694 1784 2729; x_wconf 87' lang='lat' dir='ltr'>et</span> <span class='ocrx_word' id='word_1_324' title='bbox 1817 2703 1938 2729; x_wconf 92' lang='lat' dir='ltr'>suum</span> <span class='ocrx_word' id='word_1_325' title='bbox 1971 2689 2173 2729; x_wconf 87' lang='lat' dir='ltr'>nuncium</span> <span class='ocrx_word' id='word_1_326' title='bbox 2206 2689 2248 2729; x_wconf 93' lang='lat' dir='ltr'>in</span> <span class='ocrx_word' id='word_1_327' title='bbox 2280 2688 2360 2729; x_wconf 90' lang='lat' dir='ltr'>hoc</span> 
     </span>
     <span class='ocr_line' id='line_1_31' title="bbox 173 2757 2354 2816; baseline -0.001 -16"><span class='ocrx_word' id='word_1_328' title='bbox 173 2774 267 2801; x_wconf 87' lang='lat' dir='ltr'>eum</span> <span class='ocrx_word' id='word_1_329' title='bbox 300 2761 475 2802; x_wconf 85' lang='lat' dir='ltr'>fecerat.</span> <span class='ocrx_word' id='word_1_330' title='bbox 511 2767 551 2802; x_wconf 89' lang='lat' dir='ltr'>et</span> <span class='ocrx_word' id='word_1_331' title='bbox 584 2762 732 2803; x_wconf 88' lang='lat' dir='ltr'>dicens</span> <span class='ocrx_word' id='word_1_332' title='bbox 767 2762 826 2802; x_wconf 87' lang='lat' dir='ltr'>ita</span> <span class='ocrx_word' id='word_1_333' title='bbox 848 2761 961 2816; x_wconf 90' lang='lat' dir='ltr'>quod</span> <span class='ocrx_word' id='word_1_334' title='bbox 984 2774 1086 2816; x_wconf 88' lang='lat' dir='ltr'>sepe</span> <span class='ocrx_word' id='word_1_335' title='bbox 1110 2759 1276 2801; x_wconf 81' lang='lat' dir='ltr'>dictusb</span> <span class='ocrx_word' id='word_1_336' title='bbox 1311 2759 1508 2800; x_wconf 89' lang='lat' dir='ltr'>dominus</span> <span class='ocrx_word' id='word_1_337' title='bbox 1534 2759 1760 2814; x_wconf 84' lang='lat' dir='ltr'>episcopus</span> <span class='ocrx_word' id='word_1_338' title='bbox 1785 2762 1827 2799; x_wconf 94' lang='lat' dir='ltr'>et</span> <span class='ocrx_word' id='word_1_339' title='bbox 1849 2759 2008 2812; x_wconf 85' lang='lat' dir='ltr'>regalis</span> <span class='ocrx_word' id='word_1_340' title='bbox 2033 2758 2148 2798; x_wconf 90' lang='lat' dir='ltr'>curie</span> <span class='ocrx_word' id='word_1_341' title='bbox 2171 2757 2354 2798; x_wconf 89' lang='lat' dir='ltr'>vicarius</span> 
     </span>
     <span class='ocr_line' id='line_1_32' title="bbox 173 2826 2426 2886; baseline -0 -19"><span class='ocrx_word' id='word_1_342' title='bbox 173 2844 225 2869; x_wconf 80' lang='lat' dir='ltr'>ex</span> <span class='ocrx_word' id='word_1_343' title='bbox 260 2830 398 2871; x_wconf 85' lang='lat' dir='ltr'>officio</span> <span class='ocrx_word' id='word_1_344' title='bbox 432 2832 590 2872; x_wconf 77' lang='lat' dir='ltr'>vicarie</span> <span class='ocrx_word' id='word_1_345' title='bbox 626 2845 706 2886; x_wconf 92' lang='lat' dir='ltr'>quo</span> <span class='ocrx_word' id='word_1_346' title='bbox 740 2831 1000 2885; x_wconf 85' lang='lat' dir='ltr'>fungebatur</span> <span class='ocrx_word' id='word_1_347' title='bbox 1033 2834 1076 2870; x_wconf 88' lang='lat' dir='ltr'>et</span> <span class='ocrx_word' id='word_1_348' title='bbox 1108 2829 1338 2884; x_wconf 81' lang='lat' dir='ltr'>legationis</span> <span class='ocrx_word' id='word_1_349' title='bbox 1373 2833 1416 2869; x_wconf 93' lang='lat' dir='ltr'>et</span> <span class='ocrx_word' id='word_1_350' title='bbox 1448 2842 1504 2869; x_wconf 78' lang='lat' dir='ltr'>ex</span> <span class='ocrx_word' id='word_1_351' title='bbox 1537 2841 1615 2868; x_wconf 88' lang='lat' dir='ltr'>sua</span> <span class='ocrx_word' id='word_1_352' title='bbox 1645 2831 1767 2882; x_wconf 89' lang='lat' dir='ltr'>parte</span> <span class='ocrx_word' id='word_1_353' title='bbox 1791 2832 1834 2868; x_wconf 92' lang='lat' dir='ltr'>et</span> <span class='ocrx_word' id='word_1_354' title='bbox 1856 2841 1911 2868; x_wconf 86' lang='lat' dir='ltr'>ex</span> <span class='ocrx_word' id='word_1_355' title='bbox 1934 2830 2055 2881; x_wconf 88' lang='lat' dir='ltr'>parte</span> <span class='ocrx_word' id='word_1_356' title='bbox 2079 2826 2195 2880; x_wconf 84' lang='lat' dir='ltr'>regie</span> <span class='ocrx_word' id='word_1_357' title='bbox 2219 2826 2353 2866; x_wconf 90' lang='lat' dir='ltr'>maie-</span> <span class='ocrx_word' id='word_1_358' title='bbox 2393 2845 2426 2870; x_wconf 83' lang='lat'>30</span> 
     </span>
     <span class='ocr_line' id='line_1_33' title="bbox 173 2895 2350 2955; baseline -0.002 -17"><span class='ocrx_word' id='word_1_359' title='bbox 173 2900 295 2939; x_wconf 84' lang='lat' dir='ltr'>statis</span> <span class='ocrx_word' id='word_1_360' title='bbox 329 2914 405 2954; x_wconf 87' lang='lat' dir='ltr'>per</span> <span class='ocrx_word' id='word_1_361' title='bbox 437 2914 535 2940; x_wconf 88' lang='lat' dir='ltr'>suas</span> <span class='ocrx_word' id='word_1_362' title='bbox 567 2901 732 2941; x_wconf 85' lang='lat' dir='ltr'>litteras</span> <span class='ocrx_word' id='word_1_363' title='bbox 766 2914 867 2955; x_wconf 86' lang='lat' dir='ltr'>sepe</span> <span class='ocrx_word' id='word_1_364' title='bbox 902 2904 945 2940; x_wconf 92' lang='lat' dir='ltr'>et</span> <span class='ocrx_word' id='word_1_365' title='bbox 977 2900 1120 2954; x_wconf 87' lang='lat' dir='ltr'>sepius</span> <span class='ocrx_word' id='word_1_366' title='bbox 1154 2912 1378 2939; x_wconf 87' lang='lat' dir='ltr'>commune</span> <span class='ocrx_word' id='word_1_367' title='bbox 1412 2897 1647 2938; x_wconf 87' lang='lat' dir='ltr'>Mediolani</span> <span class='ocrx_word' id='word_1_368' title='bbox 1681 2900 1725 2937; x_wconf 93' lang='lat' dir='ltr'>et</span> <span class='ocrx_word' id='word_1_369' title='bbox 1756 2896 1873 2951; x_wconf 89' lang='lat' dir='ltr'>ipsos</span> <span class='ocrx_word' id='word_1_370' title='bbox 1895 2895 2242 2936; x_wconf 88' lang='lat' dir='ltr'>Mediolanenses</span> <span class='ocrx_word' id='word_1_371' title='bbox 2275 2908 2350 2949; x_wconf 91' lang='lat' dir='ltr'>pro</span> 
     </span>
     <span class='ocr_line' id='line_1_34' title="bbox 173 2963 2356 3020; baseline -0.002 -13"><span class='ocrx_word' id='word_1_372' title='bbox 173 2969 381 3008; x_wconf 75' lang='lat' dir='ltr'>communi</span> <span class='ocrx_word' id='word_1_373' title='bbox 417 2974 459 3009; x_wconf 88' lang='lat' dir='ltr'>et</span> <span class='ocrx_word' id='word_1_374' title='bbox 491 2969 627 3009; x_wconf 82' lang='lat' dir='ltr'>diviso</span> <span class='ocrx_word' id='word_1_375' title='bbox 672 2969 997 3018; x_wconf 77' lang='lat' dir='ltr'>sollicitaverat,</span> <span class='ocrx_word' id='word_1_376' title='bbox 1038 2972 1085 3007; x_wconf 96' lang='lat' dir='ltr'>ut</span> <span class='ocrx_word' id='word_1_377' title='bbox 1122 2968 1347 3008; x_wconf 84' lang='lat' dir='ltr'>universos</span> <span class='ocrx_word' id='word_1_378' title='bbox 1380 2966 1639 3020; x_wconf 85' lang='lat' dir='ltr'>Papienses‚</span> <span class='ocrx_word' id='word_1_379' title='bbox 1681 2978 1785 3019; x_wconf 89' lang='lat' dir='ltr'>quos</span> <span class='ocrx_word' id='word_1_380' title='bbox 1818 2964 1975 3004; x_wconf 88' lang='lat' dir='ltr'>iniuste</span> <span class='ocrx_word' id='word_1_381' title='bbox 2008 2963 2206 3004; x_wconf 90' lang='lat' dir='ltr'>detrusos</span> <span class='ocrx_word' id='word_1_382' title='bbox 2239 2967 2284 3004; x_wconf 90' lang='lat' dir='ltr'>et</span> <span class='ocrx_word' id='word_1_383' title='bbox 2314 2963 2356 3002; x_wconf 91' lang='lat' dir='ltr'>in</span> 
     </span>
     <span class='ocr_line' id='line_1_35' title="bbox 173 3032 2357 3091; baseline -0.001 -18"><span class='ocrx_word' id='word_1_384' title='bbox 173 3038 413 3077; x_wconf 60' lang='lat' dir='ltr'>carceribus</span> <span class='ocrx_word' id='word_1_385' title='bbox 452 3037 720 3080; x_wconf 77' lang='lat' dir='ltr'>detinebant,</span> <span class='ocrx_word' id='word_1_386' title='bbox 762 3037 923 3091; x_wconf 89' lang='lat' dir='ltr'>absque</span> <span class='ocrx_word' id='word_1_387' title='bbox 965 3037 1108 3091; x_wconf 88' lang='lat' dir='ltr'>aliquo</span> <span class='ocrx_word' id='word_1_388' title='bbox 1147 3035 1395 3090; x_wconf 86' lang='lat' dir='ltr'>gravamine</span> <span class='ocrx_word' id='word_1_389' title='bbox 1435 3034 1700 3075; x_wconf 89' lang='lat' dir='ltr'>dimitterent</span> <span class='ocrx_word' id='word_1_390' title='bbox 1737 3037 1780 3073; x_wconf 91' lang='lat' dir='ltr'>et</span> <span class='ocrx_word' id='word_1_391' title='bbox 1825 3033 1939 3088; x_wconf 86' lang='lat' dir='ltr'>quod</span> <span class='ocrx_word' id='word_1_392' title='bbox 1977 3032 2030 3074; x_wconf 90' lang='lat' dir='ltr'>de</span> <span class='ocrx_word' id='word_1_393' title='bbox 2064 3035 2208 3073; x_wconf 82' lang='lat' dir='ltr'>cetero</span> <span class='ocrx_word' id='word_1_394' title='bbox 2241 3032 2357 3086; x_wconf 89' lang='lat' dir='ltr'>ipsos</span> 
     </span>
     <span class='ocr_line' id='line_1_36' title="bbox 172 3100 2354 3161; baseline -0.002 -16"><span class='ocrx_word' id='word_1_395' title='bbox 172 3106 409 3160; x_wconf 71' lang='lat' dir='ltr'>papienses</span> <span class='ocrx_word' id='word_1_396' title='bbox 441 3121 516 3161; x_wconf 89' lang='lat' dir='ltr'>pro</span> <span class='ocrx_word' id='word_1_397' title='bbox 550 3107 761 3147; x_wconf 84' lang='lat' dir='ltr'>communi</span> <span class='ocrx_word' id='word_1_398' title='bbox 802 3120 940 3160; x_wconf 91' lang='lat' dir='ltr'>neque</span> <span class='ocrx_word' id='word_1_399' title='bbox 980 3119 1056 3160; x_wconf 92' lang='lat' dir='ltr'>pro</span> <span class='ocrx_word' id='word_1_400' title='bbox 1089 3105 1226 3145; x_wconf 87' lang='lat' dir='ltr'>diviso</span> <span class='ocrx_word' id='word_1_401' title='bbox 1266 3104 1557 3158; x_wconf 86' lang='lat' dir='ltr'>inquietarent</span> <span class='ocrx_word' id='word_1_402' title='bbox 1588 3115 1668 3143; x_wconf 92' lang='lat' dir='ltr'>nec</span> <span class='ocrx_word' id='word_1_403' title='bbox 1700 3102 1887 3157; x_wconf 88' lang='lat' dir='ltr'>aliquam</span> <span class='ocrx_word' id='word_1_404' title='bbox 1919 3115 2119 3155; x_wconf 87' lang='lat' dir='ltr'>guerram</span> <span class='ocrx_word' id='word_1_405' title='bbox 2150 3101 2192 3141; x_wconf 91' lang='lat' dir='ltr'>in</span> <span class='ocrx_word' id='word_1_406' title='bbox 2223 3100 2354 3141; x_wconf 83' lang='lat' dir='ltr'>Lom-</span> 
     </span>
     <span class='ocr_line' id='line_1_37' title="bbox 173 3169 2419 3229; baseline -0 -19"><span class='ocrx_word' id='word_1_407' title='bbox 173 3174 362 3214; x_wconf 79' lang='lat' dir='ltr'>bardiam</span> <span class='ocrx_word' id='word_1_408' title='bbox 395 3174 668 3221; x_wconf 66' lang='lat' dir='ltr'>inducerentf.</span> <span class='ocrx_word' id='word_1_409' title='bbox 702 3176 804 3215; x_wconf 86' lang='lat' dir='ltr'>item</span> <span class='ocrx_word' id='word_1_410' title='bbox 838 3174 948 3229; x_wconf 89' lang='lat' dir='ltr'>quod</span> <span class='ocrx_word' id='word_1_411' title='bbox 980 3188 1058 3228; x_wconf 90' lang='lat' dir='ltr'>per</span> <span class='ocrx_word' id='word_1_412' title='bbox 1090 3187 1190 3214; x_wconf 87' lang='lat' dir='ltr'>suas</span> <span class='ocrx_word' id='word_1_413' title='bbox 1224 3173 1392 3213; x_wconf 88' lang='lat' dir='ltr'>litteras</span> <span class='ocrx_word' id='word_1_414' title='bbox 1427 3177 1470 3213; x_wconf 92' lang='lat' dir='ltr'>et</span> <span class='ocrx_word' id='word_1_415' title='bbox 1501 3172 1681 3212; x_wconf 89' lang='lat' dir='ltr'>nuncios</span> <span class='ocrx_word' id='word_1_416' title='bbox 1716 3184 1819 3225; x_wconf 90' lang='lat' dir='ltr'>sepe</span> <span class='ocrx_word' id='word_1_417' title='bbox 1843 3173 2141 3210; x_wconf 86' lang='lat' dir='ltr'>ammonuerat</span> <span class='ocrx_word' id='word_1_418' title='bbox 2165 3169 2346 3210; x_wconf 89' lang='lat' dir='ltr'>Placen·</span> <span class='ocrx_word' id='word_1_419' title='bbox 2388 3189 2419 3213; x_wconf 78' lang='lat'>35</span> 
     </span>
     <span class='ocr_line' id='line_1_38' title="bbox 174 3237 2352 3295; baseline -0.002 -14"><span class='ocrx_word' id='word_1_420' title='bbox 174 3243 294 3282; x_wconf 64' lang='lat' dir='ltr'>tinus.</span> <span class='ocrx_word' id='word_1_421' title='bbox 318 3243 586 3295; x_wconf 50' lang='lat' dir='ltr'>laudenses,</span> <span class='ocrx_word' id='word_1_422' title='bbox 605 3242 859 3294; x_wconf 76' lang='lat' dir='ltr'>CumenseS‚</span> <span class='ocrx_word' id='word_1_423' title='bbox 881 3242 1153 3293; x_wconf 65' lang='lat' dir='ltr'>Cremenaes,</span> <span class='ocrx_word' id='word_1_424' title='bbox 1172 3241 1474 3292; x_wconf 86' lang='lat' dir='ltr'>Novarienses‚</span> <span class='ocrx_word' id='word_1_425' title='bbox 1494 3240 1812 3290; x_wconf 79' lang='lat' dir='ltr'>vercellenses,</span> <span class='ocrx_word' id='word_1_426' title='bbox 1832 3238 2136 3289; x_wconf 79' lang='lat' dir='ltr'>Tertonenses,</span> <span class='ocrx_word' id='word_1_427' title='bbox 2158 3237 2352 3278; x_wconf 83' lang='lat' dir='ltr'>Alexan-</span> 
     </span>
     <span class='ocr_line' id='line_1_39' title="bbox 174 3305 2348 3366; baseline -0.002 -16"><span class='ocrx_word' id='word_1_428' title='bbox 174 3311 313 3351; x_wconf 74' lang='lat' dir='ltr'>‹lrinos</span> <span class='ocrx_word' id='word_1_429' title='bbox 348 3327 420 3366; x_wconf 85' lang='lat' dir='ltr'>pro</span> <span class='ocrx_word' id='word_1_430' title='bbox 454 3314 666 3353; x_wconf 90' lang='lat' dir='ltr'>communi</span> <span class='ocrx_word' id='word_1_431' title='bbox 701 3317 742 3353; x_wconf 89' lang='lat' dir='ltr'>et</span> <span class='ocrx_word' id='word_1_432' title='bbox 782 3312 917 3353; x_wconf 90' lang='lat' dir='ltr'>diviso</span> <span class='ocrx_word' id='word_1_433' title='bbox 952 3317 994 3352; x_wconf 89' lang='lat' dir='ltr'>et</span> <span class='ocrx_word' id='word_1_434' title='bbox 1027 3312 1225 3352; x_wconf 88' lang='lat' dir='ltr'>comitem</span> <span class='ocrx_word' id='word_1_435' title='bbox 1258 3310 1459 3365; x_wconf 85' lang='lat' dir='ltr'>Egidium</span> <span class='ocrx_word' id='word_1_436' title='bbox 1493 3309 1635 3350; x_wconf 82' lang='lat' dir='ltr'>Ourtis</span> <span class='ocrx_word' id='word_1_437' title='bbox 1668 3308 1790 3349; x_wconf 89' lang='lat' dir='ltr'>Nove</span> <span class='ocrx_word' id='word_1_438' title='bbox 1825 3312 1867 3348; x_wconf 90' lang='lat' dir='ltr'>et</span> <span class='ocrx_word' id='word_1_439' title='bbox 1899 3308 2096 3348; x_wconf 87' lang='lat' dir='ltr'>comitem</span> <span class='ocrx_word' id='word_1_440' title='bbox 2128 3305 2348 3347; x_wconf 89' lang='lat' dir='ltr'>Narisium</span> 
     </span>
     <span class='ocr_line' id='line_1_40' title="bbox 175 3374 2352 3435; baseline -0.001 -18"><span class='ocrx_word' id='word_1_441' title='bbox 175 3390 215 3419; x_wconf 75' lang='lat' dir='ltr'>ct</span> <span class='ocrx_word' id='word_1_442' title='bbox 250 3381 448 3420; x_wconf 72' lang='lat' dir='ltr'>comitem</span> <span class='ocrx_word' id='word_1_443' title='bbox 482 3382 707 3421; x_wconf 85' lang='lat' dir='ltr'>Albertum</span> <span class='ocrx_word' id='word_1_444' title='bbox 732 3380 950 3433; x_wconf 81' lang='lat' dir='ltr'>Casalolti,</span> <span class='ocrx_word' id='word_1_445' title='bbox 985 3380 1095 3435; x_wconf 91' lang='lat' dir='ltr'>quod</span> <span class='ocrx_word' id='word_1_446' title='bbox 1129 3385 1228 3420; x_wconf 89' lang='lat' dir='ltr'>ante</span> <span class='ocrx_word' id='word_1_447' title='bbox 1262 3380 1399 3434; x_wconf 92' lang='lat' dir='ltr'>ipsum</span> <span class='ocrx_word' id='word_1_448' title='bbox 1433 3377 1692 3419; x_wconf 86' lang='lat' dir='ltr'>accederent</span> <span class='ocrx_word' id='word_1_449' title='bbox 1723 3391 1799 3431; x_wconf 89' lang='lat' dir='ltr'>pro</span> <span class='ocrx_word' id='word_1_450' title='bbox 1833 3374 2039 3416; x_wconf 82' lang='lat' dir='ltr'>faciendis</span> <span class='ocrx_word' id='word_1_451' title='bbox 2071 3374 2352 3415; x_wconf 88' lang='lat' dir='ltr'>fidelitatibus</span> 
     </span>
     <span class='ocr_line' id='line_1_41' title="bbox 174 3444 2351 3504; baseline -0.002 -17"><span class='ocrx_word' id='word_1_452' title='bbox 174 3449 253 3488; x_wconf 86' lang='lat' dir='ltr'>iam</span> <span class='ocrx_word' id='word_1_453' title='bbox 294 3448 408 3487; x_wconf 75' lang='lat' dir='ltr'>dicto</span> <span class='ocrx_word' id='word_1_454' title='bbox 452 3449 621 3489; x_wconf 88' lang='lat' dir='ltr'>domino</span> <span class='ocrx_word' id='word_1_455' title='bbox 664 3450 774 3504; x_wconf 84' lang='lat' dir='ltr'>regi,</span> <span class='ocrx_word' id='word_1_456' title='bbox 819 3454 861 3490; x_wconf 88' lang='lat' dir='ltr'>ct</span> <span class='ocrx_word' id='word_1_457' title='bbox 899 3449 1012 3504; x_wconf 88' lang='lat' dir='ltr'>quod</span> <span class='ocrx_word' id='word_1_458' title='bbox 1051 3449 1214 3488; x_wconf 91' lang='lat' dir='ltr'>nullum</span> <span class='ocrx_word' id='word_1_459' title='bbox 1254 3448 1478 3488; x_wconf 90' lang='lat' dir='ltr'>consilium</span> <span class='ocrx_word' id='word_1_460' title='bbox 1517 3460 1592 3486; x_wconf 89' lang='lat' dir='ltr'>seu</span> <span class='ocrx_word' id='word_1_461' title='bbox 1632 3444 1891 3486; x_wconf 88' lang='lat' dir='ltr'>adiutorium</span> <span class='ocrx_word' id='word_1_462' title='bbox 1924 3457 2000 3484; x_wconf 89' lang='lat' dir='ltr'>seu</span> <span class='ocrx_word' id='word_1_463' title='bbox 2033 3447 2351 3498; x_wconf 87' lang='lat' dir='ltr'>sagramentum</span> 
     </span>
     <span class='ocr_line' id='line_1_42' title="bbox 175 3511 2418 3573; baseline -0 -18"><span class='ocrx_word' id='word_1_464' title='bbox 175 3516 323 3556; x_wconf 73' lang='lat' dir='ltr'>darent</span> <span class='ocrx_word' id='word_1_465' title='bbox 367 3531 503 3571; x_wconf 77' lang='lat' dir='ltr'>neque</span> <span class='ocrx_word' id='word_1_466' title='bbox 547 3518 738 3558; x_wconf 86' lang='lat' dir='ltr'>facerent</span> <span class='ocrx_word' id='word_1_467' title='bbox 780 3519 884 3573; x_wconf 85' lang='lat' dir='ltr'>ipsis</span> <span class='ocrx_word' id='word_1_468' title='bbox 919 3517 1315 3558; x_wconf 85' lang='lat' dir='ltr'>Mediolanensibus</span> <span class='ocrx_word' id='word_1_469' title='bbox 1348 3530 1421 3570; x_wconf 91' lang='lat' dir='ltr'>pro</span> <span class='ocrx_word' id='word_1_470' title='bbox 1454 3513 1694 3556; x_wconf 87' lang='lat' dir='ltr'>inducenda</span> <span class='ocrx_word' id='word_1_471' title='bbox 1727 3527 1881 3568; x_wconf 86' lang='lat' dir='ltr'>guerra</span> <span class='ocrx_word' id='word_1_472' title='bbox 1921 3513 1962 3552; x_wconf 89' lang='lat' dir='ltr'>in</span> <span class='ocrx_word' id='word_1_473' title='bbox 1995 3511 2263 3558; x_wconf 85' lang='lat' dir='ltr'>Lunbardia;</span> <span class='ocrx_word' id='word_1_474' title='bbox 2306 3515 2349 3551; x_wconf 88' lang='lat' dir='ltr'>et</span> <span class='ocrx_word' id='word_1_475' title='bbox 2384 3528 2418 3554; x_wconf 83' lang='lat'>40</span> 
     </span>
    </p>
   </div>
   <div class='ocr_carea' id='block_1_7' title="bbox 309 3629 1026 3673">
    <p class='ocr_par' dir='ltr' id='par_1_8' title="bbox 309 3629 1026 3673">
     <span class='ocr_line' id='line_1_43' title="bbox 309 3629 1026 3673; baseline 0.004 -11"><span class='ocrx_word' id='word_1_476' title='bbox 309 3629 393 3663; x_wconf 76' lang='grc'><strong>451.</strong></span> <span class='ocrx_word' id='word_1_477' title='bbox 424 3630 453 3669; x_wconf 66' lang='lat' dir='ltr'>f)</span> <span class='ocrx_word' id='word_1_478' title='bbox 481 3632 618 3673; x_wconf 77' lang='lat' dir='ltr'>proinde</span> <span class='ocrx_word' id='word_1_479' title='bbox 652 3632 685 3663; x_wconf 82' lang='lat' dir='ltr'>T.</span> <span class='ocrx_word' id='word_1_480' title='bbox 804 3636 836 3673; x_wconf 75' lang='lat'>8)</span> <span class='ocrx_word' id='word_1_481' title='bbox 862 3634 959 3665; x_wconf 85' lang='lat' dir='ltr'>nohis</span> <span class='ocrx_word' id='word_1_482' title='bbox 991 3633 1026 3666; x_wconf 86' lang='lat' dir='ltr'>T.</span> 
     </span>
    </p>
   </div>
   <div class='ocr_carea' id='block_1_8' title="bbox 309 3697 996 3740">
    <p class='ocr_par' dir='ltr' id='par_1_9' title="bbox 309 3697 996 3740">
     <span class='ocr_line' id='line_1_44' title="bbox 309 3697 996 3740; baseline 0 -10"><span class='ocrx_word' id='word_1_483' title='bbox 309 3697 393 3731; x_wconf 67' lang='lat'><strong>45⁸2.</strong></span> <span class='ocrx_word' id='word_1_484' title='bbox 427 3705 455 3730; x_wconf 55' lang='lat' dir='ltr'>as</span> <span class='ocrx_word' id='word_1_485' title='bbox 485 3700 592 3730; x_wconf 72' lang='lat' dir='ltr'>Riccis</span> <span class='ocrx_word' id='word_1_486' title='bbox 622 3699 662 3730; x_wconf 75' lang='lat' dir='ltr'>W.</span> <span class='ocrx_word' id='word_1_487' title='bbox 782 3699 813 3740; x_wconf 77' lang='lat' dir='ltr'>b)</span> <span class='ocrx_word' id='word_1_488' title='bbox 841 3702 925 3733; x_wconf 81' lang='lat' dir='ltr'>dixit</span> <span class='ocrx_word' id='word_1_489' title='bbox 955 3701 996 3732; x_wconf 86' lang='lat' dir='ltr'>W.</span> 
     </span>
    </p>
   </div>
  </div>
 </body>
</html>
