2558 3970
223 175 302 213 393
733 170 947 204 HEINRICI
975 170 1113 204 REGIS
1139 170 1564 203 CONS'rl'rU'rlONES.
1618 171 1713 205 1224.
1761 172 1919 205 N1·.283.
1944 172 2021 205 284.

358 284 412 324 Π.
454 284 534 324 Dei
575 285 719 338 gracia
759 283 1045 324 Romanorum
1093 298 1169 325 rex
1212 289 1253 325 et
1300 298 1469 338 semper
1509 289 1728 338 augustus.
1851 285 1916 325 Ad
1956 285 2159 326 noticiam
2206 286 2395 326 omnium

217 366 394 407 presens
429 353 630 406 scriptum
664 353 927 393 intuencium
962 353 1188 406 pervenire
1214 354 1425 403 volumus,
1458 352 1570 407 quod
1594 352 1749 393 dilecto
1782 353 1972 408 principe
1996 357 2141 394 nostro
2167 353 2397 394 Heinrico²³

217 419 529 460 XVormaciensi
563 421 764 475 episcopo
798 421 1056 474 requirente,
1093 434 1235 461 coram
1269 421 1394 461 nobis
1428 421 1469 460 in
1494 420 1717 475 sollempni
1742 421 1859 461 curia
1881 425 2026 462 nostra
2049 421 2392 462 Franckenfurtb

217 489 526 528 sentenciatum
573 493 656 528 est:
699 487 810 542 quod
852 489 1107 542 quicumque
1147 493 1373 542 argentum
1415 487 1601 529 vendere
1644 488 1847 540 voluerit,
1890 488 1942 529 ad
1979 493 2196 530 monetam
2236 488 2395 530 debeat

216 555 317 596 illud
350 560 601 610 presentare
634 569 711 596 nec
745 555 796 596 ad
829 556 1040 596 nundinas
1073 570 1153 597 nec
1187 557 1319 597 alias⁰
1351 560 1573 611 presumat
1594 555 1781 604 deferre:
1817 556 1893 597 sed
1917 557 1951 597 si
1974 558 2016 597 in
2037 557 2392 612 peregrinacione

214 625 368 678 aliquis
401 624 613 679 proficisci
647 624 841 668 voluerit,
876 623 1058 665 liberum
1092 624 1250 666 habeat
1282 624 1505 665 arbitrium
1538 638 1684 665 secum
1715 629 1918 679 quantum
1943 625 2126 666 voluerit
2158 624 2392 666 deferendi.

216 692 259 732 Si
294 706 392 732 vero
426 693 578 747 aliquis
611 696 758 732 contra
790 692 897 733 hanc
932 693 1195 733 sentenciam
1226 693 1401 733 veniens
1434 696 1657 746 argentum
1691 697 1813 733 extra
1845 693 2060 733 civitatem
2089 692 2254 734 deferre
2287 706 2388 747 pre—

215 762 465 816 sumpserit.
500 760 842 801 wormaciensis
885 761 1111 816 episcopus
1153 765 1413 816 potestatem
1456 760 1633 802 habebit
1677 762 1916 815 plenariam
1956 760 2061 801 illud
2102 760 2322 802 auferendi
2354 765 2398 802 et

214 829 330 869 nullo
364 829 487 870 niodo
521 828 783 870 restituendi.

358 898 498 939 Huius
533 900 592 938 rci
625 903 759 939 testes
793 903 908 938 sunt:
944 897 1139 938 dominus
1174 897 1443 938 Coloniensis
1475 897 1850 952 archiepiscopus,
1884 897 2079 938 dominus
2113 897 2395 939 Treverensis

214 966 574 1024 archiepiscopus.
609 967 804 1007 dominus
838 967 1124 1020 Augustensis
1159 966 1399 1021 episcopus,
1434 965 1630 1006 dominus
1665 965 1876 1020 Spirensis
1911 966 2086 1016 electus,
2121 966 2256 1007 abbas
2280 966 2389 1007 Vul-

213 1034 396 1075 densisd.
456 1035 588 1075 abbas
630 1034 1004 1076 Hersveldcnsis0.
1063 1035 1197 1075 abbas
1244 1034 1297 1075 de
1331 1033 1653 1088 Wiszenburgf.
1711 1033 1799 1074 dux
1843 1033 2079 1083 Bawarieg,
2130 1034 2398 1089 lantgravius

215 1102 459 1157 Turingieh.
493 1117 634 1144 comcs
667 1103 719 1144 de
752 1103 937 1144 Dietesi.
973 1108 1016 1144 et
1047 1103 1118 1143 alii
1152 1116 1279 1158 quam
1312 1103 1459 1157 plures
1493 1108 1580 1143 tam
1614 1102 1792 1143 comites
1826 1116 1952 1157 quam
1985 1102 2165 1144 nobiles.

358 1171 518 1212 Datum
551 1172 892 1212 Franckenfurtb
927 1185 1001 1226 per
1033 1186 1205 1212 manum
1238 1171 1559 1226 prothonotarii,
1593 1185 1701 1211 anno
1723 1169 1924 1211 Dominik
1956 1169 2294 1224 MOOXXIIIP,
2334 1173 2399 1213 in-

214 1239 440 1280 dictione.
499 1273 505 1280 .

755 1562 1853 1634 2Q.PAX‹}ENERALH3

1136 1687 1486 1745 (21224.1ui)

353 1821 479 1862 Hanc
507 1833 662 1872 pacem,
705 1834 827 1872 quam
860 1819 982 1861 Perte
1013 1820 1232 1873 ‘Treuyam
1263 1820 1459 1861 Heinriei
1489 1821 1607 1873 ‘reicis’
1647 1821 1875 1872 appellavit
1910 1823 1946 1861 et
1984 1833 2096 1862 armo
2118 1822 2228 1862 1230
2259 1820 2397 1862 vindi-

210 1890 332 1937 carit,
372 1889 524 1929 edituri
564 1901 706 1929 simius
744 1890 857 1930 nacti
888 1889 1058 1930 codicem
1097 1891 1284 1937 veterem,
1325 1901 1442 1940 quem
1483 1889 1548 1928 vir
1579 1889 1627 1930 et.
1659 1888 1704 1930 S.
1735 1888 1897 1929 Mulier
1931 1889 2206 1931 Traieetensis
2236 1889 2399 1940 detexit,

209 1958 324 1997 euius
354 1958 570 2009 iiieaqifozein
603 1957 966 2010 pltotofflssaphieam
997 1958 1062 1997 vir
1093 1957 1140 1998 ct.
1173 1969 1255 1997 van
1288 1955 1521 2007 Riemsdijlc
1561 1956 1763 1997 tabularii
1793 1957 1897 2009 reyii
1926 1956 2136 2010 Haqeasis
2159 1957 2396 2011 praefectus

210 2038 256 2065 ea
297 2038 378 2076 qua
422 2026 554 2066 utitur
600 2026 875 2067 benevolentia
914 2026 1031 2066 nobis
1074 2026 1319 2067 transmisit.
1388 2025 1468 2066 Est
1509 2024 1631 2066 codex
1671 2024 1842 2066 Musaei
1881 2025 2400 2068 Meermau-Westreeuea

211 2092 356 2145 Hayae
393 2093 592 2135 Comitum
623 2094 833 2135 constituti
863 2094 968 2146 siqu.
1001 2106 1066 2134 ar.
1092 2096 1157 2143 17¹,
1190 2093 1287 2134 olim
1318 2106 1383 2134 ur.
1406 2095 1474 2143 42,
1507 2093 1720 2134 continens
1752 2093 1941 2134 Annales
1972 2093 2014 2135 S.
2038 2093 2211 2135 Mariae
2234 2094 2399 2135 Traiec-

211 2164 351 2211 tenses,
383 2162 549 2203 chartas
574 2163 864 2212 Traiecteiises,
896 2162 998 2212 alia,
1029 2175 1147 2214 quem
1171 2161 1318 2216 fusius
1339 2161 1538 2213 descripsi
1567 2161 1646 2220 SS.
1666 2161 1763 2211 XV,
1787 2163 1919 2212 1298,·
1949 2164 2084 2202 textus
2112 2162 2229 2214 pacis
2253 2160 2332 2216 fot.
2353 2164 2379 2201 6
2388 2161 2399 2174 ‘

211 2231 247 2269 et
279 2233 302 2268 7
314 2226 322 2240 '
355 2229 516 2271 duabus
546 2231 746 2272 columnis
786 2230 929 2271 illatus
960 2232 1018 2270 est
1053 2243 1181 2270 manu
1212 2243 1314 2272 saec,
1337 2229 1471 2271 XIII.
1495 2230 1567 2280 in„
1608 2243 1712 2282 quae
1742 2230 1875 2271 adhue
1905 2230 2059 2271 saeculi
2089 2229 2196 2272 XII.
2219 2243 2282 2272 ex.
2314 2241 2398 2270 esse

203 2300 348 2348 potest.
418 2297 573 2339 Ultima
611 2302 745 2340 textus
784 2298 904 2339 verba
949 2297 1078 2353 (parti
1121 2299 1210 2339 lese
1251 2298 1512 2339 satisfecerit
1553 2297 1800 2353 absolvere)
1839 2298 1977 2339 subter
2016 2298 2171 2339 lineam
2207 2298 2397 2340 ultima-m

205 2364 307 2418 folii
331 2369 354 2405 7
364 2362 373 2377 ‘
418 2380 543 2407 >itanu
581 2379 682 2409 saec.
709 2366 808 2407 XV.
848 2379 917 2407 seu
946 2365 1072 2407 XVI.
1113 2366 1303 2418 suppleta
1340 2369 1450 2407 szuit.
1518 2366 1574 2406 Iu
1613 2367 1799 2419 marotiae
1839 2367 2048 2418 superiore
2083 2365 2161 2421 fot.
2186 2369 2211 2406 6
2221 2363 2231 2379 '
2270 2379 2401 2409 manu

204 2434 448 2484 posteriore,
487 2448 589 2476 saec.
614 2436 740 2477 XIV.
779 2449 850 2477 seu
881 2434 980 2475 XV.
1014 2435 1142 2475 minio
1180 2435 1378 2486 scriptum
1414 2437 1495 2475 est:
1533 2435 1689 2475 Forma
1726 2448 1831 2490 pace
1863 2434 2000 2475 Henri
2023 2435 2076 2475 V.
2139 2435 2271 2488 Quam,
2309 2447 2400 2476 seu-

214 2502 383 2542 tentiam
423 2503 486 2543 nil
521 2517 696 2556 prorsus
737 2504 793 2545 ad
831 2508 986 2558 tempus
1021 2507 1141 2558 pacis
1181 2505 1474 2558 diffiniendum
1514 2506 1649 2547 valere
1681 2505 1814 2560 facile
1853 2505 2056 2547 concedas.
2117 2503 2399 2558 Apoqraphon

214 2570 360 2611 codicis
389 2570 600 2624 Hayensis
630 2576 766 2614 exstat
795 2574 840 2614 in
871 2574 1001 2616 codiee
1024 2574 1223 2615 Parisino
1254 2575 1324 2617 tat.
1349 2576 1461 2615 4686
1482 2575 1524 2615 A
1552 2574 1736 2628 (C'otb.)l
1767 2586 1870 2615 saec.
1892 2572 2019 2623 XVI,
2052 2572 2170 2613 cuius
2191 2572 2399 2613 tectionem

211 2639 384 2689 <rai-iam,
407 2641 594 2691 quamvis
615 2642 776 2683 nullius
796 2643 849 2682 sit
862 2643 1003 2694 pretii,
1025 2644 1098 2685 sub
1120 2647 1132 2683 1
1150 2658 1174 2684 a
1195 2644 1495 2684 adnotavimus.
1547 2643 1688 2684 Codice
1710 2641 1910 2683 Parisiuo
1930 2653 2031 2682 usus
2051 2644 2110 2682 est
2125 2640 2258 2691 Perta,
2280 2640 2397 2682 cuius

211 2706 425 2748 editionem
456 2709 717 2760 repetivimus
747 2711 793 2750 iri
828 2711 1036 2763 periodieo
1068 2712 1320 2763 ‘Zeitselirift
1355 2711 1426 2753 der
1459 2709 1879 2765 Saviqny-Stiftuay
1904 2709 1985 2763 fiir
2021 2709 2397 2762 Reclztsqeschichte,

215 2775 564 2817 Germanistiselze
595 2777 856 2831 Abtlieilunq’
890 2779 1012 2830 VIII,
1037 2782 1129 2821 116.
1198 2780 1348 2832 Capita
1384 2780 1595 2832 complura
1624 2780 1747 2831 pacis
1786 2781 1952 2820 nostrae
1983 2790 2073 2819 eum
2105 2776 2198 2831 fere
2222 2790 2398 2831 prorsus

212 2844 458 2884 conveniant
493 2858 581 2886 eum
606 2859 709 2899 pace
740 2847 952 2889 Saxouiea
983 2851 1179 2889 renovata
1210 2853 1361 2901 (supra
1394 2862 1458 2889 ar.
1481 2849 1597 2900 280),
1629 2848 1747 2889 euius
1768 2848 1872 2888 locos
1896 2846 2124 2897 parallelos
2145 2846 2192 2886 ia
2212 2845 2398 2898 maryiae

211 2910 403 2951 editionis
439 2912 698 2955 adnotandos
737 2916 991 2966 curavimus,
1033 2928 1107 2957 iios
1138 2913 1300 2968 Quidem
1333 2917 1360 2958 l.
1382 2930 1413 2957 e.
1438 2930 1483 2968 p.
1510 2917 1603 2966 105,
1642 2916 1787 2957 collato
1826 2915 1958 2966 capite
1986 2916 2044 2956 22
2073 2927 2161 2955 cum
2192 2913 2323 2965 capite
2344 2915 2398 2953 16

204 2980 325 3030 pacis
357 2979 596 3032 Saxonieae,
625 2995 766 3034 pacem
795 2986 981 3024 nostram
1004 2985 1272 3036 posteriorem
1303 2985 1381 3026 illa
1411 2997 1495 3025 esse
1525 2987 1562 3025 ct
1587 2983 1770 3038 fortasse
1800 2997 1839 3025 a.
1864 2984 1973 3023 1224
2004 2994 2138 3023 meuse
2159 2981 2283 3032 Iulio,
2316 2994 2394 3034 quo

213 3049 385 3099 tempore
426 3049 652 3091 Heinrieus
693 3064 768 3091 rex
806 3050 1026 3103 Herbipoli
1072 3052 1310 3093 morabatur
1323 3052 1349 3103 2,
1397 3052 1660 3094 constitutam
1704 3064 1786 3093 esse
1830 3050 2067 3092 contendere
2104 3050 2199 3090 ausi
2241 3061 2394 3090 sumus.

349 3149 436 3185 ⁶283.
469 3158 500 3194 ²³)
532 3154 575 3185 Η.
605 3153 633 3185 1.
775 3153 807 3196 b)
844 3155 1103 3188 Franckenfurd
1127 3154 1158 3187 2.
1299 3156 1326 3197 c)
1366 3157 1452 3188 illud
1483 3156 1565 3189 add.
1584 3156 1619 3189 S.
1758 3154 1790 3197 d)
1823 3155 1992 3188 Wldensis
2025 3153 2059 3192 13
2096 3153 2274 3185 Fuldensis
2299 3150 2332 3185 2.
2358 3151 2395 3185 S.

213 3211 242 3248 Ε)
269 3208 516 3242 Hersfeldensis
542 3209 572 3242 2.
600 3210 636 3243 S.
748 3209 778 3252 f)
805 3212 1030 3255 Wissenburg
1054 3211 1085 3244 2.
1112 3212 1149 3245 S.
1257 3212 1290 3255 8)
1316 3214 1457 3246 Bavarie
1484 3213 1512 3245 1.
1541 3213 1576 3245 S.
1682 3211 1715 3254 h)
1741 3212 1929 3254 Thuringie
1953 3210 1986 3244 2.
2012 3210 2048 3243 S.
2154 3208 2178 3252 i)
2204 3211 2331 3252 Dyetes
2354 3207 2395 3247 2;

213 3264 338 3305 Dyztes
365 3264 400 3297 S.
517 3264 551 3306 k)
577 3267 665 3299 deest
692 3266 718 3298 1.
835 3266 860 3308 ¹)
886 3270 922 3300 M
946 3269 1175 3301 ducentesimo
1201 3270 1328 3302 XXIII.
1354 3269 1392 3310 23
1416 3270 1692 3302 MCCXXXIIII.
1719 3269 1756 3301 S.

350 3355 383 3396 1)
411 3354 495 3388 Non
522 3366 596 3389 cero
619 3355 693 3390 eod.
710 3361 793 3391 5178
810 3357 854 3399 A,
880 3360 919 3390 ut
943 3357 1046 3391 Perts:
1070 3357 1149 3392 LL.
1169 3358 1222 3401 II,
1242 3363 1307 3392 266
1331 3359 1529 3402 scripserat,
1557 3359 1602 3401 cf.
1619 3358 1777 3392 ‘Archiv'
1802 3357 1884 3400 VII,
1902 3361 1955 3390 49.
1998 3354 2115 3389 Codex
2131 3354 2290 3390 continet
2309 3356 2392 3398 post

169 3405 174 3409 ’
208 3419 327 3451 pacem
362 3415 513 3444 nostrum
541 3412 738 3446 Historiam
768 3413 1008 3457 episcoporum
1043 3414 1320 3449 Traiectensium
1351 3427 1374 3449 a
1406 3415 1584 3449 Withelmo
1612 3414 1729 3451 Heda.
1753 3413 1984 3457 compositam.
2033 3411 2082 3445 In
2119 3422 2184 3445 ora
2219 3411 2396 3454 superiore

213 3465 305 3506 folii,
329 3466 424 3509 quod
442 3477 562 3510 pacem
587 3469 752 3512 eontinet,
779 3471 946 3513 leguntur
969 3471 1070 3505 haee:
1097 3472 1275 3506 Henricus
1301 3472 1501 3517 imperator
1525 3472 1773 3506 Romanorum
1798 3469 1946 3514 subegit
1970 3469 2130 3503 Saxones
2156 3469 2193 3502 et
2216 3467 2389 3502 fundavit

214 3522 401 3555 eeclesiam
427 3527 551 3558 sancte
575 3525 691 3559 Mai-ie
717 3526 753 3559 in
780 3527 948 3561 Traieeto
974 3539 1082 3572 super
1107 3529 1249 3563 Renum
1286 3529 1391 3563 iuxta
1415 3529 1567 3563 formam
1594 3528 1632 3562 in
1657 3527 1905 3562 vetustissimo
1937 3526 2030 3560 Iibro
2056 3526 2205 3560 ecclesie
2231 3525 2395 3570 predicte

214 3578 397 3622 scriptam.
514 3582 548 3624 2)
586 3581 657 3616 Die
681 3588 728 3616 15.
753 3593 797 3616 m.
824 3583 911 3617 Iulii
945 3584 1137 3618 secundum
1172 3589 1308 3619 cartam
1344 3586 1471 3620 editam
1506 3598 1529 3619 a
1562 3585 1735 3619 thmans
1771 3582 2108 3618 ‘Kaiserurkuriden
2143 3582 2203 3617 der
2241 3582 2394 3616 Provmz

218 3633 413 3677 IVestfcden'
442 3636 602 3678 (Bo'hmer
625 3639 662 3681 V,
679 3641 799 3681 .3925).·
825 3640 959 3674 Datum
985 3641 1023 3674 in
1049 3641 1149 3675 curia
1175 3641 1395 3686 Herbipolis.

2434 910 2467 934 10

2438 1255 2468 1280 15

2431 2319 2462 2344 25

2432 2657 2465 2682 30

2430 2996 2462 3022 35

2426 3643 2458 3670 45
