2558 3970
182 163 252 200 164
702 150 941 186 FRIDERICI
970 149 1013 182 Il.
1039 143 1468 182 CONSTITUTIONES.
1518 142 1618 176 1229.
1666 142 1825 176 Nr.122.

173 273 376 325 tigni-unt.
424 275 592 309 vestrar
638 266 874 321 paternitas
922 264 1048 318 plene
1089 262 1220 302 novit.
1295 259 1418 299 Nunc
1462 262 1604 298 autem
1647 256 1699 296 de
1734 256 2094 310 subsequentibus
2140 260 2356 314 prosperis

175 341 285 380 omni
320 338 476 392 gaudio
512 342 552 376 ot
586 335 789 375 felicitate
823 331 1072 373 maioribus.
1105 343 1187 384 que
1221 331 1426 383 operante
1459 326 1551 366 sola
1573 325 1730 365 virtute
1764 324 1907 365 divina
1938 325 2060 365 nobis
2085 327 2357 380 postmodum

176 412 458 449 emerserunt.
493 411 739 445 transcursa
771 401 950 441 materia
981 400 1032 440 de
1066 397 1301 453 premissis,
1333 410 1387 436 ne
1418 395 1571 448 longus
1605 406 1744 433 sermo
1775 393 2036 433 sanctitatis⁸
2070 399 2208 436 vestre
2241 395 2357 437 desi-

175 477 291 517 deria
336 475 406 515 diu
445 477 592 513 teneat
631 473 671 512 in
715 483 942 525 suspenso.
987 468 1082 508 vost
1120 465 1300 507 reddere
1341 465 1536 504 volumus
1582 461 1751 517 plenius
1792 461 2036 503 certior-esu.
2112 462 2358 504 Noveritisv

176 546 304 597 igitur
338 542 606 584 sanctissime
639 544 775 594 pater.
810 537 921 593 quod
953 550 1030 577 nos
1064 549 1184 590 spem
1216 534 1382 574 firmam
1416 545 1586 586 semper
1618 529 1829 570 habentes
1864 528 1906 569 in
1930 528 2024 570 Deo
2058 530 2358 586 firmiterqueW

177 612 416 653 erodentes.
448 609 561 664 quod
585 608 808 649 dominusx
840 606 963 647 Iesus
989 604 1185 645 Christus
1217 603 1329 643 filius
1363 602 1469 651 eius,
1493 613 1567 654 pro
1590 598 1710 639 cuius
1734 597 1908 638 servitio
1932 611 2086 653 corpus
2111 602 2153 639 et
2175 600 2361 641 animam

175 681 454 735 exposuimus
489 678 547 717 sic
580 676 756 717 devote.
798 688 875 715 nos
917 687 1001 714 nou
1039 673 1305 726 relinqueret
1336 670 1377 710 in
1410 673 1497 709 tam
1530 666 1799 721 longinquisy
1831 665 2081 720 regionibus
2115 671 2157 707 et
2189 668 2359 722 ignotis,

175 751 272 803 quin
309 748 462 788 saltem
493 745 571 786 ad²
604 745 809 784 honorem
843 748 884 782 ct
923 741 1100 796 gloriam
1136 753 1255 780 suam
1291 737 1514 779 consilium
1549 739 1591 775 et
1624 734 1861 775 auxiliuma
1891 733 2013 775 nobis
2053 735 2260 778 tribueret
2291 737 2362 778 inb

175 818 382 871 obsequio
418 829 492 855 suo
528 818 689 855 sancto.
723 813 763 852 in
799 811 914 851 eiusc
947 810 1117 850 nomine
1150 807 1231 848 ad‘l
1264 807 1397 862 ipsius
1431 804 1651 846 servitium
1683 801 1967 857 procedentes
2000 803 2217 844 venimus⁰
2249 806 2361 861 apud

65 891 142 944 '3⁸3'
177 886 340 941 loppen
374 885 539 926 decimo
565 883 713 938 quinto
737 880 804 921 die
829 879 989 920 mensis
1011 877 1269 919 Novembris
1302 875 1436 930 primo
1468 872 1675 928 preteriti,
1707 875 1753 912 ut
1775 869 2142 912 reedificaremusf
2173 877 2359 915 castrum

175 956 326 1009 ipsum.
360 954 560 1008 quatinus
594 949 723 992 eundi
756 949 797 989 in
831 948 1047 988 civitatem
1083 951 1277 987 sanctam
1310 943 1551 985 Ierusalem
1585 941 1779 982 feliciorss
1810 943 1979 995 pateret
2008 940 2148 981 aditus
2171 942 2294 983 nobis
2320 947 2363 985 et

177 1023 385 1063 exercitui
419 1022 660 1063 christiane.
721 1017 843 1059 Nec¹¹
876 1022 1022 1057 tamen
1055 1016 1147 1056 sine
1180 1013 1464 1068 temptatione
1488 1010 1675 1052 maxima
1702 1023 1779 1064 per
1803 1008 2173 1050 continuationem
2197 1010 2364 1053 dierum

178 1091 285 1132 ortoi
320 1089 477 1131 Christi
520 1089 739 1130 exercitus
781 1087 859 1126 fuit
899 1085 976 1127 ibi.
1019 1084 1119 1139 quia
1163 1097 1258 1123 cum
1298 1081 1595 1135 unusquisque
1637 1078 1689 1119 de
1724 1077 1917 1118 exercitu
1950 1078 2196 1119 necessaria
2228 1080 2364 1121 victus

180 1174 254 1215 pro
296 1173 340 1199 se
379 1163 420 1199 et
463 1157 716 1212 equitaturis
755 1155 841 1195 suis
887 1153 1151 1194 sufficienter
1192 1164 1267 1206 pro
1309 1149 1461 1190 diebus
1506 1147 1699 1203 pluribus
1740 1149 1913 1201 portare
1955 1159 2030 1200 per
2074 1150 2231 1188 terram
2271 1163 2366 1189 cum

179 1229 416 1269 sommcriis
462 1226 728 1281 nequivisset
771 1228 814 1265 et
861 1225 1036 1277 propter
1078 1220 1159 1260 hoc
1207 1218 1452 1274 specialiter
1497 1216 1539 1257 in
1590 1220 1716 1271 portu
1765 1214 1911 1255 Accon
1951 1220 2179 1270 preparata
2219 1221 2366 1258 essent

180 1298 362 1338 vassella
399 1295 602 1336 nonnulla
636 1307 717 1348 que
751 1291 1000 1333 victualium
1033 1289 1198 1344 copiam
1230 1291 1404 1342 portare
1438 1285 1669 1335 debebant,
1703 1287 1880 1338 repente
1913 1296 1963 1324 ac
1994 1283 2165 1325 fortiter
2196 1285 2365 1326 turbato

180 1380 279 1406 aere
303 1370 515 1418 ventoque
548 1363 677 1403 flante
701 1361 953 1416 gravissime
978 1363 1020 1400 et
1049 1356 1391 1399 tumescentibus
1415 1354 1543 1396 etiam
1566 1353 1678 1394 ultra
1701 1352 1873 1393 modum
1896 1351 2111 1406 procellis,
2137 1367 2365 1395 succursus

181 1434 462 1474 vassellorum
495 1432 664 1472 illorum
699 1443 774 1485 per
805 1429 909 1469 alios
943 1427 1169 1468 continuos
1203 1429 1299 1466 octo
1333 1423 1424 1465 dies
1457 1421 1631 1463 atlethis
1656 1420 1816 1462 Christi
1849 1423 1892 1461 et
1923 1419 2185 1462 christianek
2218 1422 2365 1464 defen-

182 1502 347 1543 soribus
382 1499 479 1541 fidei
513 1514 587 1555 pro
621 1498 810 1554 peccatis
842 1496 1001 1537 nostris
1035 1495 1180 1535 extitit
1210 1492 1476 1534 interdictus.
1538 1490 1638 1531 Fuit
1670 1494 1816 1531 autem
1840 1493 1941 1530 tunc
1965 1503 2154 1530 murmur
2177 1494 2219 1532 et
2241 1492 2369 1533 timor

182 1569 406 1611 maximus¹
440 1567 552 1623 apud
585 1568 765 1617 multos,
807 1580 860 1606 ne
894 1579 1023 1620 super
1066 1563 1274 1619 populum
1307 1574 1429 1602 suum
1462 1559 1676 1601 Dominus
1709 1557 1886 1598 forsitan
1919 1557 2188 1612 indignatus,
2225 1559 2367 1614 gladio

182 1640 272 1680 dire
305 1638 429 1679 famis
463 1637 592 1678 vellet
624 1636 737 1691 ipsos
769 1634 940 1689 penitus
974 1633 1118 1674 delere
1151 1631 1204 1673 de
1237 1634 1366 1672 terra.
1431 1629 1508 1670 Set
1540 1629 1639 1683 quia
1671 1641 1837 1668 summa
1870 1630 1936 1668 est
1968 1627 2032 1668 ira
2061 1626 2143 1668 Dei
2176 1628 2373 1670 misereri

183 1709 323 1764 potius
357 1720 481 1761 quam
520 1705 669 1755 irasci,
711 1704 809 1758 quia
851 1703 981 1743 etiam
1022 1699 1251 1742 ineffabilis
1291 1699 1520 1740 clementia
1553 1698 1646 1738 eius
1678 1697 1792 1737 ultra
1824 1708 1951 1750 quam
1985 1696 2196 1738 sustinere
2229 1701 2374 1753 potest

184 1776 386 1831 temptari
419 1774 633 1815 hominem
668 1786 749 1813 non
781 1770 1000 1826 permittit,
1035 1767 1277 1809 lacrimosis
1312 1771 1354 1808 et
1387 1765 1625 1821 suplicibus
1658 1766 1832 1818 rogatus
1864 1763 2066 1818 precibus
2091 1768 2134 1806 et
2157 1765 2372 1806 excitatus

186 1845 441 1886 clamoribus
475 1843 599 1884 valde
640 1843 743 1897 piis.
789 1840 987 1881 continuo
1025 1837 1251 1892 imperavit
1282 1836 1421 1877 ventis
1464 1839 1505 1875 et
1544 1834 1672 1883 mari,
1716 1836 1759 1872 et
1800 1831 1949 1872 factam
1983 1835 2051 1873 est
2087 1833 2375 1888 tranquillitas

26 1949 38 1959 ..
89 1944 98 1951 -
189 1920 383 1968 magna¹¹.
424 1911 664 1952 dicentibus
700 1909 958 1950 unanimiter
999 1911 1042 1948 et
1081 1905 1370 1946 clamantibus
1402 1903 1634 1945 universis:
1676 1901 1827 1956 ‘qualis
1860 1905 1926 1941 est
1957 1901 2024 1941 hic
2057 1902 2128 1956 qui
2161 1902 2299 1943 ventis
2332 1906 2374 1943 et

187 1983 290 2023 mari
324 1983 523 2036 imperat.
569 1983 610 2019 et
652 1978 733 2033 ipsi
768 1976 974 2017 obediunt
1007 1974 1100 2016 ei'0.
1165 1974 1404 2028 Statimque
1438 1971 1722 2013 vassellorum
1762 1970 1985 2010 innumera
2024 1969 2249 2011 multitudo
2281 1984 2377 2012 cum

186 2051 346 2106 ingenti
389 2050 512 2104 copia
553 2048 776 2094 frumenti.
825 2045 963 2096 ordei,
1002 2045 1090 2085 vini
1137 2047 1180 2084 et
1226 2042 1567 2084 necessariorum
1613 2040 1802 2081 omnium
1850 2038 2015 2094 Ioppen
2057 2039 2185 2081 venit.
2258 2040 2378 2081 Tunc

187 2127 330 2161 autem
362 2123 475 2159 totus
509 2117 724 2158 exercitus
763 2116 822 2156 sic
854 2114 934 2155 fuit
966 2114 1146 2154 satiatus
1186 2112 1310 2153 bonis
1344 2111 1542 2152 omnibus
1577 2114 1619 2151 et
1662 2108 1889 2159 refectusl',
1932 2106 2045 2162 quod
2079 2112 2221 2163 preter
2252 2121 2377 2164 pere-

187 2189 331 2242 grinos
369 2188 534 2241 aliquos
575 2185 684 2226 forte
728 2197 941 2240 pauperes
983 2181 1279 2223 mendicantes
1320 2180 1478 2234 ubique
1520 2179 1663 2220 nullus
1694 2178 1737 2218 in
1770 2176 1965 2218 exercitu
1997 2176 2076 2217 fuit
2108 2177 2236 2229 alius,
2279 2178 2379 2233 quin

189 2256 433 2297 necessaria
478 2254 739 2308 recepisset‘l
781 2253 889 2293 alter
930 2265 1005 2307 pro
1051 2264 1155 2299 uno,
1206 2250 1316 2290 alter
1356 2262 1432 2304 pro
1473 2247 1639 2288 duobus
1680 2245 1902 2287 mensibus
1946 2244 2260 2286 habundanter.
2321 2244 2379 2286 Et

190 2325 325 2365 adhuc
360 2322 592 2364 secundum
634 2321 956 2361 miserationem
990 2318 1198 2367 divinam,
1236 2321 1284 2358 ut
1315 2316 1614 2357 manifestaret
1647 2315 1839 2370 apertius
1871 2314 2054 2368 gloriam
2088 2327 2209 2354 suam
2241 2314 2378 2365 nobis,

190 2393 500 2447 tranquillitate
532 2390 665 2431 maris
701 2394 743 2430 et
776 2390 911 2431 aerisr
944 2387 1016 2428 diu
1050 2401 1099 2428 ac
1132 2386 1204 2426 diu
1237 2385 1492 2426 mirabiliter
1524 2383 1799 2439 perdurante,
1832 2382 1995 2423 vasella
2017 2381 2212 2437 predicta
2235 2382 2378 2423 redie-

191 2467 287 2502 runt
319 2460 467 2501 Accon
501 2464 543 2500 et
575 2460 727 2499 iterum
761 2472 810 2498 ac
843 2458 997 2497 iterum
1031 2460 1074 2497 et
1105 2455 1353 2496 multotiens
1386 2457 1536 2509 postea
1569 2457 1667 2493 sunt
1698 2465 1885 2502 reversa,
1920 2456 1963 2492 et
1993 2452 2137 2492 taliter
2159 2450 2379 2493 faciendos

191 2536 367 2571 onerata
401 2528 629 2569 currebant
662 2527 861 2568 similiter
884 2525 1000 2567 omni
1022 2524 1104 2575 die,
1139 2523 1272 2579 quodt
1305 2537 1360 2564 ex
1385 2526 1485 2563 tunc
1509 2521 1852 2563 necessariorum
1874 2520 2062 2560 omnium
2085 2519 2380 2561 habundantia

192 2598 440 2639 indeficiens
475 2601 516 2637 et
549 2595 755 2636 mirabilis
787 2595 829 2634 in
857 2594 1050 2635 exercitu
1074 2606 1243 2647 semper
1266 2592 1358 2632 fuit.
1463 2590 1526 2645 (3)
1549 2589 1879 2630 Existentibusu
1901 2592 2046 2630 autem
2068 2588 2192 2629 nobis
2220 2588 2379 2630 ibidem

193 2673 233 2705 vt
266 2666 316 2706 ad
353 2665 714 2705 1·‹›‹›‹lifi‹›ati‹›n0m
743 2664 876 2717 ipsius
909 2663 1035 2702 castri
1070 2660 1368 2714 magnificamv
1392 2658 1764 2703 intendentibusw.
1786 2657 1838 2697 de
1864 2657 2040 2697 soldano
2067 2657 2306 2711 Babylonie
2330 2656 2383 2697 ad

333 2790 414 2824 122.
441 2798 468 2824 r,
490 2803 555 2832 pro
583 2797 691 2821 vestm
721 2807 758 2810 —
788 2789 880 2820 novit
906 2788 926 2820 ‘2
944 2806 981 2810 ——
1000 2787 1035 2820 4:
1075 2793 1219 2820 vestram
1257 2787 1469 2818 devotionem
1502 2784 1729 2826 (dilectionem
1757 2795 1853 2816 suam
1880 2783 1915 2826 4)
1954 2785 2093 2817 fecimus
2127 2784 2223 2827 plene
2249 2788 2384 2817 certam.

194 2859 220 2891 ο)
244 2862 309 2890 pro
329 2861 353 2881 s.
372 2861 399 2879 v.
416 2849 445 2881 d.
464 2847 495 2880 2.
514 2847 549 2878 3:
577 2846 738 2878 desideria
757 2851 885 2885 vestra3
912 2844 949 2876 4:
977 2845 1045 2877 des.
1064 2850 1133 2877 tua.
1240 2844 1265 2884 t)
1292 2854 1376 2884 quos
1396 2841 1433 2880 13
1459 2848 1491 2874 te
1508 2840 1540 2873 4.
1634 2842 1667 2880 u)
1694 2841 1869 2874 certiorem
1886 2840 1917 2874 4.
2012 2842 2043 2882 v)
2069 2851 2139 2883 pro
2157 2842 2324 2874 Noveritis
2343 2859 2384 2864 --

195 2914 286 2949 pater
311 2906 418 2938 2—4:
453 2907 589 2938 Noverit
614 2906 716 2947 igitur
741 2905 874 2937 devotio
902 2910 1010 2936 vestra
1037 2903 1111 2944 (tua
1136 2902 1191 2941 4);
1228 2901 1265 2935 5:
1293 2903 1342 2934 Ne
1376 2903 1480 2944 igitur
1504 2901 1707 2933 desiderium
1733 2904 1883 2933 vestrum
1908 2900 2031 2942 longus
2056 2910 2164 2932 sermo
2190 2900 2247 2932 diu
2272 2903 2384 2932 teneat

195 2965 226 2995 in
254 2976 425 3006 suspenso,
451 2964 635 2995 sinceritati
662 2968 772 2995 vestre
797 2963 952 3004 cupimus
978 2972 1050 2993 esse
1078 2966 1203 2993 notum.
1338 2958 1376 3000 W)
1401 2959 1490 3001 quod
1516 2970 1575 2991 nos
1602 2959 1766 2990 habentes
1791 2968 1884 3000 spem
1910 2962 2058 2990 nostram
2083 2957 2118 2989 in
2144 2957 2216 2989 Deo
2241 2956 2381 2989 firmiter

195 3030 225 3052 (ιι
252 3022 423 3053 credentes
449 3020 479 3053 ἴ).
619 3028 651 3061 x)
679 3021 834 3052 domiuus
860 3020 948 3051 deest
972 3018 1074 3051 2—5.
1214 3016 1247 3059 y)
1274 3017 1410 3049 remotis
1435 3015 1535 3048 2—5.
1653 3016 1682 3057 z)
1703 3027 1769 3057 pro
1794 3016 1837 3047 ad
1863 3032 1903 3037 —-
1930 3026 2024 3047 suam
2049 3014 2085 3047 5:
2119 3025 2177 3057 pro
2203 3015 2327 3046 honore
2352 3017 2385 3046 et

195 3079 301 3119 gloria
327 3086 357 3109 vt
384 3078 483 3109 laude
509 3090 580 3109 sna.
698 3078 728 3117 ³)
756 3077 905 3108 salutare
931 3076 1012 3107 «slat.
1029 3075 1059 3108 3.
1089 3075 1119 3107 ἵ).
1241 3073 1272 3116 b)
1300 3075 1332 3105 in
1364 3092 1401 3095 —
1428 3077 1545 3106 sancto
1571 3073 1637 3104 des.
1655 3072 1684 3105 5.
1804 3071 1833 3113 c)
1861 3073 1967 3114 ipsius
1991 3076 2104 3104 autem
2129 3070 2160 3104 5.
2261 3068 2296 3111 d)
2315 3081 2384 3112 pro

197 3136 237 3165 :id
265 3152 303 3155 -ᾈ
333 3135 547 3176 procedentes
566 3133 600 3165 5:
628 3136 676 3166 ab
703 3135 839 3165 Achon
867 3134 1145 3176 procedentes
1173 3132 1452 3163 fiducialiter.
1548 3132 1578 3172 Θ)
1605 3140 1761 3172 prospere
1779 3130 1933 3161 venimus
1951 3128 1981 3161 Γ).
2076 3127 2185 3171 f)p7·o
2203 3133 2240 3160 ut
2257 3128 2384 3160 reedifi-

197 3202 349 3222 caremus
377 3210 416 3213 —
444 3192 625 3223 christiano
651 3192 686 3222 5:
714 3198 749 3223 ur
777 3198 886 3223 castro
913 3192 974 3222 loci
1002 3191 1150 3222 eiusdem
1177 3189 1369 3221 reedificato
1396 3189 1524 3220 sortiter
1550 3192 1587 3219 ut
1612 3187 1753 3219 decebat
1771 3198 1836 3218 nou
1856 3187 1964 3218 solum
1982 3186 2114 3218 facilior
2131 3186 2232 3217 immo
2250 3185 2384 3217 brevior

197 3255 227 3279 er
254 3249 400 3279 securi-»r
426 3256 553 3290 pateret
580 3259 747 3280 accessus.
867 3254 898 3288 Β)
926 3248 1053 3279 facilior
1078 3245 1178 3279 2-4.
1320 3244 1351 3286 h)
1380 3246 1458 3277 Nec
1486 3264 1524 3266 »ἶ
1553 3244 1774 3276 mirabilis
1807 3244 1846 3275 in
1878 3243 2073 3275 exercitu
2107 3253 2269 3284 semper
2299 3242 2387 3274 suit

198 3306 264 3337 tle-³.
284 3305 315 3337 ι’).
432 3305 449 3345 1',
480 3312 604 3348 septeni
631 3305 661 3338 4.
786 3303 818 3345 k)
845 3306 1017 3337 christiani
1047 3304 1074 3337 1.
1216 3302 1239 3343 l)
1267 3304 1355 3335 deest
1380 3302 1411 3335 2.
1552 3302 1593 3344 ¹¹¹)
1620 3303 1747 3334 {actum
1772 3300 1803 3333 4.
1921 3298 1953 3342 ¹¹)
1979 3305 2088 3341 tranq.
2115 3310 2242 3343 magna
2266 3299 2334 3331 des.
2352 3297 2384 3331 4.

198 3370 229 3403 ⁴¹)
258 3362 385 3402 reliqna
413 3362 478 3393 [les.
495 3361 525 3394 4.
609 3361 639 3394 ri
666 3364 807 3394 refertus
826 3361 855 3394 2.
878 3362 909 3394 3.
982 3362 1014 3401 (ι)
1039 3361 1212 3403 colligeret
1228 3360 1258 3392 2.
1344 3366 1371 3400 r)
1396 3365 1541 3391 contra
1567 3364 1758 3391 naturam
1784 3357 1987 3400 temporis
2012 3357 2092 3390 add.
2112 3356 2142 3389 2.
2167 3355 2197 3388 3.
2269 3355 2296 3398 s)
2322 3357 2386 3388 fre-

199 3428 339 3459 quenter
365 3419 444 3450 add.
471 3420 500 3449 2.
527 3420 557 3450 3.
698 3420 722 3459 ῑ)
759 3420 803 3450 ita
843 3420 930 3459 quod
973 3419 1107 3450 inantea
1144 3418 1191 3457 (in
1219 3429 1354 3449 annona
1379 3416 1415 3457 2)
1453 3417 1493 3448 de
1531 3416 1743 3448 neeessarIis*
1766 3416 1922 3447 omnibus
1958 3408 2191 3447 habundantia
2217 3419 2274 3446 etc.
2297 3411 2328 3446 2.
2355 3411 2386 3446 3.

200 3481 232 3509 ¹¹2
262 3476 368 3516 Igitur
405 3476 467 3505 sub
502 3476 620 3506 fiducia
658 3477 770 3507 divine
807 3477 876 3517 spei
911 3476 1006 3507 nobis
1036 3476 1125 3517 apud
1153 3477 1277 3517 Ioppen
1309 3475 1534 3506 existentibus
1559 3478 1591 3504 ct
1616 3484 1716 3514 super
1742 3472 1988 3504 reedificatione
2020 3472 2126 3514 ipsius
2151 3471 2260 3511 castri,
2287 3474 2386 3512 prout

200 3533 357 3574 exigebat
384 3533 428 3563 rei
456 3533 634 3563 necessitas·
661 3539 690 3563 et
717 3544 819 3564 causa
845 3534 967 3564 Christi
995 3533 1247 3564 intendentibus
1275 3532 1463 3572 magnifice,
1492 3536 1528 3562 ut
1545 3530 1695 3569 decebat,
1722 3530 1801 3561 dum
1820 3529 1954 3562 anobis
1972 3533 2005 3560 et
2022 3527 2209 3570 peregrinis
2227 3527 2383 3558 omnibus

202 3589 341 3620 sollicite
367 3595 548 3629 agerentur
576 3589 634 3620 hcc
660 3590 783 3629 omnia,
810 3590 849 3621 ‹lc
875 3590 1013 3621 soldano
1038 3595 1094 3621 ete.
1122 3590 1153 3621 5.
1292 3592 1322 3629 V)
1347 3589 1489 3621 sollicite
1515 3587 1596 3620 add.
1615 3585 1646 3619 2.
1790 3588 1828 3627 W)
1864 3597 1944 3628 que
1970 3585 2084 3617 sicut
2109 3594 2325 3627 speramus
2350 3589 2411 3623 et*

202 3647 412 3677 credimus
439 3647 518 3677 erit
546 3647 663 3677 nobis
689 3654 723 3678 ct
752 3647 1063 3678 christianitati
1100 3648 1176 3678 toti
1213 3647 1456 3678 memoriale
1483 3647 1520 3677 in
1547 3656 1672 3677 evum
1699 3644 1778 3676 add.
1798 3642 1829 3675 2.
1856 3642 1887 3675 3.

2398 892 2430 916 10

2403 1234 2434 1258 15

2406 1577 2440 1603 20

2411 1919 2443 1944 25

2415 2267 2447 2292 30

2417 2611 2448 2636 35

2419 2964 2452 2990 40

2420 3251 2452 3276 45

2422 3536 2455 3561 50
