2558 3970
133 184 213 221 642
735 172 1022 207 PETITIONES
1049 170 1253 206 HONORII
1279 170 1340 204 111.
1392 169 1488 203 1225.
1538 169 1601 202 Nr.
1622 169 1724 202 lOla.

728 837 1731 926 SUPPLEMENTUM.

438 1238 595 1304 iola.
642 1229 1311 1303 PETITIONES
1366 1226 1858 1300 HONORH
1904 1228 2030 1298 ΙΙΙ.

1054 1366 1195 1413 1225.
1234 1366 1322 1413 Iul.
1352 1365 1430 1411 25.

282 1510 560 1559 Conde'tioncs,
603 1510 751 1562 quibus
790 1508 1005 1549 Honorias
1036 1509 1129 1550 III.
1160 1521 1278 1560 papa
1318 1507 1561 1559 inweratori
1601 1507 1931 1560 proroyationem
1977 1506 2145 1548 termini
2184 1508 2324 1547 trans-

129 1579 322 1633 fretandi
362 1580 405 1619 in
450 1579 622 1620 Terram
657 1578 853 1620 Sanctam
894 1578 1108 1627 concessit,
1147 1589 1252 1629 qaas
1286 1576 1506 1628 promissio
1544 1577 1808 1627 imperatoris
1850 1589 1983 1627 snpra
2013 1575 2187 1616 2222102
2216 1573 2326 1615 edita

129 1648 220 1701 fere
251 1648 306 1688 acl
339 1648 501 1688 verbam
533 1647 816 1696 transsamsit,
857 1647 1051 1698 Zeyantnr
1081 1646 1127 1686 in
1157 1646 1297 1697 priore
1328 1646 1561 1686 recensione
1598 1644 1793 1687 Clironiei
1824 1643 2034 1698 Ryoeardi
2064 1643 2111 1684 de
2143 1642 2184 1684 S.
2221 1643 2327 1685 Ger-

136 1729 255 1756 mano
280 1730 325 1769 p.
350 1718 442 1765 110¹,
481 1729 604 1767 qaam
642 1729 661 1755 e
700 1715 830 1756 codice
862 1715 1041 1755 civitatis
1071 1714 1354 1755 Bononiensis
1384 1716 1450 1764 16,
1491 1714 1525 1756 b.
1549 1713 1614 1763 ΙΙ,
1638 1715 1692 1753 10
1731 1726 1834 1754 saec.
1857 1713 1933 1753 XI
1938 1711 2136 1753 V—XV
2162 1711 2328 1762 primas

137 1785 320 1837 rulgyazv't
362 1785 424 1824 cir
463 1784 510 1824 el.
539 1783 755 1835 Aaqzistas
789 1783 1009 1825 Gaudenzi
1051 1782 1329 1823 ‘Illonamenii
1367 1783 1508 1823 storiei
1539 1781 1834 1835 (Napoletani)
1878 1782 1991 1823 Serio
2018 1781 2054 1822 I.
2094 1778 2326 1822 Oronache'.

135 1852 376 1905 Ryeeardns
410 1855 559 1893 narrat
588 1852 708 1893 liaee:
741 1851 907 1899 Quibus
940 1851 1219 1892 redeuntibus
1252 1853 1324 1902 (se.
1343 1851 1550 1903 praelatis
1574 1850 1730 1904 Reyni)
1763 1851 1855 1906 ipse
1889 1851 2124 1905 imperator
2147 1863 2242 1890 cum
2266 1848 2328 1890 eis

135 1922 186 1962 de
222 1921 379 1976 Apulia
419 1921 535 1961 venit
582 1921 634 1961 ad
668 1921 874 1962 Sanctum
908 1919 1170 1961 Germanum
1204 1919 1302 1960 XX.
1336 1919 1456 1972 Iulii,
1498 1924 1540 1960 et
1577 1919 1637 1960 ibi
1669 1919 1722 1960 ad
1756 1934 1853 1961 eum
1886 1923 2097 1960 venerunt
2129 1917 2326 1959 dominus

135 1990 336 2045 Pelagius
361 1990 652 2031 Albanensisa
688 1991 917 2044 episcopus
952 1994 993 2030 et
1026 1988 1223 2030 dominus
1249 1987 1389 2029 Gualo
1423 1989 1638 2044 presbiter
1671 1988 1899 2030 cardinalis
1933 2002 1988 2028 ex
2018 1991 2140 2042 parte
2169 1986 2329 2028 domini

135 2074 245 2114 pape
281 2060 411 2114 legati
447 2073 542 2100 cum
577 2059 775 2114 capitulis
808 2058 914 2108 istis,
950 2072 1031 2112 que
1056 2058 1252 2098 Romana
1287 2058 1474 2098 ecclesia
1507 2058 1560 2098 ab
1594 2058 1854 2113 imperatore
1879 2057 2069 2112 postulat
2093 2055 2327 2097 observari.

136 2127 350 2168 Videlicet
383 2127 493 2182 quod
526 2142 757 2183 processus
791 2127 955 2168 consilii
988 2126 1263 2181 particularis
1295 2127 1436 2167 factus
1470 2126 1513 2166 in
1538 2125 1699 2167 Sancto
1725 2125 1941 2167 Germano
1974 2126 2016 2165 in
2049 2125 2161 2166 festo
2190 2123 2329 2165 sancti

138 2195 284 2237 Iacobi
319 2228 325 2235 .
355 2230 361 2236 .
390 2230 395 2236 .
423 2196 454 2234 .¹
496 2196 738 2251 Imperator
779 2195 977 2236 transibit
1008 2197 1077 2236 ete.
1139 2194 1197 2234 Et
1219 2197 1387 2246 postea:
1433 2194 1526 2241 Que
1560 2195 1703 2236 omnia
1736 2195 1947 2250 capitula,
1990 2194 2100 2235 sicut
2132 2192 2328 2248 superius

141 2270 239 2305 sunt
272 2278 497 2319 expressa,
542 2279 682 2305 coram
724 2265 984 2319 imperatore
1028 2264 1141 2304 lecta
1173 2268 1271 2304 sunt
1304 2268 1347 2304 et
1380 2263 1601 2319 proposita
1633 2264 1676 2304 in
1709 2263 1894 2304 ecclesia
1928 2262 2074 2303 Sancti
2109 2261 2328 2313 Germani,

139 2333 412 2387 presentibus
445 2333 685 2373 Albanensi
729 2333 933 2388 episcopo
980 2337 1023 2373 et
1070 2332 1279 2373 cardinali
1322 2331 1536 2387 predicto,
1580 2333 1820 2374 astantibus
1864 2331 2025 2373 ibidem
2065 2330 2330 2385 principibus

139 2402 409 2450 Alamannie‚
445 2401 552 2442 duce
586 2401 778 2448 Austris,
812 2402 920 2442 duce
955 2401 1206 2442 Charintieb
1240 2414 1318 2442 nec
1352 2415 1437 2441 non
1471 2405 1512 2441 et
1545 2400 1652 2442 duce
1678 2400 1843 2456 Spoleti
1871 2414 1965 2441 cum
1999 2399 2213 2440 nonnullis
2237 2398 2331 2439 aliis

139 2478 225 2511 tam
265 2471 469 2511 militibus
511 2484 636 2525 quam
677 2470 860 2524 plebeis;
906 2474 948 2510 et
990 2484 1041 2511 ea
1085 2471 1228 2511 omnia
1270 2471 1363 2525 ipse
1408 2470 1643 2525 imperator
1683 2484 1812 2510 manu
1852 2469 2023 2524 propria
2062 2471 2331 2509 servaturum

141 2540 313 2589 iuravit7
357 2544 398 2579 et
438 2553 532 2579 cum
567 2553 616 2580 eo
660 2539 817 2579 iuravit
851 2538 938 2579 dux
971 2538 1137 2593 Spoleti
1178 2538 1410 2593 predictus.
1473 2538 1630 2579 Actum
1663 2552 1812 2579 mense
1846 2538 1945 2578 Iulii
1975 2538 2018 2578 in
2050 2537 2160 2577 festo
2194 2535 2330 2577 sancti

143 2607 300 2648 iacobi.
364 2607 478 2647 Haec
509 2610 611 2647 certe
644 2608 964 2647 instrumentum
992 2608 1205 2660 publicam
1237 2607 1431 2659 sapinnt;
1464 2610 1647 2648 attamen
1679 2621 1727 2647 ea
1757 2607 1889 2647 temoni
1910 2605 2060 2646 addere
2081 2617 2166 2645 non
2186 2605 2329 2646 audeo.

147 2678 333 2716 Ceteram
367 2675 514 2716 menda
547 2675 694 2715 codicis
725 2676 775 2716 ab
817 2675 968 2716 editore
998 2689 1083 2716 non
1122 2678 1302 2716 correcta
1333 2689 1403 2727 ope
1434 2688 1500 2716 nr.
1525 2677 1608 2716 102
1637 2673 1890 2716 emendavi2.
1922 2699 1976 2703 —
2006 2673 2200 2723 Echinon
2232 2672 2333 2725 Rey.

146 2745 237 2795 imp.
266 2743 308 2793 V,
332 2746 479 2784 141193.
1953 2742 2023 2795 (P.
2047 2741 2190 2791 deest.)

293 2872 321 2907 l.
366 2868 605 2923 Imperator
643 2869 841 2910 transibit
879 2869 931 2910 ab
973 2868 1151 2909 instanti
1185 2869 1382 2923 Augusto
1423 2868 1476 2909 ad
1518 2869 1624 2910 duos
1665 2883 1799 2910 annos
1842 2869 1884 2909 in
1927 2867 2167 2909 subsidium
2199 2866 2332 2908 Terre

149 2936 304 2977 Sancte
339 2942 379 2977 et
413 2952 488 2991 per
520 2938 738 2978 biennium
765 2937 930 2979 tenebit
953 2938 1010 2978 ibi
1034 2937 1148 2978 mille
1179 2937 1338 2979 milites
1362 2937 1415 2978 ad
1440 2938 1662 2979 servitium
1687 2951 1831 2985 suum;
1864 2938 1923 2978 ita
1946 2936 2057 2991 quod
2082 2936 2116 2976 si
2141 2936 2332 2990 aliquos⁰

145 3004 195 3044 de
222 3005 315 3059 ipso
340 3018 518 3046 numero
545 3010 703 3047 statuto
737 3010 929 3061 tempore
955 3006 1109 3047 deesse
1134 3006 1405 3060 contingerit,
1439 3006 1474 3047 L
1507 3006 1662 3047 marcis
1686 3020 1763 3061 per
1785 3019 1941 3047 annum
1967 3005 2162 3046 defectus
2185 3004 2330 3045 militis

146 3072 389 3114 redimetur.

288 3144 323 3182 2.
368 3141 600 3183 Pecuniam
640 3142 690 3182 de
734 3142 1009 3183 huiusmodid
1042 3143 1338 3197 redemptione
1383 3143 1610 3184 collectam
1653 3143 1897 3198 imperator,
1939 3143 1970 3183 si
2005 3142 2062 3183 ibi
2095 3142 2236 3192 fuerit,
2279 3140 2332 3182 ad

147 3210 436 3249 testimonium
480 3215 522 3251 et
564 3211 786 3251 consilium
826 3211 939 3265 regis
981 3211 1313 3252 ierosolimitani
1357 3216 1401 3252 et
1439 3211 1681 3266 patriarche
1724 3225 1774 3252 ac
1811 3211 2005 3265 magistri
2043 3210 2194 3251 domus
2226 3209 2331 3250 Ala-

148 3291 396 3317 mannorum
430 3284 471 3319 et
505 3279 683 3319 aliorum
716 3279 947 3334 proborum
981 3279 1200 3320 hominum
1234 3279 1287 3320 de
1320 3284 1452 3330 terra,
1487 3280 1544 3320 ibi
1580 3279 1633 3320 ad
1666 3279 1890 3321 servitium
1922 3279 2055 3319 Ihesu
2089 3278 2217 3319 Cristi
2250 3292 2327 3320 ex-

285 3389 350 3424 101
363 3400 397 3424 a.
431 3397 461 3432 a)
488 3393 642 3425 Albanus
668 3394 718 3425 ed.
835 3391 867 3435 b)
899 3393 1091 3426 Clarentani
1116 3394 1167 3425 ed.
1294 3395 1322 3435 c)
1349 3395 1470 3436 aliquis
1496 3394 1546 3427 ecl.
1665 3392 1697 3435 d)
1729 3405 1795 3435 pro
1820 3394 1860 3426 de
1885 3394 2079 3426 huiusmodi
2104 3393 2173 3426 ed..·
2197 3393 2329 3432 huiius;

147 3447 319 3479 emendari
345 3460 358 3479 e
386 3460 436 3479 nr.
460 3452 529 3481 102.

285 3538 317 3574 1,,
347 3536 404 3569 Ita
429 3537 547 3577 alitia-
578 3538 725 3572 codicem
749 3539 811 3574 hoe
836 3540 907 3573 Ioco
932 3539 1092 3573 rnzitilam
1116 3550 1184 3573 esse
1205 3543 1311 3582 patei.
1365 3538 1534 3573 Fortasse
1560 3539 1833 3573 instrumentum
1852 3539 2052 3583 publicam,
2080 3551 2148 3583 qao
2172 3550 2261 3574 usas
2285 3543 2332 3573 cst

150 3592 365 3637 Hymni-clim,
395 3594 519 3636 incepit
547 3595 670 3628 rerbis:
697 3596 887 3629 Processus
914 3596 1055 3630 consilii
1082 3600 1142 3630 ete.
1238 3597 1275 3636 ⁴2)
1305 3595 1453 3630 Doeberl
1480 3596 1729 3630 ‘Monamenta
1749 3595 1962 3631 Germaniae
1977 3597 2108 3632 selecta’
2134 3597 2171 3640 V,
2190 3602 2234 3631 46
2258 3607 2332 3630 non

147 3650 315 3692 scriptam
344 3654 511 3692 nostrum,
539 3651 599 3684 sed
621 3652 741 3693 potins
768 3658 901 3686 10:102
922 3653 1072 3695 praebet.

2365 1924 2397 1948 10

2367 2266 2397 2290 15

2367 2613 2400 2637 20

2368 3010 2400 3035 25

2367 3403 2399 3428 30
