2558 3970
717 176 920 212 ALFONSI
947 178 1087 214 REGIS
1113 178 1544 215 CONSTITUTIONES.
1599 181 1694 216 1:256.
1745 181 1900 217 N1·.3s4.
2318 186 2398 225 497

204 290 365 332 domini
407 293 521 348 regis
562 307 638 348 pro
681 293 829 335 amieis
868 294 1046 336 habebit
1079 300 1121 335 et
1153 295 1320 336 tenebit
1354 302 1395 337 et
1439 297 1633 337 inimicos
1680 312 1754 352 pro
1790 298 1970 339 inimicis
2005 305 2047 340 ct
2079 314 2154 340 eos
2187 298 2399 340 ‹liffidabit

205 360 246 400 in
278 360 476 416 personis
510 366 553 403 et
584 369 751 412 averc'⁶‚
792 376 876 403 non
910 362 1182 404 obstantibus
1218 364 1353 418 pactis
1389 364 1624 420 probabitis
1659 380 1754 406 cum
1789 367 1948 422 aliquo.
2071 368 2162 421 (ln)
2199 367 2251 408 Et
2284 367 2395 422 quod

203 427 344 470 dictus
378 428 575 472 dominus
616 445 691 472 rex
734 432 869 487 possit
902 446 997 472 cum
1039 432 1124 473 suis
1160 433 1357 473 vassallis
1391 440 1431 474 ct
1472 433 1671 475 fidelibus
1705 441 1745 475 et
1780 450 1911 476 avere
1947 437 2088 478 far-erc
2122 451 2322 489 guerram
2358 442 2399 477 ct

203 512 354 554 pacem
387 498 440 541 de
475 501 602 541 terris
635 505 679 542 et
712 502 863 543 castris
897 505 940 542 et
972 501 1124 542 insulis
1159 501 1360 542 Pisanis-‘⁸
1392 507 1540 543 contra
1572 518 1741 544 (minem
1777 519 2002 559 personam
2037 512 2078 546 et
2113 507 2275 547 locum.
2312 512 2396 546 tam

149 582 164 606 5
204 566 442 609 Saracenos
481 583 607 624 quam
653 569 920 612 christianos.
1041 570 1132 624 (20)
1176 570 1228 611 Et
1272 571 1384 626 quod
1430 572 1522 612 illas
1557 572 1705 613 decem
1750 574 1920 625 galeas.
1966 589 2072 629 quas
2108 590 2181 630 per
2214 575 2394 631 quadra-

134 928 165 952 Ιυ

131 1279 160 1302 15

127 1626 160 1650 20

126 1979 159 2005 25

127 2326 160 2350 30

126 2673 158 2698 35

126 3019 160 3044 40

128 3364 161 3389 45

202 637 323 692 ginta
367 637 456 679 dies
497 639 537 680 in
579 640 775 681 exercitu
818 641 1011 696 generali
1055 641 1301 696 imperatori
1342 641 1444 682 dare
1484 641 1641 682 (lictum
1683 656 1864 682 comune
1910 650 2093 686 tenetur.
2135 644 2249 684 dabit
2284 644 2396 685 dicto

202 705 373 748 domino
406 708 498 763 regi
531 722 666 764 usque
690 709 744 750 ad
777 715 960 764 quatuor
984 724 1157 751 menses
1192 725 1269 765 per
1292 716 1424 751 totam
1455 710 1640 751 Ytaliam
1665 717 1707 751 et
1733 726 1808 766 per
1831 717 1961 752 totam
1988 713 2178 753 Africam
2205 720 2396 768 nfinporv

202 777 322 832 pacis
355 776 458 818 dicti
493 779 682 819 comunis
715 793 810 820 cum
846 779 1036 821 finitimis
1068 779 1310 829 antedictis,
1348 780 1436 820 suis
1469 780 1570 820 dicti
1606 781 1800 820 comunis
1831 782 2048 836 expensis.
2108 781 2157 821 let
2181 781 2291 836 quod
2316 782 2396 823 alia

202 845 344 901 lignab
376 850 419 888 et
450 860 584 889 naves
618 852 661 889 et
694 847 844 902 galeas
878 848 1087 889 concedet
1109 847 1226 889 dicto
1254 847 1428 889 domino
1463 849 1554 903 regi
1579 849 1741 890 dictum
1767 863 1963 890 comune.
1999 850 2087 890 suis
2111 850 2210 891 ‹licti
2236 850 2395 891 ‹lomini

203 915 318 970 regis
350 917 566 971 expensis,
630 916 685 958 Et
718 917 830 959 idem
865 918 992 959 faciet
1025 917 1077 959 de
1110 917 1235 959 dictis
1266 918 1415 959 decem
1440 919 1576 973 galeis
1601 933 1622 958 a
1649 917 1839 973 predicto
1864 918 2046 959 termino
2074 918 2157 959 llll
2186 921 2395 960 mensium

198 984 324 1026 ultra.
444 984 535 1041 (2l)
568 985 624 1026 Et
656 986 769 1042 quod
803 1001 856 1028 cx
891 1001 1003 1028 nunc
1037 986 1176 1028 dictus
1202 987 1391 1029 sindicus
1417 987 1613 1029 coneedit
1648 1002 1722 1042 pro
1747 989 2040 1043 suprascripto
2064 990 2230 1030 comuni
2257 989 2395 1030 cidem

198 1053 371 1095 domino
420 1055 531 1110 regi⁷
578 1055 692 1110 quod
733 1056 864 1098 liceat
906 1057 942 1097 ei
984 1057 1221 1099 concedere
1265 1058 1491 1113 privilegia
1525 1064 1568 1098 et
1611 1057 1772 1111 gratias
1807 1057 2004 1097 omnibus
2040 1058 2311 1098 venientibus
2345 1058 2395 1098 :ul

198 1122 452 1166 fidelitatem
497 1138 616 1166 suam
656 1130 700 1167 et
741 1125 795 1167 ad
829 1126 1062 1168 amicitiam
1097 1127 1318 1168 Pisarumu
1352 1127 1404 1168 ad
1441 1141 1560 1168 suain
1598 1127 1885 1168 voluntatem.
1927 1127 2045 1167 salv«)
2082 1127 2172 1167 iure
2207 1129 2397 1168 comunis

198 1191 426 1234 Pisaruma
457 1198 499 1234 et
531 1208 615 1235 non
649 1194 954 1250 preiudicando
987 1197 1025 1237 ei
1059 1197 1101 1237 in
1135 1197 1292 1251 aliquo.

343 1261 437 1318 (22)
470 1261 527 1304 Et
559 1263 642 1305 ista
675 1265 830 1311 onmia,
863 1279 946 1320 quc
980 1280 1056 1307 nos
1089 1265 1289 1307 dominus
1314 1266 1522 1306 Alfonsus
1557 1280 1632 1306 rex
1666 1267 1833 1307 electus
1869 1266 1907 1305 in
1934 1280 2078 1318 regem
2106 1265 2395 1305 Romanorum

199 1335 243 1373 et
274 1331 314 1372 in
349 1331 652 1388 imperatorem
684 1335 974 1389 promittimus
1007 1336 1152 1377 facere
1187 1340 1229 1376 et
1262 1349 1437 1377 servare
1471 1350 1546 1390 per
1581 1335 1693 1376 istud
1727 1335 2056 1376 instrumentum
2081 1334 2251 1374 comuni
2278 1334 2394 1374 l'isa-

198 1407 329 1449 rum³‚
372 1402 662 1457 promittimus
704 1403 844 1445 eidem
890 1405 1060 1445 comuni
1105 1409 1270 1445 tantum
1315 1409 1510 1460 tempore
1552 1411 1698 1445 nostro
1733 1410 1775 1445 et
1808 1404 1881 1444 filii
1916 1405 2049 1445 nostri
2085 1403 2205 1445 nobis
2241 1404 2279 1444 in
2316 1403 2394 1444 liov
2456 1417 2459 1420 ·

198 1469 360 1511 honore
392 1472 681 1523 succedentis,
717 1473 777 1514 ita
809 1473 923 1529 quod
957 1473 1141 1515 heredes
1176 1478 1217 1515 et
1250 1487 1526 1515 successores
1561 1474 1634 1515 alii
1660 1473 1712 1514 ad
1738 1474 1816 1515 hec
1842 1488 1925 1514 non
1950 1473 2198 1528 obligentur
2222 1478 2396 1528 propter

197 1539 312 1581 istud
342 1540 674 1583 instrumentum
707 1557 788 1584 nec
822 1547 997 1599 propter
1029 1544 1134 1584 istas
1169 1543 1503 1599 promissiones:
1537 1547 1580 1585 et
1612 1543 1693 1584 hoc
1728 1548 2018 1598 protestamur
2051 1543 2089 1584 in
2126 1543 2204 1583 isto
2237 1543 2390 1583 instru-

198 1613 364 1661 mento,
396 1623 450 1651 ne
483 1610 537 1652 ab
570 1611 666 1653 aliis
700 1611 932 1654 heredibus
966 1617 1009 1654 et
1042 1612 1365 1654 successoribus
1400 1613 1556 1653 nostris
1593 1613 1731 1668 possit
1767 1612 1931 1654 ratione
1968 1612 2090 1653 istius
2125 1613 2394 1653 instrumenti

196 1691 276 1720 nec
308 1679 489 1721 alicuius
523 1680 815 1736 predictorum
849 1682 1018 1723 comuni
1050 1682 1280 1724 Pisaruma
1312 1682 1546 1733 conveniri,
1580 1682 1670 1737 peti
1704 1682 1770 1723 vel
1804 1682 1932 1736 exigi.

341 1748 434 1804 (23)
468 1749 525 1791 Et
557 1765 637 1806 ego
669 1751 886 1807 predictus
911 1751 1135 1793 Bandinus
1169 1751 1361 1793 sindicus
1395 1751 1630 1793 sindicatus
1664 1752 1835 1792 nominc
1868 1766 1943 1807 pro
1979 1752 2146 1793 comuni
2172 1752 2397 1792 l'isaruw

196 1818 396 1874 promitto
428 1819 570 1862 facere
603 1820 724 1862 vobis
757 1821 927 1863 domino
960 1821 1142 1863 Alfonso
1175 1821 1369 1878 predicto
1404 1822 1546 1863 onmia
1579 1826 1622 1862 et
1655 1821 1825 1876 singula
1858 1821 2052 1878 predicta
2087 1826 2252 1862 tantum
2288 1826 2394 1862 tcm-

194 1902 299 1944 pore
336 1893 482 1931 vestro
525 1895 569 1932 et
606 1891 784 1932 illustris
828 1891 904 1932 filii
937 1892 1070 1933 vestri
1103 1892 1226 1934 vobis
1271 1892 1313 1932 in
1358 1891 1436 1933 hoc
1479 1891 1644 1933 honore
1678 1890 1970 1938 succedentis,
2018 1891 2076 1932 ita
2108 1895 2252 1932 tamen
2286 1890 2396 1946 quod

196 1962 372 2015 propter
401 1959 514 2000 istud
547 1960 880 2003 instrumentum
915 1975 993 2003 nec
1023 1965 1201 2017 propter
1234 1962 1338 2002 istas
1372 1961 1681 2017 promissiones
1708 1975 1793 2002 non
1817 1960 2033 2016 obligetur
2057 1960 2274 2016 aliquibus
2299 1960 2395 2000 aliis

196 2029 520 2071 successoribus
555 2030 710 2072 vestris
744 2044 925 2072 comune
959 2031 1205 2078 Pisarum²¹;
1245 2035 1288 2072 et
1320 2030 1416 2073 idco
1451 2030 1529 2071 hoc
1563 2035 1778 2086 protestor
1810 2031 1850 2071 in
1885 2030 1967 2070 isto
2003 2029 2309 2080 instrumento,
2345 2043 2395 2069 ne

197 2098 368 2139 comuni
399 2098 626 2141 Pisaruma
659 2104 835 2156 propter
866 2101 948 2142 ista
980 2101 1118 2156 possit
1150 2101 1191 2142 in
1227 2105 1447 2156 posterum
1481 2100 1643 2156 aliquid
1677 2099 1962 2156 prciudicium
1997 2101 2208 2156 generari.

340 2166 434 2224 (24)
476 2167 532 2210 Et
570 2169 624 2210 ad
657 2170 851 2212 veritatis
885 2170 1136 2213 memoriam
1169 2170 1211 2211 in
1250 2174 1380 2212 antea
1413 2169 1754 2211 conservandam
1788 2170 1981 2225 prefatus
2015 2169 2214 2211 dominus
2247 2183 2323 2210 rex
2357 2175 2397 2210 et

197 2235 336 2279 dictus
370 2237 558 2280 sindicus
599 2253 667 2281 me
700 2239 925 2282 Matheum
957 2240 1172 2282 notarium
1206 2240 1340 2281 filium
1374 2239 1590 2295 quondam
1623 2239 1760 2282 Saluii
1792 2239 1844 2281 dc
1878 2239 2054 2281 civitate
2088 2240 2312 2280 Pisaruma
2344 2239 2396 2280 dc

196 2307 376 2363 prefatis
409 2308 630 2361 omnibus,
669 2313 716 2351 ut
754 2310 952 2366 superius
986 2311 1147 2366 scripta
1179 2314 1300 2362 sunt,
1335 2314 1498 2351 cartam
1531 2314 1574 2351 et
1606 2313 1748 2351 cartas
1782 2308 1979 2365 publicas
2014 2323 2142 2350 unam
2178 2313 2220 2350 et
2251 2309 2396 2364 plures

197 2377 333 2419 semel
366 2381 408 2419 et
429 2377 593 2433 pluries
616 2379 804 2421 scribere
829 2384 873 2421 et
895 2379 1178 2421 confirmarec
1213 2384 1256 2421 et
1279 2380 1322 2420 in
1346 2378 1562 2435 publicam
1586 2379 1842 2434 scripturam
1868 2377 2064 2433 redigere
2089 2378 2394 2433 rogaverunt·¹.

340 2446 453 2488 Acta
492 2451 591 2489 sunt
632 2448 713 2491 hec
753 2449 896 2490 omnia
938 2449 981 2490 in
1020 2449 1122 2490 villa
1164 2448 1217 2490 de
1258 2448 1384 2490 Soria
1425 2448 1477 2490 dc
1519 2448 1715 2504 Yspania
1757 2447 1876 2503 regni
1919 2446 2109 2488 Oastellc
2155 2448 2196 2487 in
2238 2447 2395 2502 palatio

196 2515 330 2571 regali
363 2517 645 2573 suprascripti
677 2517 836 2559 domini
869 2519 1004 2574 regis,
1037 2518 1080 2559 in
1112 2518 1329 2574 presentia
1362 2532 1458 2559 mea
1492 2517 1655 2558 Mathei
1687 2517 1845 2558 notarii
1880 2516 2113 2571 supradicti
2147 2520 2188 2558 et
2222 2517 2261 2556 in
2295 2531 2392 2572 pre-

197 2585 337 2627 sentia
369 2585 638 2628 dominorum
677 2587 818 2629 fratris
852 2586 1019 2630 Stefani
1053 2587 1106 2629 de
1140 2587 1287 2629 ordine
1326 2588 1505 2628 fratrum
1538 2586 1863 2628 Predicatorum
1897 2586 2213 2641 archicpiscopi
2246 2585 2392 2626 Turri-

197 2654 311 2696 tani‘³
343 2659 386 2697 et
416 2656 559 2698 fratris
581 2655 807 2699 Laurentii
840 2657 891 2698 de
913 2657 1165 2712 Portugalia
1197 2656 1249 2699 dc
1279 2655 1428 2698 ordine
1461 2656 1643 2697 fratrum
1665 2655 1878 2697 Minorum
1910 2655 2202 2711 penitentiarii
2234 2655 2393 2695 domini

194 2739 305 2781 pape
347 2729 391 2766 et
432 2726 725 2782 prosecutoris
758 2727 894 2768 crucis
929 2726 1092 2782 negotii
1124 2727 1165 2767 in
1198 2730 1288 2768 tota
1318 2725 1511 2782 Yspania
1545 2730 1588 2767 et
1621 2725 1770 2766 Gai-tie
1804 2724 1923 2766 Petri
1956 2724 2244 2766 archidiaconi
2280 2724 2390 2764 Mar-

194 2794 461 2847 rocchitanif,
499 2795 676 2838 testium
707 2795 760 2837 ad
793 2796 872 2838 hec
905 2796 1151 2852 specialiter
1183 2796 1419 2838 electorum
1455 2799 1498 2837 et
1532 2799 1799 2846 vocatorum,
1842 2793 2054 2835 dominice
2090 2794 2392 2834 incarnationis
2426 2785 2428 2787 ¹

195 2879 305 2906 anno
337 2864 563 2907 millesimo
596 2865 893 2908 ducentesimo
925 2866 1283 2922 quinquagesimo
1314 2869 1439 2907 sexto
1473 2864 1706 2906 secundum
1736 2878 1907 2905 cursum
1932 2863 2160 2904 Pisanum²
2194 2868 2236 2904 ct
2269 2864 2390 2918 quin-

195 2934 446 2990 quagesimo
488 2935 635 2990 quinto
677 2934 914 2977 secundum
957 2949 1127 2977 cursum
1168 2935 1381 2990 Yspanie‚
1421 2934 1653 2975 indictione
1692 2933 2032 2989 quartadecima,
2076 2932 2391 2987 quintodecimo

195 3003 294 3046 Kal.
324 3003 502 3060 Aprilis.
563 3004 620 3046 Et
660 3006 703 3046 in
743 3006 980 3047 continenti
1021 3005 1172 3046 eodem
1213 3005 1502 3060 suprascripto
1535 3003 1603 3044 die
1637 3008 1679 3044 et
1719 3004 1811 3043 loco
1853 3008 1896 3043 et
1927 3016 2069 3042 coram
2103 3003 2391 3058 suprascripto

196 3073 366 3115 domino
398 3089 502 3130 rege
537 3080 579 3116 et
601 3089 670 3116 me
693 3075 870 3117 Matheo
895 3075 1059 3116 notario
1084 3075 1371 3130 suprascripto
1395 3078 1437 3115 et
1462 3073 1676 3115 testibusg
1707 3071 2010 3128 suprascriptis
2035 3071 2174 3111 dictus
2199 3071 2392 3113 dominus

194 3142 417 3185 Bandinus
439 3143 550 3185 dixit
571 3148 614 3185 et
635 3148 900 3199 protestatus
925 3144 1015 3196 fuit,
1039 3159 1084 3186 se
1108 3159 1236 3186 cruce
1261 3144 1478 3199 signatum
1503 3158 1615 3195 esse,
1640 3147 1683 3184 ct
1705 3155 1877 3183 crucem
1899 3141 2119 3181 mostravit
2140 3141 2181 3181 in
2206 3141 2392 3182 birrcto¹¹

199 3213 312 3268 quod
345 3213 388 3254 in
421 3214 562 3269 capite
595 3214 866 3270 deportabat.

340 3282 406 3338 (S.
423 3282 499 3337 N.)
545 3283 640 3339 Ego
674 3283 873 3325 Matheus
908 3283 1042 3325 Saluii
1075 3283 1288 3339 quondam
1327 3283 1459 3329 filius,
1507 3281 1665 3322 domini
1698 3280 1769 3321 Fr.
1803 3280 2067 3321 serenissimi
2099 3279 2390 3320 Romanorum

199 3351 473 3407 imperatoris
503 3353 713 3403 notarius,
745 3353 949 3409 predictis
973 3353 1170 3393 omnibus
1203 3353 1375 3394 interfui
1405 3356 1448 3393 et
1477 3352 1554 3392 hcc
1579 3350 1722 3391 omnia
1752 3354 1905 3403 rogatu
1929 3348 2210 3403 suprascripti
2233 3348 2392 3388 domini

197 3421 312 3476 regis
351 3424 394 3462 et
436 3421 538 3462 dicti
581 3422 732 3463 sindici
771 3422 825 3464 ad
864 3422 1061 3464 veritatis
1107 3422 1360 3463 memoriam
1401 3422 1441 3461 in
1485 3425 1613 3461 antea
1652 3417 1989 3460 conservandam
2031 3417 2182 3472 scripsi
2222 3422 2264 3458 et
2296 3431 2390 3458 meo

198 3490 322 3544 signo
355 3491 637 3535 confirmavi&

334 3604 421 3640 394.
453 3606 484 3649 z)
509 3603 575 3640 aii'e
600 3619 650 3640 or.
771 3607 804 3648 ³)
836 3607 892 3651 pi}
911 3620 959 3640 vr.
1086 3606 1119 3650 b)
1152 3598 1203 3649 h}¹
1220 3620 1268 3640 or.
1377 3607 1405 3646 c)
1433 3594 1565 3638 firmare
1590 3618 1638 3638 or.
1755 3602 1789 3646 d)
1815 3613 1959 3647 rogaver
1982 3615 2030 3635 or.
2142 3605 2171 3643 e)
2192 3601 2314 3635 Tritani
2341 3613 2389 3634 or.

198 3662 230 3706 f)
255 3663 483 3704 marocchiffp,
509 3675 560 3697 or.
677 3664 711 3705 Β)
737 3663 765 3697 tt
789 3676 838 3697 or.
957 3663 990 3707 1¹)
1017 3665 1125 3698 bireto
1149 3677 1199 3698 or.
1320 3663 1343 3704 i)
1366 3657 1498 3696 firmavi
1524 3675 1572 3696 or.

335 3781 385 3806 m„
410 3781 695 3806 cons'rrru'rionss
715 3783 751 3806 11.
2076 3766 2120 3800 63
