2558 3970
95 897 128 921 10

92 1242 124 1266 15

88 1589 122 1614 20

92 1934 124 1960 25

90 2286 123 2311 30

88 2631 120 2656 35

88 2975 122 3001 40

85 3338 119 3365 45

89 3624 123 3650 50

701 144 940 179 FltlDERlCl
970 144 1012 178 ll.
1039 143 1469 179 CONSTI'I'U'I'IONES.
1523 146 1620 178 1232».
1671 144 1731 178 Nr.
1750 146 1828 179 218.
2284 148 2365 186 303

164 261 333 303 Italiam
367 261 662 316 imperialibus
696 260 831 300 titulis
866 260 1115 303 reformare,
1151 260 1236 303 ubi,
1271 259 1497 299 diuturnoc
1534 267 1726 316 tempore
1753 261 1977 301 rebellium
2006 262 2044 300 in
2071 261 2217 300 maiori
2245 269 2364 314 parte

165 330 391 371 humiliata
429 329 634 385 superbia
673 334 716 370 et
756 328 920 369 bellicis
955 328 1183 368 conatibus
1226 327 1409 368 nostris¹¹
1444 328 1650 369 inclinata
1684 329 1914 374 mandatis,
1955 330 2156 384 reliquias
2191 330 2224 369 si
2257 338 2365 383 (μωυ

167 402 333 440 restant
371 398 603 454 Ligurums
650 397 876 438 infidorum
921 396 1183 438 intendimus
1233 401 1437 436 extento&
1488 405 1632 437 nostre
1679 399 1869 453 potentie
1911 399 2086 440 brachio
2119 399 2364 452 subiugare.

167 467 362 523 Cumque
395 467 595 509 ducatum
632 467 798 522 Spoleti
831 470 873 507 et
905 465 1139 506 marchiam
1176 465 1507 509 Anconitanam,
1541 466 1648 506 duas
1687 467 1807 508 [talie
1844 469 2085 522 provincias
2110 468 2363 521 singulares.

168 537 256 593 pati
288 537 468 578 ulterius
502 550 584 578 non
618 534 863 591 possimus¹·
897 535 951 576 ab
986 534 1151 589 imperii
1177 548 1352 589 corpore
1388 536 1474 575 fore
1499 534 1671 583 divisas,
1706 551 1787 590 que
1823 537 2070 578 habilioresi
2105 543 2146 577 et
2170 537 2364 577 utiliores

164 605 289 648 nobis
309 612 352 648 et
374 606 553 661 imperio
578 610 677 646 sunt
695 619 789 646 cuni
815 619 869 646 ex
890 603 1178 646 strenuitatek
1203 604 1389 644 virorum
1415 608 1502 644 tum
1527 618 1579 644 cx
1602 605 1779 659 antiqua
1804 605 2026 650 fidelitate,
2051 621 2176 660 quam
2197 620 2366 660 semper

166 675 219 717 ad
253 675 478 730 imperium
512 689 606 716 cum
651 688 817 715 summa
849 673 1077 714 devotione
1116 673 1337 725 gessistis,
1381 672 1431 712 ad
1476 678 1634 713 statum
1683 674 1812 714 totius
1850 674 1970 715 ltalie
2006 676 2045 715 in
2081 682 2228 730 optata
2261 689 2363 729 pave.

164 744 436 793 servandum,
469 744 672 798 exigente
706 741 1014 798 ingratitudine
1048 741 1308 796 presidentis
1341 742 1539 791 ecclesie,
1573 742 1626 783 ad
1653 743 1840 797 ipsarum
1869 745 2181 784 revocationem
2209 758 2360 798 propo-

164 814 291 855 situm
326 818 368 854 ct
400 813 686 854 intentionem
728 816 917 852 nostram
960 810 1162 851 duximus
1197 810 1455 851 exercenda.
1518 810 1641 857 Quod
1676 812 1789 851 enim
1830 812 1989 852 tamdiu
2026 812 2114 851 vos¹

164 882 363 924 ditionem
396 882 532 923 teneri
565 881 854 937 permisimus,
888 880 984 936 pius
1018 886 1121 920 nos¹¹
1154 880 1287 920 movit
1320 880 1514 927 affectus,
1550 880 1822 935 sperantibus
1857 880 1991 923 nobis,
2026 887 2071 921 ut
2095 886 2263 935 propter
2287 880 2363 919 lion

164 956 303 993 status
336 955 480 992 vester
512 950 756 1005 indempnis
790 954 833 991 et
865 949 1033 1003 integer
1066 954 1315 990 servaretur
1347 954 1390 990 et
1432 949 1555 990 nobis
1591 954 1634 990 et
1668 949 1848 1004 imperio
1883 950 2058 990 eederet
2090 949 2142 990 ad
2176 964 2360 989 comnm-

164 1021 343 1063 ditatem
377 1020 547 1062 servicii
582 1023 625 1061 et
657 1018 845 1061 honoris.
909 1018 994 1060 Sed
1028 1018 1100 1059 ubi
1135 1022 1198 1059 tot
1232 1018 1487 1059 vexationes
1513 1023 1680 1059 vestras
1715 1023 1757 1059 et
1791 1019 2084 1059 mutationes‘*
2120 1019 2365 1058 innumeras

163 1095 206 1132 et
237 1090 443 1139 diversas,
478 1089 730 1131 habentium
755 1095 806 1128 ap
829 1087 1012 1128 diversis
1036 1088 1283 1128 nationibus
1308 1092 1563 1142 potestates,
1598 1088 1640 1128 in
1666 1088 1786 1129 vobis
1817 1088 2098 1138 advertimus,
2133 1102 2208 1142 per
2231 1097 2364 1142 quas‘1

161 1159 430 1201 turbationes
463 1158 665 1199 continue
698 1157 828 1198 statui
861 1161 1032 1198 vestro*
1065 1160 1108 1198 et
1140 1156 1327 1212 dampna
1360 1161 1578 1212 parantur,
1614 1157 1894 1197 inhibitiones
1920 1158 2061 1206 tiunt⁸,
2095 1156 2206 1211 quod
2231 1157 2366 1211 petita

162 1233 204 1270 et
236 1227 382 1270 debita
414 1241 491 1284 per
524 1241 599 1268 vos
632 1227 811 1283 imperio
845 1226 1028 1267 servicia
1060 1240 1144 1267 non
1176 1228 1460 1281 prestentur‘,
1496 1227 1598 1281 quin
1632 1227 1794 1282 pocius,
1830 1226 1943 1281 quod
1977 1232 2042 1268 est
2074 1226 2291 1266 difficilius
2325 1232 2366 1265 et

161 1312 336 1355 prorsus
378 1298 612 1352 ingratum,
651 1296 705 1338 ad
743 1295 1100 1337 commovendum
1133 1300 1284 1337 contra
1317 1309 1395 1336 nos
1435 1309 1635 1350 guerram
1673 1310 1746 1336 vos
1781 1297 1979 1350 antiquos
2013 1294 2162 1335 tidelcs
2197 1295 2364 1350 imperii

160 1371 365 1422 satagunt
386 1366 564 1408 incitare
588 1370 631 1407 et
654 1365 858 1407 mandata
880 1369 1054 1406 nostrau
1077 1364 1286 1406 obaudire
1311 1365 1588 1420 compellunt,
1614 1365 1693 1406 hec
1717 1369 1759 1406 et
1782 1366 1866 1405 alia
1889 1365 2086 1419 graviora
2110 1365 2150 1405 in
2177 1370 2364 1404 nostram

162 1436 361 1478 iniuriam
395 1440 439 1478 et
471 1435 650 1477 evidens
684 1435 914 1490 dampnum
949 1435 1207 1476 auctoritate
1240 1434 1353 1475 sedis
1379 1434 1616 1490 apostolice
1641 1435 1958 1475 machinantes:
1994 1435 2103 1474 iuste
2128 1433 2366 1474 inducimur

160 1509 203 1547 et
246 1519 488 1556 movemur,
534 1518 611 1546 vos
649 1505 873 1546 universos
919 1509 961 1545 et
1005 1504 1197 1559 singulos
1240 1518 1264 1544 a
1303 1504 1568 1555 iuramento,
1615 1504 1729 1559 quod
1769 1519 1823 1545 ex
1864 1504 2173 1558 permissionev
2219 1508 2365 1543 nostra

160 1575 356 1616 nostrisW
387 1573 704 1616 detractoribus
738 1574 858 1615 salvo
892 1573 1052 1614 honore
1092 1573 1261 1629 imperii
1295 1573 1592 1629 prestitistisx,
1636 1588 1691 1614 ex
1724 1573 1926 1628 predictis
1961 1573 2102 1613 causis
2136 1572 2364 1612 absolvere

159 1658 209 1685 ae
256 1643 519 1685 denunciare
567 1644 741 1699 penitus
789 1643 1032 1693 absolutos,
1084 1643 1385 1698 premittentes
1435 1642 1642 1684 dilectum
1691 1643 1822 1683 filium
1863 1647 2055 1683 nostrum
2099 1641 2151 1682 ΙΙ.
2194 1648 2364 1692 regem-V

159 1713 383 1769 potentiez
415 1716 562 1754 nostre
596 1712 840 1768 speculum,
885 1712 957 1767 qui
989 1726 1065 1753 vos
1100 1725 1248 1753 omnes
1281 1711 1375 1752 vice
1408 1717 1450 1752 et
1482 1725 1671 1767 persona
1703 1716 1879 1753 nostraa
1911 1712 1952 1752 in
1986 1715 2175 1751 nostram
2211 1715 2253 1750 et
2287 1710 2362 1750 im-

159 1782 268 1838 perii
302 1781 510 1824 reducatb
542 1782 750 1823 ditionem
784 1785 850 1823 etc
889 1780 942 1822 ad
976 1781 1146 1822 solitam
1192 1781 1361 1837 imperii
1395 1781 1666 1833 libertatem,
1707 1786 1960 1836 recepturus
1993 1781 2046 1821 ab
2079 1780 2290 1820 universis
2323 1784 2366 1819 et

161 1851 341 1906 singulis
375 1855 566 1893 vestrum
598 1851 822 1907 corporale
862 1865 938 1906 pro
972 1851 1092 1892 nobis
1125 1854 1169 1892 et
1200 1851 1380 1906 imperio
1415 1851 1715 1892 iuramentum.
1779 1850 1836 1891 Et
1867 1851 1967 1891 licet
1999 1850 2151 1904 aliqui.
2187 1850 2255 1904 qui
2290 1863 2365 1904 pro

163 1925 358 1977 tempore
399 1920 600 1973 fuerint‘l,
634 1935 679 1962 se
713 1925 881 1962 nostros
920 1921 1098 1962 nuncios
1140 1920 1350 1962 facientes
1385 1935 1459 1961 vos
1494 1921 1666 1961 nomine
1701 1924 1846 1961 nostro
1880 1919 2122 1974 receperint
2156 1933 2234 1959 nec
2269 1933 2363 1973 pro-

157 1991 386 2032 missiones
428 2004 574 2032 corum
615 1990 832 2046 potuerint
873 1991 1130 2041 observa1·i⁰,
1172 1989 1272 2031 dum
1313 1989 1459 2031 motuf
1495 1990 1667 2045 proprio
1708 1990 1798 2030 sine
1845 1994 1992 2029 nostra
2030 1989 2208 2029 scicntia
2249 1994 2366 2028 certa

156 2061 483 2116 processissent,
516 2060 558 2100 in
591 2060 677 2101 filio
709 2064 871 2111 nostro,
905 2074 1033 2115 quem
1066 2059 1146 2100 deg
1178 2064 1323 2100 nostro
1355 2059 1492 2100 latere
1527 2059 1794 2100 destinamus
1819 2073 1912 2099 cum
1938 2057 2194 2099 certitudine
2221 2062 2364 2098 nostre

158 2129 421 2171 conscientie
454 2143 503 2170 ac
534 2133 729 2185 prompte
761 2129 1028 2186 plenitudine
1061 2130 1304 2184 potcstatis,
1338 2128 1490 2170 damus
1519 2129 1640 2170 vobis
1673 2128 1974 2169 confidentiam
2008 2128 2134 2182 plene
2159 2132 2318 2168 certam
2333 2127 2363 2172 ¹¹,

159 2198 337 2240 firmiter
366 2212 416 2240 ae
439 2198 778 2240 irrevocabiliter
799 2197 1135 2254 promittentosi,
1169 2198 1281 2254 quod
1306 2212 1381 2239 vos
1407 2212 1556 2239 omnes
1580 2199 1620 2238 in
1645 2199 1845 2238 manibus
1870 2198 2027 2239 nostris
2052 2195 2121 2237 etk
2156 2196 2364 2237 fidelitate

159 2267 424 2324 resumptosl
461 2269 504 2309 in
546 2269 770 2324 perempni
810 2272 958 2310 nostro
993 2272 1036 2309 et
1075 2268 1245 2323 imperii
1279 2268 1414 2309 nostri
1448 2267 1634 2309 dominio
1649 2274 1676 2290 ¹¹¹
1709 2267 1972 2310 tenebimus,
2014 2266 2129 2306 nullo
2169 2271 2363 2321 tempore

158 2337 308 2379 ditioni
330 2338 506 2379 alterius
529 2337 827 2392 resignandos.
873 2337 1009 2379 Immo
1033 2338 1181 2379 fovere
1203 2344 1304 2379 vos¹²
1327 2342 1371 2378 et
1394 2336 1530 2379 modis
1555 2337 1753 2378 omnibus
1777 2340 1845 2377 et⁰
1869 2336 2079 2376 honorare
2099 2335 2363 2391 disponimus

157 2407 410 2449 liberalibus
433 2407 658 2448 beneficiis
683 2411 726 2448 et
748 2407 995 2462 augmentis
1020 2406 1243 2457 honorum,
1277 2406 1418 2448 eidem
1441 2406 1534 2461 regi
1556 2406 1644 2447 filio
1669 2410 1812 2447 nostro
1843 2408 2100 2460 potestatem
2127 2405 2361 2459 plenariam

157 2476 468 2529 concedentes,
512 2475 703 2518 faciendi
736 2491 810 2518 vos
855 2481 993 2518 certos
1036 2477 1200 2532 pariter
1243 2481 1287 2518 et
1327 2490 1523 2528 secul‘OS,
1567 2475 1681 2531 quod
1714 2490 1766 2517 ea
1804 2489 1886 2531 que
1922 2474 2042 2515 vobis
2075 2474 2363 2529 promittimus

158 2550 307 2588 tenore
339 2546 607 2601 presentium
640 2550 683 2587 et
714 2561 793 2602 per
825 2560 946 2597 eum,
988 2547 1186 2587 volumus
1219 2545 1523 2586 inviolabiliter
1556 2545 1794 2586 observari.
1859 2543 2001 2591 Quare
2036 2543 2287 2583 mandamus
2320 2547 2363 2582 et

158 2615 417 2671 precipimus
450 2615 569 2656 vobis
613 2615 691 2657 sub
736 2615 882 2658 debito
928 2615 1166 2665 fidelitatis,
1215 2629 1299 2670 quo
1341 2615 1465 2656 nobis
1499 2620 1541 2656 et
1572 2615 1754 2670 imperio
1789 2613 2014 2663 tenemini,
2064 2617 2106 2653 et
2139 2612 2218 2652 sub
2252 2626 2362 2667 pena

156 2684 379 2740 regalium,
411 2698 493 2740 que
527 2684 579 2726 ab
602 2685 784 2741 imperio
806 2685 1081 2740 possidetisp,
1116 2689 1329 2740 quatenus
1354 2684 1492 2726 eidem
1518 2685 1623 2739 regi,
1657 2683 1864 2724 abiuratis
1890 2681 2088 2723 omnibus
2112 2681 2362 2722 iuramentis

156 2767 238 2808 que
272 2753 368 2795 aliis
400 2754 673 2810 prestitistis,
704 2754 859 2796 nobisq
889 2758 933 2795 et
963 2755 1144 2810 imperio
1177 2753 1400 2795 fidelitatis
1436 2754 1679 2795 iuramenta
1710 2753 1935 2808 prestetis,
1970 2751 2051 2791 sibi
2085 2750 2236 2791 amodo
2270 2750 2360 2790 loco

154 2823 292 2864 nostri
325 2822 378 2864 de
410 2824 569 2865 nostris
602 2824 797 2865 serviciis
830 2825 874 2864 in
907 2824 1107 2865 omnibus
1141 2824 1335 2879 parituri,
1370 2823 1438 2864 cui
1463 2822 1662 2864 dedimus
1695 2825 1955 2876 potestatem
1990 2820 2144 2871 banna,
2177 2820 2360 2860 mulctas

157 2896 201 2934 et
244 2907 403 2948 penaS,
451 2893 562 2934 sicut
602 2893 808 2948 expedire
849 2893 1030 2944 viderit,
1074 2893 1446 2948 contemptoribus
1489 2890 1738 2947 imponendi
1779 2895 1821 2931 et
1861 2890 2063 2945 imposita
2102 2889 2359 2943 requirendi,

157 2962 451 3004 relaxationes
493 2962 794 3004 obedientibus
838 2963 1098 3004 auctoritate
1143 2963 1304 3003 nostrir
1349 2962 1546 3003 culminis
1597 2958 1846 3002 exhibendi.
1908 2958 2119 2999 Omnibus
2158 2957 2361 2999 mandata

155 3031 427 3073 servantibus
476 3035 671 3073 nostrum
718 3032 911 3073 favorem
952 3036 995 3074 et
1041 3032 1225 3087 gratiam
1265 3045 1361 3073 cum
1404 3031 1518 3072 omni
1561 3033 1734 3085 sperata
1776 3027 2069 3069 munificentia
2101 3028 2358 3081 premiorum

156 3101 396 3142 liberaliter
427 3101 694 3156 pollicemur.

2151 813 2189 852 in
2224 812 2365 851 alicua

294 3215 382 3251 218.
417 3215 447 3260 c)
473 3218 606 3250 diutino
631 3217 662 3250 2.
769 3215 802 3258 d)
830 3217 910 3249 mris
935 3216 965 3248 2.
1075 3216 1105 3257 e)
1130 3228 1275 3258 sequens
1300 3216 1332 3248 2.
1429 3214 1459 3256 f)
1488 3217 1665 3257 Lugurum
1697 3214 1723 3246 1.
1820 3214 1852 3248 Β)
1878 3223 1919 3243 ex
1946 3217 2039 3244 tanta
2064 3212 2095 3243 2.
2189 3210 2219 3248 ¹¹)
2247 3223 2361 3254 possu-

155 3285 230 3306 mus
254 3272 286 3307 2.
380 3272 404 3315 i)
432 3275 579 3307 haliores
608 3273 637 3306 1.
754 3273 789 3318 k)
815 3286 893 3307 eum
919 3274 1131 3306 extremitate
1155 3272 1186 3305 2,
1302 3271 1328 3313 ¹)
1356 3285 1416 3305 uos
1441 3272 1472 3305 2.
1592 3270 1635 3311 ¹¹¹)
1663 3271 1808 3302 alienam
1834 3269 1995 3301 ditionem
2024 3268 2052 3301 1.
2079 3268 2110 3301 2.
2228 3275 2260 3307 ῃ)
2286 3281 2359 3312 per-

154 3331 340 3364 viderimus
372 3343 434 3365 vos
463 3331 495 3365 2.
635 3335 665 3370 ⁰)
702 3332 907 3364 tentationes
936 3329 969 3363 2.
1110 3331 1142 3370 P)
1181 3334 1214 3362 et
1245 3329 1277 3362 2.
1419 3332 1449 3367 q)
1488 3340 1572 3370 quos
1603 3326 1633 3360 2.
1781 3325 1807 3367 r)
1849 3330 1962 3358 nostro
1993 3324 2025 3357 2.
2166 3324 2194 3367 8)
2233 3326 2297 3358 suit
2328 3324 2359 3358 2.

154 3387 180 3429 t)
216 3393 385 3431 prestetur
408 3388 440 3422 2.
581 3388 616 3431 u)
657 3400 732 3422 mea
761 3388 799 3430 2;
841 3389 934 3421 locus
970 3393 1168 3430 corruptus,
1205 3398 1322 3420 sensus
1359 3387 1447 3419 enim
1484 3391 1531 3418 est
1567 3384 1778 3422 contrarius;
1814 3394 1860 3414 cm
1899 3382 2075 3425 leyenclum
2112 3395 2178 3415 non
2215 3383 2362 3415 audire?

154 3445 188 3486 V)
214 3447 437 3489 promissione
462 3445 494 3479 2.
601 3445 642 3488 W)
666 3447 788 3479 vestris
816 3446 846 3479 1.
951 3446 984 3487 x)
1010 3445 1159 3488 prestitis
1186 3444 1215 3476 1.
1243 3443 1275 3476 2.
1371 3442 1404 3485 y)
1429 3448 1614 3485 sequantur
1641 3467 1671 3474 ..
1702 3442 1736 3473 in
1765 3440 1793 3473 l.
1888 3439 1918 3483 Ζ)
1943 3451 2085 3483 persone
2114 3440 2140 3471 l.
2237 3440 2267 3481 a)
2293 3440 2360 3472 vite

156 3507 189 3536 et
213 3515 359 3546 persona
382 3509 532 3537 vestram
557 3504 588 3536 2.
728 3503 761 3545 b)
787 3509 820 3537 et
844 3504 986 3547 recipiat
1008 3503 1090 3536 add.
1108 3502 1138 3535 2.
1283 3501 1313 3543 ⁰)
1339 3501 1429 3534 deest
1452 3499 1490 3541 23
1522 3504 1556 3532 et
1580 3500 1640 3532 dit.
1667 3497 1695 3531 1.
1815 3495 1848 3540 d)
1874 3498 2015 3530 firmiter
2039 3496 2072 3529 2.
2191 3497 2220 3537 ⁰)
2246 3498 2358 3529 obser-

155 3570 237 3593 vare
263 3559 292 3592 1.
321 3560 354 3593 2.
495 3560 526 3604 f)
551 3567 645 3595 metu
668 3561 699 3594 2.
841 3561 873 3603 g)
898 3562 951 3594 (ΓΘ
978 3560 1007 3593 1.
1125 3559 1160 3602 h)
1191 3564 1323 3592 certum
1349 3558 1380 3592 2.
1498 3557 1522 3600 i)
1548 3557 1783 3600 premittantes
1810 3555 1840 3587 2.
1958 3553 1991 3595 k)
2017 3555 2107 3587 deest
2130 3552 2160 3586 2.
2279 3552 2302 3594 ¹)
2328 3559 2359 3586 et

157 3618 238 3651 add.
259 3617 289 3651 1-
394 3618 438 3660 m)
463 3620 628 3653 desiderio
652 3619 684 3653 2.
791 3619 825 3662 n)
851 3625 884 3654 et
909 3619 992 3652 add.
1010 3618 1043 3651 2.
1149 3615 1180 3659 0)
1206 3617 1297 3649 deest
1321 3614 1352 3648 2.
1463 3614 1495 3656 P)
1521 3614 1661 3656 §sitietis
1688 3612 1717 3646 1.
1811 3611 1844 3654 q)
1871 3613 1968 3645 nobis
1992 3629 2037 3634 --
2061 3611 2216 3654 prestetis
2241 3610 2308 3643 cles.
2330 3609 2358 3642 1.

155 3673 185 3719 r)
210 3680 326 3709 nostra
351 3676 381 3712 1.
