2558 3970
210 152 288 191 284
737 146 979 181 FRIDERICI
1005 146 1048 180 II.
1078 143 1507 180 CONSTITUTIONES.
1559 145 1655 180 1238.
1703 146 1863 181 N1·.211.

656 305 758 347 211.
804 305 954 347 CONS
960 305 1027 346 TI
1025 305 1063 346 Τ
1069 304 1104 347 U
1110 305 1177 362 Tr
1179 304 1212 346 Ο
1253 304 1494 347 CONTRA
1535 304 1939 347 HAERETIGOS.

350 386 420 427 Ea·
450 388 501 428 A.
526 386 575 427 B.
600 386 647 428 C.
708 386 924 437 Repetitio·
955 385 1188 426 constitutio
1218 398 1258 425 a«.
1280 385 1404 425 1232.
1438 384 1561 425 Febr.
1581 385 1639 425 22
1668 384 1778 426 edita
1809 386 1958 437 (supra
1988 399 2054 428 nr.
2080 387 2196 437 157),
2236 387 2394 429 additis

209 456 249 495 e‘n
283 455 449 495 erm-dio
485 455 641 495 normis
676 454 894 494 nonnullis
929 454 1046 494 nom's
1083 455 1121 494 et
1150 455 1274 494 azeeta
1303 453 1408 494 serie
1437 452 1678 493 haeresium.
1739 453 1912 506 Leyitur
1941 454 1988 494 in
2018 454 2247 497 collectione
2277 455 2395 497 Petri

207 523 254 563 dc
286 522 427 563 Vincis
459 523 527 565 lib.
552 523 588 571 I,
609 524 678 564 27.
714 547 763 552 —-
797 521 990 572 Bolum,
1022 521 1122 575 Req.
1154 522 1252 575 imp.
1285 521 1471 571 123234'7.
1501 522 1626 562 2364.
1659 522 1786 564 2422.
2040 522 2110 575 (P.
2132 524 2250 572 328.)

349 660 616 715 Imperator¹²
646 658 919 700 Fridericusb
964 673 1136 714 semper
1179 663 1388 714 augustus
1431 662 1531 700 etc.c
1649 657 1989 700 patarenorumd
2022 664 2315 716 receptatores
2349 664 2392 702 et

209 730 426 784 conplices
461 734 503 770 et
535 742 804 784 quocumque
845 727 971 769 modo
1005 728 1195 769 fautores
1228 728 1322 782 qui,
1366 733 1412 768 ut
1444 733 1491 768 ae
1524 740 1635 782 pena
1672 726 1776 767 alios
1810 728 1975 782 possint
2007 729 2218 781 eximere,
2262 728 2314 770 de
2349 742 2395 770 se

208 798 347 840 veluts
375 797 603 853 improvidi
635 812 720 839 non
753 798 996 848 formidant,
1029 797 1261 852 publicatis
1294 796 1416 837 bonis
1450 795 1646 836 omnibus
1667 795 1925 851 relegandos
1949 797 1992 838 in
2014 801 2272 853 perpetuum
2296 811 2394 840 esse

209 880 447 910 censemus,
480 872 522 907 et
553 867 745 921 ipsorum
777 865 853 908 filii
885 865 938 906 ad
971 865 1158 907 honores
1191 865 1358 919 aliquos
1391 864 1637 905 nullatenus
1662 864 1954 908 admittantur.
2010 865 2054 906 Si
2076 870 2219 907 tamen
2241 867 2395 922 aliquis

209 935 259 975 de
292 935 418 976 filjjss
450 935 664 976 fautorum
712 934 955 975 huiusmodi
988 934 1204 975 detexerit
1249 934 1436 988 aliquem
1466 932 1753 985 Patarenum,
1794 933 1847 974 de
1887 934 2007 975 cuius
2049 934 2229 989 perfidia
2258 936 2395 977 mani-

209 1004 319 1045 feste
351 1004 576 1059 probatur,
618 1005 660 1044 in
692 1003 791 1044 fidei
826 1003 1035 1059 premium
1067 1016 1196 1058 quam
1233 1002 1429 1057 agnovit,
1473 1001 1586 1043 fame
1627 1002 1804 1057 pristine
1837 1001 1889 1044 de
1922 1003 2135 1059 imperiali
2167 1004 2396 1046 clementia

209 1073 487 1114 restitutionis
519 1072 774 1114 beneficium
806 1071 877 1112 inh
908 1072 1124 1126 integrum
1157 1074 1460 1126 consequatur.

352 1140 585 1197 Incipiunti
634 1140 851 1196 capitulak
898 1140 1215 1181 constitutionis
1268 1143 1417 1181 contra
1466 1139 1680 1180 hereticos
1721 1138 1810 1180 vel¹
1847 1139 2086 1182 Pata-renos
2131 1140 2282 1183 editam
2324 1156 2400 1198 per

209 1210 424 1251 dominum
456 1210 723 1251 Fridericum
755 1210 966 1251 illustrem
997 1209 1135 1250 virum
1155 1209 1448 1251 Romanorum
1479 1209 1786 1264 imperatorem
1810 1223 1981 1264 semper
2003 1214 2245 1264 augustum,
2277 1210 2397 1253 Ieru-

210 1280 344 1320 salem
378 1284 420 1320 et
453 1278 596 1319 Sicilie
630 1293 788 1334 regem.

360 1351 389 1388 l.
430 1354 648 1396 Cathar0s¹¹‚
692 1354 933 1396 Patarenos0,
979 1353 1226 1399 Speronistas,
1272 1353 1477 1395 Leonistas,
1510 1352 1755 1395 Arnaldistas,
1789 1351 2044 1396 Circumcisos,
2079 1346 2395 1403 Passagenosv,

210 1416 517 1471 losephynosq,
559 1416 860 1467 Garatensesr,
900 1416 1214 1467 Albanenses⁸‚
1257 1416 1545 1467 Franciscosz
1588 1415 1883 1470 Baguardosu,
1926 1414 2257 1468 Commixstosv,
2291 1416 2396 1458 Val-

210 1485 415 1537 densesW,
447 1484 757 1536 Boncarolosx,
793 1484 1152 1537 Communellosy,
1175 1484 1403 1526 WarinosZ
1436 1488 1479 1525 et
1511 1483 1766 1525 Ortolevosa
1797 1497 1892 1524 cum
1924 1484 2008 1526 illis
2037 1485 2089 1526 de
2111 1485 2241 1541 Aqua
2264 1485 2400 1541 Nigra

210 1563 245 1594 et
279 1572 404 1595 omnes
437 1560 621 1595 hereticos
653 1561 847 1605 utriusque
880 1572 999 1603 sexus,
1033 1572 1267 1605 quocumque
1298 1560 1449 1596 nomine
1480 1562 1712 1602 censeantur,
1743 1561 1926 1605 perpetua
1957 1560 2201 1605 dampnamus
2233 1560 2398 1604 infamia,

209 1623 444 1663 diffidamusb
486 1624 629 1679 itaque
672 1629 740 1665 etc
783 1629 997 1670 bannimus,
1043 1631 1236 1665 censentes
1276 1631 1318 1664 ut
1360 1629 1458 1664 bona
1499 1629 1633 1664 talium
1673 1629 1920 1664 confiscentur
1957 1640 2025 1664 nec
2064 1630 2111 1664 ad
2150 1641 2212 1665 eos
2243 1629 2399 1665 ulterius

208 1701 460 1741 revertantur,
498 1698 552 1733 ita·
592 1698 691 1742 quod
727 1698 793 1733 filii
824 1698 871 1733 ad
902 1710 1028 1733 eorum
1061 1698 1331 1733 successionem
1369 1698 1564 1743 pervenire
1595 1709 1670 1733 non
1707 1697 1870 1743 possint,
1912 1710 1995 1733 cum
2025 1699 2136 1744 longe
2168 1698 2217 1733 sit
2246 1699 2397 1744 gravius

209 1771 376 1803 eternam
417 1779 529 1812 quam
569 1768 814 1812 temporalem
857 1767 1043 1802 offendere
1086 1766 1334 1802 maiestatem.
1402 1766 1472 1808 Qui
1513 1768 1639 1802 autem
1679 1766 1824 1802 inventi
1864 1759 2031 1801 fuerintd
2073 1768 2152 1802 sola
2191 1767 2399 1813 suspitione

209 1837 410 1877 notabiles,
454 1836 526 1871 nisi
568 1837 615 1870 ad
659 1836 877 1871 mandatum
922 1836 1076 1871 ecclesie
1114 1836 1222 1871 iuxta
1258 1835 1596 1871 considerationem
1636 1818 1855 1880 suspitionis
1887 1835 2210 1880 qualitatemquee
2241 1847 2399 1881 persone

208 1906 397 1950 propriam
428 1905 680 1940 innocentiam
713 1917 876 1951 congrua
907 1905 1131 1951 purgatione
1162 1898 1486 1948 monstraverintf‚
1519 1907 1713 1949 tamquam
1742 1905 1899 1940 infames
1931 1906 1969 1939 et
1991 1904 2139 1940 banniti
2159 1904 2207 1939 ab
2228 1905 2399 1940 omnibus

208 1975 433 2017 habeantur,
474 1975 528 2009 ita
565 1975 664 2019 quod
703 1974 734 2008 si
771 1974 823 2009 sic
860 1986 926 2019 per
956 1985 1095 2009 annum
1134 1974 1426 2019 permanserint,
1468 1976 1605 2010 extunc
1637 1986 1699 2009 eos
1731 1973 1827 2009 sicut
1857 1973 2042 2009 hereticos
2075 1974 2399 2020 condempnamus.

351 2040 388 2079 2.
421 2044 628 2079 Statuimus
660 2044 774 2078 etiam
804 2044 875 2079 hoc
897 2043 1019 2078 edicto
1041 2043 1320 2089 imperpetuum
1341 2044 1516 2088 valituro,
1550 2046 1592 2078 ut
1613 2044 1853 2089 potestatesss
1885 2046 1923 2079 et
1944 2044 2114 2079 consules
2137 2055 2202 2079 seu
2222 2045 2397 2086 rectores,

209 2113 502 2157 quibuscumque
534 2114 738 2158 fungantur
771 2112 912 2155 officiis,
945 2124 1012 2157 pro
1044 2113 1262 2148 defensione
1294 2113 1379 2149 fidei
1410 2115 1583 2158 prestent
1613 2112 1760 2158 publice
1792 2113 2053 2155 iuramentum,
2086 2113 2186 2157 quod
2216 2113 2260 2148 de
2291 2112 2402 2148 terris

209 2194 272 2217 sue
304 2182 555 2217 iurisdictioni
594 2182 770 2217 subiectis
808 2181 1001 2217 universos
1040 2182 1225 2218 hereticos
1265 2183 1312 2217 ab
1352 2182 1509 2218 ecclesia
1545 2183 1744 2218 denotatos
1782 2182 1881 2217 bona
1911 2182 1981 2217 fide
2012 2194 2079 2227 pro
2111 2181 2251 2217 viribus
2283 2183 2400 2217 exter-

211 2251 353 2286 minare
386 2251 599 2294 studebunt,
632 2251 687 2285 ita
719 2251 818 2295 quod
850 2251 982 2285 amodo
1015 2251 1325 2296 quandocumque
1357 2251 1440 2296 quis
1471 2251 1586 2286 fuerit
1616 2251 1654 2285 in
1685 2252 1906 2296 perpetuam
1928 2252 2158 2296 potestatem
2179 2251 2238 2286 vel
2259 2252 2401 2296 tempo-

209 2320 324 2354 ralem
355 2322 586 2365 assumptus,
628 2320 698 2354 hoc
735 2322 909 2355 teneatur
947 2319 1152 2364 capitulum
1188 2320 1399 2355 iuramento
1441 2321 1597 2355 firmare.
1658 2320 1837 2365 Alioquin
1873 2313 2022 2366 nequeh
2051 2331 2118 2365 pro
2148 2318 2401 2364 potestatibus

338 2382 356 2406 ¹²
398 2400 464 2433 pro
508 2388 720 2423 consulibus
762 2397 839 2424 seu
880 2382 976 2437 proi
1019 2383 1312 2425 consimilibus
1349 2389 1577 2433 habeantur,
1619 2401 1820 2434 eorumque
1857 2388 2063 2425 sententias
2104 2390 2240 2424 extunc
2277 2387 2399 2423 decer-

209 2400 328 2433 neque

209 2458 329 2491 nimus
368 2451 520 2493 irritask
552 2460 589 2493 et
632 2457 772 2493 inanes
834 2457 871 2492 Si
903 2469 990 2493 vero
1029 2458 1200 2493 dominus
1239 2459 1458 2504 temporalis
1499 2458 1702 2503 requisitus
1733 2461 1771 2494 et
1801 2458 1965 2494 monitus
1997 2458 2043 2493 ab
2075 2457 2232 2493 ecclesia
2261 2458 2401 2492 terram

211 2538 314 2560 suam
353 2538 512 2572 purgare
543 2526 753 2572 neglexerit
784 2526 831 2561 ab
862 2527 1029 2562 heretica
1059 2527 1259 2572 pravitate,
1292 2530 1379 2573 post
1409 2539 1547 2562 annum
1570 2539 1591 2562 a
1612 2530 1781 2573 tempore
1802 2520 2042 2562 monitionis1
2064 2527 2232 2572 elapsum
2262 2527 2402 2561 terram

211 2595 326 2640 ipsius
367 2595 585 2640 exponimus
629 2595 823 2630 catholicis
862 2595 1170 2640 occupandamm;
1215 2596 1279 2640 qui
1324 2608 1405 2631 eam
1445 2596 1704 2632 exterminatis
1743 2596 1918 2631 hereticis
1960 2595 2099 2640 absque
2142 2595 2219 2629 ulla
2255 2595 2399 2630 contra-

209 2664 373 2699 dictione
406 2664 623 2709 possideant
655 2667 689 2699 et
723 2664 761 2698 in
784 2664 868 2699 fidei
891 2664 1057 2709 puritate
1081 2667 1313 2707 conservent,
1346 2665 1449 2700 salvo
1470 2665 1577 2700 iuren
1609 2664 1749 2700 domini
1772 2659 2035 2713 tempol'aliS‚
2069 2663 2267 2699 dummodo
2290 2673 2401 2708 super

210 2734 277 2768 hoe
320 2734 487 2768 nullum⁰
525 2736 669 2778 prestet
708 2733 941 2768 obstaculum
978 2745 1047 2769 nec
1078 2734 1231 2779 aliquod
1270 2734 1579 2779 impedimentum
1611 2732 1820 2784 apponat;
1862 2734 1991 2769 eadem
2021 2732 2285 2768 nichilominus
2314 2732 2397 2777 lege

210 2806 356 2837 servata
390 2805 520 2837 contra
552 2814 614 2837 eos
645 2802 709 2846 qui
741 2814 815 2837 non
846 2802 987 2838 habent
1014 2802 1184 2838 dominos
1216 2803 1452 2848 principales.
1505 2802 1706 2838 Credentes
1737 2804 1919 2848 preterea,
1952 2803 2242 2847 receptatores¹'‚
2274 2801 2397 2836 defen-

210 2883 308 2906 sores
341 2874 378 2906 et
410 2864 598 2906 fautores*
629 2871 843 2914 bannimus,
876 2873 1097 2915 statuentes,
1129 2874 1172 2907 ut
1203 2872 1244 2915 si,
1278 2874 1479 2917 postquam
1502 2872 1687 2917 quilibet‘l
1718 2872 1851 2906 talium
1880 2871 1994 2907 fuerit
2015 2869 2398 2906 excommunicatione

210 2944 372 2982 notatus,
407 2940 621 2975 satisfacere
654 2941 921 2985 contempserit
953 2941 1051 2976 infra
1073 2953 1223 2985 annum,
1257 2942 1394 2977 extunc
1415 2942 1496 2987 ipso
1518 2941 1626 2977 iuren
1657 2942 1707 2977 sit
1738 2942 1859 2977 factus
1880 2940 2030 2976 infamis
2061 2940 2154 2975 necr
2184 2939 2232 2974 ad
2251 2938 2402 2984 publica

213 3009 332 3043 officia
367 3021 429 3043 seu
462 3009 615 3045 consilia
652 3010 705 3044 vel
739 3010 785 3043 ad
817 3010 961 3053 aliquos
985 3003 1200 3054 eligendos*
1232 3010 1444 3045 huiusmodi
1466 3022 1534 3045 nec
1557 3011 1604 3044 ad
1625 3009 1882 3045 testimonium
1903 3008 2158 3043 admittatur·‘³.
2208 3007 2264 3042 Sit
2285 3006 2401 3042 etiam

347 3138 431 3173 211.
466 3140 496 3181 a)
517 3152 585 3182 pro
611 3143 795 3184 Imperator
822 3161 863 3165 —
889 3146 951 3174 etc.
979 3141 1029 3173 B.-
1055 3141 1246 3174 Fridericus
1271 3147 1334 3174 etc.
1463 3140 1496 3182 b)
1521 3143 1576 3174 Fr.
1599 3141 1640 3175 A.
1758 3142 1788 3184 ⁰)
1814 3141 1905 3174 deest
1929 3141 1971 3174 A.
2091 3138 2123 3182 d)
2149 3141 2257 3172 Pater.
2284 3137 2327 3171 A.
2353 3136 2395 3170 Β.

211 3202 239 3235 ἰῇ»
266 3197 306 3228 ad
334 3198 375 3229 A.
494 3196 521 3238 f,
557 3198 610 3230 vel
636 3199 676 3231 de
703 3199 745 3230 ⁴1.
886 3198 918 3238 8)
945 3198 984 3230 de
1011 3198 1087 3230 filiis
1113 3198 1181 3231 dee.
1201 3198 1236 3230 (J.
1377 3196 1410 3239 ¹¹)
1437 3198 1526 3231 deest
1554 3198 1588 3231 0.
1728 3196 1751 3239 ἱ)
1785 3199 1875 3231 deest
1899 3197 1941 3231 B.
2082 3194 2115 3238 k)
2140 3197 2230 3229 enim
2255 3196 2336 3229 add.
2356 3195 2397 3228 B.

211 3252 233 3295 ἶ)
261 3254 424 3286 hereticos
451 3255 502 3286 vel
522 3255 589 3287 des.
609 3256 644 3288 (¹.
739 3255 782 3297 ¹¹¹)
802 3266 869 3296 pro
895 3255 984 3288 edita
1004 3273 1046 3277 —
1064 3265 1177 3297 regem
1194 3254 1246 3287 B:
1270 3266 1330 3297 per
1355 3267 1416 3288 nos
1442 3257 1496 3288 Fr.
1522 3256 1632 3288 edicta
1658 3256 1720 3288 hec
1738 3260 1828 3288 sunt.
1922 3254 1955 3296 ¹¹)
1981 3254 2071 3287 deest
2089 3253 2124 3286 O.
2219 3252 2251 3295 ⁰)
2275 3253 2399 3285 Patha-

211 3322 306 3343 renos
332 3311 384 3343 hic
410 3313 453 3343 A.
592 3313 624 3353 1³)
651 3314 854 3355 Passaginos
884 3313 917 3345 C.
1057 3312 1090 3351 ί1)
1117 3313 1323 3355 Zosephinos
1348 3312 1397 3352 B;
1430 3314 1625 3356 loseppinos
1653 3312 1686 3345 C.
1830 3311 1858 3354 r)
1885 3312 2022 3344 Carath.
2041 3309 2071 3342 A
2079 3322 2090 3350 ;
2114 3312 2337 3343 Garratenses
2365 3308 2399 3341 O.

211 3374 237 3402 1⁴1
264 3370 297 3399 in
325 3381 429 3410 mas-y.
457 3370 567 3410 suppl.
589 3371 629 3401 Α.
724 3371 749 3412 t)
777 3371 969 3403 Fracisscos
996 3369 1038 3403 A.
1132 3369 1166 3411 ¹¹)
1194 3371 1391 3412 Ragnardos
1416 3369 1465 3409 Β,-
1489 3370 1697 3412 Bagnarolos
1718 3370 1750 3402 C.
1847 3367 1878 3410 V)
1905 3369 2076 3401 Comixtos
2100 3368 2150 3406 B;
2175 3368 2341 3400 Comistos
2361 3366 2395 3399 Ο.

211 3430 250 3465 W)
278 3426 474 3458 Walslenses
503 3427 536 3458 (Υ,
630 3433 662 3467 Χ)
688 3427 901 3460 Roncarellos
929 3426 980 3467 B;
1004 3427 1212 3459 Runcarolos
1241 3427 1274 3459 (JV.
1367 3426 1400 3468 y)
1427 3427 1644 3459 Cumimellos
1662 3427 1714 3467 A‚·
1739 3427 1945 3459 Cuminellos
1971 3425 2012 3459 B.
2107 3426 2137 3465 Ζ)
2165 3425 2329 3457 Varianos
2354 3422 2396 3456 B.

211 3487 240 3521 ³)
276 3483 461 3515 Ortodenos
487 3483 536 3520 [25.-
572 3484 748 3516 (moienos
777 3485 810 3516 C.
950 3483 982 3524 b)
1019 3484 1219 3516 deffidamus
1246 3484 1291 3522 A;
1330 3484 1514 3516 (lefidamus
1540 3483 1582 3516 B.
1722 3484 1751 3524 c)
1787 3484 1855 3516 diff.
1880 3488 1982 3525 atque
2010 3483 2042 3515 C.
2185 3479 2218 3522 d)
2251 3486 2330 3514 sunt
2355 3480 2397 3513 A.

211 3543 239 3578 θ)
265 3540 466 3581 qualitatem
493 3540 581 3581 quod
608 3541 650 3572 A.
768 3539 800 3581 s)
827 3541 1061 3583 preparatione
1086 3541 1302 3573 mostraverit
1326 3540 1370 3572 A.
1466 3540 1499 3582 Β)
1524 3546 1673 3584 potestas
1701 3542 1735 3573 (Ι.
1845 3539 1877 3582 h)
1904 3551 1967 3573 nec
1992 3539 2034 3572 A.
2130 3537 2152 3581 i)
2178 3539 2267 3571 deest
2291 3537 2334 3570 B.
2362 3537 2395 3570 C'.

210 3593 243 3635 k)
271 3597 406 3629 inutiles
435 3598 467 3629 (¹.
585 3595 609 3638 l)
634 3598 883 3630 ammonitionis
908 3596 950 3630 A.
1059 3596 1100 3639 ¹¹¹)
1127 3602 1328 3640 occupatam
1356 3598 1398 3630 A.
1495 3598 1529 3638 n)
1554 3599 1608 3630 iur
1634 3598 1677 3630 A.
1771 3597 1803 3640 0)
1830 3598 1920 3631 deest
1944 3597 1984 3629 B.
2079 3595 2112 3636 1³)
2138 3601 2325 3638 receptores
2351 3593 2393 3626 A.

211 3660 242 3693 q)
270 3655 344 3694 quis
372 3655 423 3691 „·1;
455 3655 482 3686 si
508 3656 583 3696 quis
608 3661 786 3696 postquam
813 3655 957 3696 quilibet
985 3656 1018 3687 C.
1138 3660 1165 3694 r)
1192 3660 1224 3687 et
1251 3655 1285 3687 (1¹.
1403 3655 1431 3695 ⁸)
1457 3657 1681 3690 admittantur
1707 3655 1749 3689 A.
1776 3655 1818 3688 B.

2432 1019 2466 1044 10

2435 1362 2465 1386 15

2436 1704 2470 1730 20

2437 2050 2468 2077 25

2438 2393 2471 2419 30

2436 2741 2467 2768 35

2433 3425 2465 3450 45
