2558 3970
686 135 930 174 FRIDEmcI
954 137 1000 174 II.
1025 136 1457 176 CONSTITU'I'IONES.
1507 140 1605 177 1250.
1655 141 1719 177 Nr.
1736 140 1815 177 274.
2269 146 2353 188 389

354 250 394 285 et
415 249 579 296 sigillavi
605 261 647 287 ac
671 251 843 287 omnibus
868 251 1021 288 interfui
1053 255 1092 288 et
1123 253 1230 289 testis
1255 266 1346 290 sum.
1441 256 1462 298 †
1487 253 1568 300 Ego
1593 254 1774 291 Ricardus
1807 255 1853 291 de
1878 256 2122 303 Montenegro
2147 257 2354 304 imperialis

308 304 311 306 ’
351 306 529 354 regiaque
557 308 658 344 curie
689 309 868 355 magister
899 309 1124 346 iustitiarius
1155 310 1380 356 supradictis
1404 311 1575 347 omnibus
1601 315 1753 358 rogatus
1778 313 1949 355 interfui,
1983 327 2094 351 manu
2119 315 2272 362 propria.
2296 327 2354 351 me

352 364 555 412 subscripsi
578 376 622 401 ac
646 366 861 412 supradicto
884 366 1072 412 imperiali
1098 369 1136 402 et
1160 367 1264 413 regio
1287 367 1413 414 sigillo
1439 380 1497 405 me
1514 369 1663 416 signavi
1680 372 1718 406 et
1735 371 1841 408 testis
1858 383 1951 408 sum.
2033 374 2055 416 †
2079 372 2158 418 Ego
2176 373 2355 420 magister

355 422 532 459 Nicolans
557 422 603 458 de
629 423 837 466 Brundisio,
863 423 1035 470 publicus
1060 423 1215 460 tabellio
1239 424 1387 470 imperii
1413 427 1451 461 et
1475 426 1582 472 regni
1607 426 1734 464 Sicilie
1757 439 1801 464 ac
1827 429 2032 475 imperialis
2057 430 2158 466 curie
2175 431 2354 473 notarius.

352 481 506 526 rogatus
529 491 553 516 a
576 479 726 517 domino
751 481 986 527 imperatore,
1012 483 1056 517 ut
1078 481 1336 528 supradictum
1357 482 1436 518 eius
1457 485 1723 520 testamentum
1739 497 1917 532 suamque
1935 487 2108 524 ultimam
2123 489 2354 525 voluntatem

352 537 578 580 conficerem,
603 538 694 583 quia
718 538 906 585 premissis
930 538 1103 574 omnibus
1128 540 1166 574 et
1190 539 1349 585 singulis
1374 551 1449 575 una
1473 552 1555 576 cum
1577 542 1803 588 supradictis
1824 543 1984 580 testibus
2005 545 2158 581 interfui
2181 548 2220 582 et
2232 546 2355 593 publi·

352 594 432 630 cavi
469 605 512 630 ac
548 595 588 630 in
620 597 828 641 presentem
864 595 1050 642 publicam
1084 595 1239 631 formam
1271 596 1417 642 redegi,
1456 597 1540 633 ideo
1565 599 1836 646 subscriptione
1861 603 1899 637 et
1923 601 2030 647 signo
2055 603 2146 639 meis
2171 603 2292 640 solitis
2318 607 2355 640 et

291 685 297 690 .
353 652 539 688 consuetis
564 652 763 700 subscripsi
790 655 828 688 et
852 653 1011 699 signavi.
1059 653 1242 699 Magister
1266 653 1444 689 Nicolaus
1469 654 1514 690 de
1542 656 1737 692 Brundisio
1763 658 1940 694 notarius.
