2558 3970
215 167 294 205 234
696 160 936 194 FRIDERICI
963 159 1007 193 ΙΙ.
1034 156 1462 193 CONSTITUTIONES.
1513 156 1612 191 1235.
1660 156 1722 190 Nr.
1742 156 1817 190 190.
1846 156 1920 189 191.

216 285 302 317 tam
335 277 387 317 de
413 275 657 330 recipienda.
679 290 701 315 a
726 274 896 315 domino
921 275 1178 328 imperatore
1205 277 1247 314 et
1269 272 1573 327 desponsanda
1596 272 1779 320 domina,
1811 284 1937 324 quam
1967 270 2020 311 de
2050 283 2102 311 ea
2132 270 2175 310 in
2197 273 2399 310 eventum

215 346 374 386 sinistri
419 358 543 384 casus
595 344 728 384 libere
768 342 1031 385 reducenda.
1074 345 1117 382 et
1155 342 1227 382 alii
1267 341 1454 386 nobiles,
1497 341 1568 395 qui
1620 339 1672 381 ad
1713 340 1848 394 ipsam
1896 352 2086 380 sororem
2125 341 2314 378 nostram
2358 337 2400 377 in

217 414 416 467 Angliam
463 412 750 466 recipiendam
790 411 841 452 de
884 410 1084 451 mandato
1125 410 1360 464 imperialis
1400 409 1659 450 excellentie
1692 408 1905 457 venerint,
1948 411 2219 448 sacramento
2253 406 2306 447 ab
2339 407 2402 447 eis

216 481 496 535 corporaliter
527 481 705 534 prestito
740 480 877 520 iurare
911 479 1131 519 debebunt
1163 483 1204 518 et
1237 478 1359 519 nobis
1392 477 1569 533 proinde
1603 480 1776 531 apertas
1801 489 1949 517 eorum
1971 475 2136 516 litteras
2160 475 2398 530 assignare.

216 553 305 601 (ΣΗ)
340 549 637 603 Obligavinms
670 562 745 587 nos
779 548 907 587 etiam
948 546 1163 588 antedicto
1203 547 1408 601 magistro
1442 546 1570 587 Petro
1605 545 1658 586 de
1690 545 1832 585 Vinea
1866 558 1941 599 pro
1975 547 2098 599 parte
2133 544 2402 598 imperatoris

215 619 380 672 prefati.
417 618 498 657 sibi
532 622 573 657 et
605 616 820 657 antedicto
855 616 1176 670 archiepiscopo
1207 615 1453 657 Coloniensi
1486 619 1560 655 aut
1592 613 1855 669 quibuslibet
1878 613 1972 653 aliis
1997 612 2212 653 nobilibus
2235 612 2402 666 imperii

215 702 288 741 pro
323 692 444 741 parte
478 687 611 740 ipsius
646 685 914 739 imperatoris
948 684 1222 725 venientibus
1254 685 1478 738 assignare
1512 683 1776 738 sepedictam
1808 695 1994 722 sororem
2024 685 2214 722 nostram
2237 680 2403 722 decimo

101 775 105 783 v
154 770 178 792 τ.
217 756 397 809 septimo
437 754 503 794 dic
543 754 738 793 intrantis
776 754 934 793 mensis
973 753 1132 807 Aprilis
1173 767 1257 793 una
1296 767 1391 793 cum
1435 751 1726 806 solempnibus
1767 750 1932 790 nunciis
1966 749 2121 790 nostris
2162 748 2402 790 ducendam

215 824 266 864 ad
300 823 517 863 dominum
551 823 854 877 imperatorem
889 822 1119 876 prefatum,
1165 821 1217 861 ab
1258 821 1351 876 ipso
1391 821 1671 875 solempniter
1704 818 2044 873 desponsandam
2078 822 2120 858 et
2152 817 2204 858 ab
2239 831 2290 858 eo
2324 817 2401 858 im-

216 892 365 946 periali
403 892 559 931 honore
593 898 635 931 et
667 891 893 931 affcctione
927 890 1114 930 maritali
1148 889 1428 930 tractandam.
1550 888 1638 942 (12)
1674 887 1741 929 Ad
1778 888 2080 942 perfectiorem
2114 887 2244 927 etiam
2277 890 2399 926 ante-

215 960 313 999 dicti
359 960 618 1000 matrimonii
668 959 1083 999 consunmiationcm
1128 958 1350 1012 sepedicta
1389 959 1519 999 etiam
1552 958 1741 998 Isabella
1784 970 1903 997 soror
1935 959 2083 996 nostra
2116 955 2167 995 de
2199 954 2403 995 mandato

215 1036 383 1068 nostro.
429 1028 699 1082 presentibus
741 1027 910 1068 dilectis
955 1031 997 1067 et
1037 1026 1236 1067 fidelibus
1280 1027 1435 1067 nostris
1475 1026 1663 1066 Ricardo
1703 1025 1856 1066 comite
1888 1024 2078 1065 Pictavie
2117 1027 2159 1064 et
2190 1023 2404 1064 Cornubie

217 1098 442 1138 karissimo
487 1098 616 1137 fratre
661 1101 826 1136 nostro.
875 1095 1073 1136 IIuborto
1116 1095 1167 1135 dc
1205 1095 1351 1148 Burgo
1392 1096 1547 1136 comite
1588 1093 1769 1141 Kantie,
1813 1093 2047 1133 Willielmo
2090 1092 2142 1133 de
2180 1091 2403 1139 Ferrariis,

216 1166 414 1221 Philippo
448 1166 500 1206 de.
534 1165 775 1205 Albiniaco.
806 1164 991 1217 l-Ingone
1026 1164 1077 1204 de
1110 1163 1264 1208 Vivon,
1297 1163 1483 1204 Radulfo
1515 1164 1602 1203 filio
1635 1163 1852 1211 Nicholai,
1887 1160 2150 1202 Gaudefrido
2184 1160 2236 1201 de
2270 1160 2403 1201 Crau-

216 1236 381 1275 cumbe.
416 1234 591 1273 Amaur‘
616 1233 668 1273 de
694 1233 852 1273 Sancto
877 1233 1089 1283 Amando,
1125 1233 1317 1273 Iohanne
1343 1232 1612 1277 marescallo,
1644 1231 1837 1272 Roberto
1861 1231 1914 1271 de
1937 1230 2181 1284 Mucegros,
2214 1229 2404 1270 Roberto

215 1304 267 1343 de
312 1305 348 1343 la
384 1303 540 1343 Bruer.
574 1301 839 1342 walorando
874 1301 1115 1342 Teutonico
1160 1306 1202 1342 et
1243 1302 1338 1341 aliis
1373 1315 1499 1355 quam
1541 1300 1736 1355 pluribus
1778 1299 1977 1340 fidelibus
2009 1299 2188 1349 nostris,
2230 1302 2406 1353 recepto

217 1386 430 1412 consensu
464 1372 504 1411 in
538 1386 583 1411 se,
616 1385 639 1411 a
670 1371 837 1425 prefato
871 1371 1075 1423 magistro
1108 1370 1239 1410 Petro
1265 1369 1316 1410 de
1340 1369 1498 1419 Vinea,
1532 1369 1710 1424 speciali
1744 1371 2017 1424 procuratore
2050 1367 2320 1422 imperatoris
2354 1367 2407 1407 ad

218 1442 295 1481 hoc
330 1444 503 1481 statuto.
538 1454 612 1494 pro
647 1443 768 1494 parte
802 1439 1072 1493 imperatoris
1106 1437 1312 1489 eiusdem,
1345 1451 1420 1492 per
1442 1437 1575 1477 verba
1607 1437 1658 1478 de
1690 1437 1881 1492 presenti
1915 1436 2133 1476 consensit
2155 1435 2198 1475 in
2222 1434 2406 1476 eundem

217 1511 517 1563 imperatorem
560 1508 677 1548 velut
718 1509 759 1547 in
795 1508 930 1547 virum
974 1521 1119 1549 suum.
1163 1507 1360 1547 similiter
1404 1521 1482 1562 per
1513 1506 1646 1547 verba
1678 1506 1730 1546 de
1771 1505 1959 1560 presenti
2004 1504 2169 1559 prefato
2201 1503 2409 1557 magistro

218 1579 361 1618 Petro.
395 1583 439 1618 ut
471 1577 627 1618 dictum
661 1582 739 1618 est.
773 1576 825 1617 ad
858 1576 939 1616 hoc
973 1576 1154 1616 antefati
1187 1576 1346 1616 cesaris
1386 1575 1563 1630 speciali
1602 1578 1644 1615 et
1682 1574 1876 1628 legitimo
1918 1577 2197 1628 procuratore
2231 1575 2407 1620 statuto;

218 1658 259 1687 et
294 1648 454 1701 recepit
488 1647 528 1686 in
562 1646 752 1700 presenti
786 1646 924 1699 ipsum
958 1644 1174 1684 dominum
1207 1645 1511 1699 imperatorem
1544 1644 1586 1683 in
1620 1643 1756 1683 virum
1789 1656 1925 1692 suum,
1959 1642 2171 1696 recipiens
2204 1641 2409 1681 annulum

218 1716 385 1755 nominc
419 1715 687 1770 imperatoris
720 1713 875 1769 prefati
911 1717 953 1754 et
985 1713 1209 1754 remittens
1234 1712 1374 1753 eidem
1409 1727 1485 1767 per
1507 1712 1691 1753 eundem
1714 1715 2036 1767 procuratorem
2060 1724 2183 1750 suum
2205 1710 2409 1750 annulum

219 1784 472 1839 sponsionis.

361 1852 408 1891 In
443 1852 562 1892 cuius
598 1852 657 1892 rei
691 1851 983 1891 testimonium
1018 1849 1097 1890 has
1129 1850 1297 1890 litteras
1329 1849 1423 1890 fieri
1454 1849 1632 1889 fecimus
1665 1851 1876 1903 patentes.

361 1921 492 1961 Teste
518 1921 697 1975 meipso,
729 1919 842 1974 apud
865 1918 1314 1963 westmonasterium,
1348 1918 1552 1959 vicesimo
1576 1917 1765 1958 secundo
1792 1916 1861 1958 die
1884 1917 2122 1969 Februarii,
2156 1931 2265 1958 anno
2287 1917 2409 1973 regni

220 1999 350 2030 nostri
385 2003 601 2030 vicesmio.

223 2161 320 2202 191.
355 2160 689 2202 PROJJISSIO
720 2159 1154 2201 IMPERATORIS
1187 2158 1310 2199 PER
1332 2157 1600 2200 PETRUM
1614 2157 1704 2198 DE
1731 2157 1920 2199 VINEA
1941 2158 2158 2200 FACTA.
2203 2159 2325 2200 Febr.
2344 2160 2410 2200 22.

363 2242 488 2282 Dedit
520 2242 674 2293 I-cynmr
706 2241 915 2281 ‘Foedera’
950 2241 985 2289 I,
1010 2243 1044 2289 1,
1066 2242 1150 2280 224
1182 2254 1200 2279 c
1232 2239 1398 2280 Rotulis
1427 2239 1661 2279 litterarium
1685 2238 1939 2280 Glausai-mn.
1990 2238 2208 2290 Appendet
2228 2239 2412 2292 siqillum

222 2311 350 2353 Petri.
385 2335 435 2339 -—
469 2310 927 2350 Hm'llard-Bre‘leolles
958 2309 1036 2359 IV,
1060 2310 1153 2349 522.
1215 2308 1408 2357 Βὸἰωιισν,
1440 2306 1539 2358 Rey.
1570 2307 1665 2357 imp.
1701 2305 1742 2356 V,
1767 2307 1919 2346 11153.
2061 2306 2129 2359 (P.
2150 2309 2269 2362 310.)
2304 2361 2309 2366 .

365 2413 457 2468 Ego
483 2414 636 2454 Petrus
661 2412 712 2453 de
737 2413 877 2453 Vinea
909 2426 1063 2466 magne
1087 2411 1319 2466 imperialis
1344 2411 1460 2451 curie
1484 2409 1628 2455 iudex,
1664 2409 1867 2464 specialis
1890 2414 2142 2464 procurator
2164 2414 2207 2452 et
2229 2411 2410 2452 nuncius

224 2483 383 2523 domini
423 2483 506 2522 mei
539 2482 756 2523 Frederici
790 2481 871 2522 Dei
913 2481 1051 2535 gratia
1082 2479 1349 2521 invictissimi
1382 2479 1675 2519 Romanorum
1715 2478 1988 2533 imperatoris
2022 2493 2195 2534 semper
2227 2481 2412 2534 augusti,

227 2553 457 2592 ierusalem
492 2560 533 2591 et
567 2550 707 2591 Sicilie
740 2550 866 2603 regis.
900 2551 1088 2604 presenti
1124 2550 1282 2603 scripto
1316 2548 1531 2603 profiteor.
1564 2547 1677 2602 quod
1706 2546 1765 2602 de·
1783 2547 1959 2602 speciali
1982 2548 2184 2590 mandato
2206 2548 2413 2590 antedicti

224 2620 386 2660 domini
426 2620 507 2659 mei
546 2618 765 2659 Frederici
808 2623 850 2658 et
889 2619 930 2658 in
971 2618 1112 2658 anima
1154 2631 1230 2657 sua
1271 2616 1548 2670 corporaliter
1584 2615 1763 2670 prestito
1803 2621 2072 2658 sacramento
2103 2618 2259 2669 iuravi,
2301 2618 2413 2673 quod

225 2688 467 2729 antedictus
501 2687 698 2728 dominus
732 2687 963 2741 imperator
995 2687 1122 2727 ducet
1156 2687 1197 2726 in
1230 2699 1411 2726 uxorem
1444 2684 1681 2738 legitimam
1713 2684 1929 2725 dominam
1960 2685 2192 2727 Isabellam
2225 2701 2412 2728 sororem

225 2758 400 2798 illustris
443 2757 554 2810 regis
590 2756 744 2810 Anglie
784 2762 825 2796 et
867 2755 979 2810 quod
1023 2756 1157 2810 ipsam
1197 2755 1237 2794 in
1271 2754 1380 2794 facie
1415 2753 1597 2794 ecclesie
1639 2753 1919 2808 solempniter
1951 2758 1992 2794 et
2024 2755 2195 2809 publice
2226 2756 2409 2811 despon—

227 2826 336 2865 sabit
370 2832 411 2866 et
444 2825 676 2865 coronabit.
798 2824 862 2877 (1)
901 2823 967 2865 De
1000 2825 1222 2864 voluntate
1264 2827 1306 2863 et
1345 2822 1519 2877 speciali
1562 2821 1764 2862 mandato
1797 2822 2003 2863 antedicti
2036 2823 2197 2864 domini
2229 2825 2413 2880 impera-

228 2896 328 2934 toris
363 2895 559 2934 consensi
593 2894 633 2933 in
678 2893 914 2947 predictam
949 2892 1163 2933 dominam
1197 2890 1428 2931 Isabellam
1470 2905 1548 2945 per
1578 2891 1712 2931 verba
1744 2890 1797 2931 de
1835 2892 2044 2945 presenti,
2085 2897 2127 2932 et
2157 2897 2328 2948 recepto
2361 2893 2414 2934 ab

226 2965 320 3018 ipsa
363 2963 560 3002 similiter
599 2963 639 3001 in
683 2963 1025 3016 prenominatum
1069 2975 1208 3000 meum
1242 2960 1461 3000 dominum
1505 2961 1805 3014 imperatorem
1839 2973 2051 3000 consensu
2094 2973 2169 3015 per
2200 2962 2329 3003 verba
2362 2961 2414 3003 de

228 3031 434 3085 presenti.
477 3030 527 3070 ad
562 3031 764 3071 maiorem
806 3031 935 3071 etiam
978 3029 1388 3070 consummationem
1430 3028 1688 3068 matrimonii
1721 3028 1955 3082 supradicti
1999 3042 2074 3083 pro
2106 3033 2227 3083 parte
2260 3030 2414 3085 prefati

229 3099 387 3139 domini
436 3099 517 3139 mei
566 3099 832 3152 imperatoris
879 3097 1033 3138 tradidi
1079 3097 1321 3151 supradicte
1372 3096 1543 3137 domine
1593 3096 1835 3150 sponsionis
1884 3096 2088 3136 annulum
2136 3101 2180 3138 et
2230 3098 2411 3139 invicem

229 3168 371 3221 recepi
405 3167 458 3207 ab
493 3182 543 3208 ea
576 3168 743 3208 nomine
778 3167 1044 3221 imperatoris
1077 3165 1270 3207 ciusdem
1304 3166 1506 3205 annulum
1531 3164 1788 3219 sponsionis.
1897 3163 1961 3219 (2)
1993 3164 2060 3205 De
2085 3166 2260 3220 speciali
2284 3167 2414 3207 etiam

231 3236 430 3277 mandato
463 3235 669 3290 sepedicti
703 3235 863 3275 domini
897 3235 981 3275 mei
1014 3235 1285 3289 imperatoris
1319 3233 1473 3275 tradidi
1506 3233 1672 3288 prefate
1705 3232 1878 3273 domine
1904 3233 2093 3274 Isabelle
2125 3235 2168 3274 in
2192 3233 2413 3275 dodarium

231 3305 387 3345 vallem
421 3304 606 3345 Mazarie
642 3318 735 3344 cum
771 3303 1014 3344 civitatibus
1048 3308 1089 3343 et
1124 3303 1293 3349 castris,
1325 3303 1451 3350 villis,
1485 3302 1613 3342 terris
1647 3302 1772 3342 cultis
1807 3306 1850 3342 et
1881 3301 2065 3351 incultis,
2099 3315 2306 3356 aquarum
2338 3302 2412 3343 de-

232 3373 439 3414 cursibus.
475 3373 730 3413 tenementis
765 3377 807 3413 et
840 3372 1039 3413 omnibus
1072 3372 1234 3412 iuribus
1269 3376 1311 3412 et
1343 3371 1614 3425 pertinentiis
1647 3370 1738 3411 eius
1770 3383 1938 3410 necnon
1963 3374 2005 3410 et
2026 3370 2231 3411 honorem
2255 3371 2413 3412 Montis

233 3442 368 3482 sancti
401 3441 557 3493 Angeli
590 3455 684 3480 cum
717 3441 960 3481 civitatibus
994 3445 1036 3480 et
1067 3441 1233 3489 castris,
1267 3439 1390 3489 villis,
1424 3439 1548 3479 terris
1583 3438 1708 3479 cultis
1742 3442 1784 3478 c‘t
1814 3438 1998 3489 incultis,
2031 3452 2237 3492 aquarum
2261 3439 2411 3480 decur-

234 3510 364 3550 sibus.
399 3509 658 3549 tenementis
693 3514 734 3548 et
767 3509 961 3549 omnibus
995 3508 1156 3549 iuribus
1190 3512 1233 3549 et
1265 3508 1535 3562 pertinentiis
1568 3507 1681 3553 eius,
1720 3510 1844 3560 prout
1877 3506 2097 3560 quodlibet
2127 3506 2180 3547 de
2212 3506 2414 3561 predictis

234 3577 420 3617 dodariis
462 3577 610 3629 regine
645 3576 801 3630 Sycilie
842 3576 1007 3630 integre
1048 3576 1208 3616 habere
1243 3580 1574 3616 consueverunt.
1634 3573 1690 3614 Et
1722 3573 1901 3614 eandem
1934 3574 2150 3615 dominam
2182 3574 2414 3616 Isabellam

235 3646 286 3686 de
326 3644 527 3699 predictis
571 3644 766 3684 omnibus
815 3644 1014 3684 investivi
1054 3659 1131 3699 per
1173 3648 1374 3699 patentes
1416 3643 1662 3698 imperiales
1704 3643 1870 3683 litteras
1912 3657 2042 3684 aurea
2082 3642 2200 3683 bulla
2230 3643 2415 3689 munitas

2442 899 2474 923 10

2442 1241 2473 1265 15

2446 1585 2479 1610 20

2446 1931 2478 1956 25

2448 2424 2480 2448 30

2448 2769 2479 2795 35

2448 3109 2482 3134 40

2448 3449 2480 3474 45
