2558 3970
54 2131 138 2156 Mart.

192 156 260 194 162
665 150 904 185 FRIDERICI
934 151 976 184 11.
1003 149 1431 184 CONSTITUTIONES.
1482 149 1580 182 1229.
1630 148 1787 183 N1·.121.
1815 148 1888 182 122.

191 282 284 308 eum
320 266 618 307 innumerabili
662 265 853 305 exercitu
897 263 1009 318 apud
1043 264 1253 304 Gazaram
1288 268 1409 304 erant
1442 263 1482 302 in
1516 263 1666 303 castris
1707 277 1784 320 per
1815 276 1941 302 unam
1975 261 2133 302 dietam
2166 262 2375 302 modicam

190 350 211 376 a
252 335 394 375 nobis.
429 344 468 374 et
503 333 706 373 soldanus
739 332 941 372 Damasei
981 346 1074 372 cum
1119 332 1281 386 ingenti
1325 331 1519 372 exercitu
1562 330 1674 385 apud
1707 330 1934 385 Neapolim
1977 329 2094 370 eratb
2135 343 2211 384 per
2248 334 2376 370 unam

190 404 386 443 similiter
424 402 581 442 dietam
626 415 647 440 a
692 400 826 441 nobis.
894 400 948 440 Et
988 400 1086 440 dum
1119 400 1170 440 de
1204 400 1473 441 restitutione
1505 400 1638 440 Terre
1673 398 1830 439 Sancte
1864 401 2140 449 tractaretur,
2180 397 2378 439 dominus

191 472 313 511 Iesus
349 469 544 510 Christus
580 483 655 509 sua.
687 469 807 509 solita
842 469 1113 524 providentia
1146 469 1205 509 ita
1238 467 1465 515 ordinavit,
1498 467 1610 521 quod
1643 466 1848 507 soldanus
1881 466 2068 517 restituit
2097 464 2267 507 domino
2298 466 2377 506 im-

189 539 376 593 peratori
421 543 462 578 et
505 537 750 578 christianis
783 538 999 578 civitatem
1033 541 1226 577 sanctam
1260 536 1497 577 Ierusalem
1532 549 1627 576 cum
1665 536 1752 575 suis
1785 535 2050 585 tenimentis,
2093 538 2276 589 excepto
2308 534 2380 575 illo

189 606 298 661 quod
333 606 636 646 monasterium
670 605 794 650 illud,
828 605 940 660 quod
974 604 1130 646 dicitur
1171 605 1377 659 templum
1410 604 1607 653 Domini,
1640 603 1770 645 debet
1801 616 1898 644 esse
1932 603 1973 643 in
2006 602 2200 643 custodia
2233 602 2382 643 Sarra-

195 689 411 715 eenorum.
446 675 542 728 quia
578 688 699 714 orare
732 674 803 714 diu
836 677 1155 715 consueverunt
1188 673 1360 718 ibidem,
1393 677 1439 712 ut
1473 673 1656 713 liberum
1689 671 1877 712 habeant
1908 671 2131 712 introitum
2152 675 2195 712 et
2217 671 2382 712 exitum

194 744 276 784 illic
311 743 515 784 orationis
549 756 689 786 causa,
724 748 766 783 et
799 742 1041 783 christianis
1075 742 1270 782 similiter
1302 741 1359 782 ibi
1393 755 1514 781 orare
1548 740 1792 781 volentibus
1823 740 1877 780 sit
1909 739 2168 794 expositum.
2223 739 2382 780 Villam

192 812 336 852 etiam.
360 825 441 865 que.
465 811 619 851 dicitur
641 810 693 851 ad
718 812 920 851 Sanctum
945 810 1178 864 Georgium
1191 818 1218 852 ⁰.
1243 814 1285 850 et
1309 810 1483 859 casalia,
1507 823 1588 863 que
1612 814 1710 850 sunt
1733 823 1787 850 ex
1810 812 1990 862 utraque
2013 812 2134 863 parte
2159 807 2224 848 vie
2246 821 2382 862 usque

193 882 233 920 in
261 880 513 922 Ierusalem.
540 879 838 920 reddiderunt:
863 884 905 920 et
927 878 1179 920 Bethleemd
1204 893 1299 919 cum
1324 879 1410 919 suis
1439 878 1697 919 tenementis
1722 882 1764 918 et
1786 877 2013 928 casalibus,
2047 889 2128 931 que
2151 879 2248 916 sunt
2269 876 2381 917 inter

195 949 429 989 Ierusalem
464 953 505 989 et
538 948 778 989 Bethleem.
842 947 1050 988 Restituit
1082 947 1210 987 etiam
1245 945 1462 987 Nazareth
1496 959 1592 986 cum
1625 946 1712 986 suis
1743 945 1986 987 tenimentis
2019 950 2063 986 et
2095 944 2266 994 casalia,
2300 957 2382 998 que

193 1026 290 1057 sunt
324 1018 434 1057 inter
467 1018 614 1058 Accon
648 1022 690 1057 et
712 1016 913 1057 Nazaret.
965 1015 1173 1057 Reddidit
1196 1015 1326 1056 etiam
1351 1020 1536 1056 castrum
1561 1015 1742 1070 Tyronis
1766 1029 1862 1056 eum
1892 1014 2089 1055 omnibus
2112 1013 2383 1069 pertinentiis

193 1096 234 1126 et
267 1086 378 1126 villis
412 1091 453 1126 et
486 1086 625 1127 terris.
695 1086 921 1125 Civitatem
964 1085 1090 1125 etiam
1126 1083 1312 1139 Sydonis
1353 1098 1449 1124 cum
1492 1084 1606 1124 omni
1649 1084 1839 1138 planitie,
1872 1097 1954 1138 que
1988 1083 2155 1132 attinet,
2189 1081 2385 1123 similiter

194 1153 388 1196 reddidit.
422 1160 464 1195 et
496 1168 644 1195 omnes
679 1160 831 1196 terras,
865 1168 970 1208 quas
997 1153 1220 1193 christiani
1245 1157 1439 1207 tempore
1472 1152 1589 1207 pacis
1624 1151 1844 1193 habebant
1876 1156 1919 1193 et
1951 1152 1993 1192 in
2025 1165 2130 1206 pace
2164 1150 2384 1192 tenebant.

195 1223 314 1263 Licet
348 1224 477 1263 etiam
511 1222 636 1263 nobis
670 1237 747 1277 per
780 1227 966 1277 pactum,
1000 1221 1251 1262 reedificare
1285 1220 1524 1262 Ierusalem
1561 1221 1602 1261 in
1635 1220 1767 1261 muris
1803 1224 1845 1261 et
1876 1219 2063 1261 turribus
2087 1220 2211 1260 iuxta
2232 1219 2384 1260 volun-

194 1298 326 1331 tatem
360 1291 691 1331 christianorum
726 1296 767 1331 et
801 1295 986 1331 castrum
1010 1290 1177 1345 Ioppen
1200 1294 1242 1330 et
1265 1294 1452 1331 castrum
1481 1289 1671 1331 Cesaree
1696 1293 1738 1331 et
1761 1289 1980 1340 Montfort⁷
2015 1294 2204 1330 castrum
2228 1302 2384 1329 novum

195 1364 402 1400 nostrum.
436 1359 548 1414 quod
583 1360 623 1399 in
658 1360 870 1399 montanis
905 1359 983 1399 hoc
1016 1373 1127 1399 anno
1160 1359 1328 1399 firmare
1362 1358 1567 1413 cepimus.
1634 1358 1882 1399 Verisimile
1915 1358 2026 1399 enim
2059 1357 2241 1408 videtur,
2274 1356 2386 1412 quod

195 1429 227 1468 si
261 1428 457 1468 dominus
491 1429 722 1483 imperator
754 1428 796 1468 in
837 1428 977 1482 gratia
1009 1431 1050 1468 et
1084 1426 1314 1468 eoncordia
1346 1427 1530 1467 ecclesie
1565 1426 1758 1468 Romane
1798 1427 2091 1478 transivisset,
2130 1427 2258 1481 longe
2292 1426 2385 1467 effi-

195 1498 337 1537 cacius
372 1505 414 1537 et
446 1497 592 1537 utilius
625 1501 921 1553 prosperatum
962 1496 1114 1536 fuisset
1147 1496 1367 1550 negotium
1401 1495 1534 1536 Terre
1569 1495 1741 1536 Sancte.
1804 1494 2030 1536 Predictus
2054 1509 2155 1536 vero
2180 1494 2386 1535 soldanus

195 1566 420 1606 Babilonie
462 1579 595 1620 usque
639 1565 692 1606 ad
732 1567 860 1606 finem
906 1569 1204 1619 treuguarum.
1253 1578 1334 1619 quc
1373 1564 1486 1605 inter
1517 1563 1732 1604 dominum
1771 1564 2073 1619 imperatorem
2106 1567 2149 1605 et
2181 1578 2279 1604 eum
2311 1577 2387 1618 per

195 1634 449 1675 decennium
497 1639 656 1675 statute
701 1640 818 1680 sunt,
863 1634 1006 1688 aliqua
1045 1638 1188 1673 castra
1227 1637 1299 1672 aut
1340 1631 1508 1672 edificia
1545 1632 1689 1673 facere
1730 1631 1783 1673 de
1826 1646 1934 1672 novo
1968 1636 2042 1672 aut
2074 1631 2274 1673 edificare
2307 1645 2389 1672 non

200 1703 329 1744 debet
363 1717 441 1744 nec
475 1703 631 1757 aliquis
657 1716 843 1744 suorum.
898 1696 1242 1757 Omnescaptivi
1267 1702 1410 1750 etiam,
1444 1701 1515 1755 qui
1538 1701 1579 1741 in
1603 1700 1844 1755 perditione
1868 1700 2069 1741 Damiate
2093 1704 2392 1742 remanserunt

197 1781 238 1812 et
274 1772 342 1826 qui
377 1772 490 1827 capti
523 1776 621 1812 sunt
651 1772 692 1812 in
726 1785 882 1826 guerra
915 1771 1162 1817 novissima,
1196 1770 1392 1810 totaliter
1425 1768 1686 1810 reddenture
1710 1783 1765 1809 ex
1796 1773 1976 1823 utraque
1999 1773 2136 1824 parte.
2185 1769 2392 1824 Proponit

198 1841 327 1880 etiam
359 1841 592 1896 imperator
624 1855 718 1881 cum
753 1841 866 1881 omni
900 1840 1061 1895 populo
1095 1838 1332 1880 ascendere
1356 1838 1650 1879 Ierosolimam
1685 1842 1727 1879 et
1750 1838 1808 1879 ibi
1832 1838 1874 1878 in
1896 1838 2057 1879 honore
2079 1837 2214 1892 Regis
2236 1852 2388 1893 regum

198 1910 384 1949 omnium
418 1910 528 1949 ferre
562 1923 762 1949 coronam
798 1934 846 1937 —
882 1909 943 1949 sic
982 1909 1092 1949 enim
1127 1907 1367 1948 consultum
1408 1912 1474 1947 est
1507 1907 1546 1947 ei
1579 1921 1603 1946 a
1636 1906 1827 1961 pluribus
1860 1932 1906 1935 —
1946 1912 1989 1947 et
2021 1920 2114 1947 cum
2147 1907 2261 1947 omni
2293 1906 2387 1947 dili-

198 1979 342 2031 gentia
380 1978 601 2018 intendere
636 1977 688 2018 ad
727 1977 1091 2018 reedificationem
1132 1976 1320 2017 civitatis
1354 1976 1610 2017 Ierusalem.
1672 1975 1822 2022 Qualis
1857 1976 1986 2017 etiam
2019 1976 2147 2016 fuerit
2179 1976 2388 2016 exultatio

199 2047 333 2087 omnis
377 2047 520 2101 populi
563 2048 603 2087 in
644 2046 914 2087 restitutione
955 2045 1167 2100 predicta,
1210 2045 1283 2085 vix
1325 2049 1470 2099 potest
1517 2045 1720 2085 enarrari.
1790 2043 1943 2085 Frater
1983 2045 2096 2086 enim
2134 2043 2388 2085 Leonardus

155 2134 178 2156 τ.
201 2117 317 2156 venit
350 2115 401 2156 ad
446 2129 523 2156 nos
556 2115 719 2170 Ioppen
752 2114 852 2154 VII.
886 2114 954 2155 die
989 2113 1155 2164 Martii,
1199 2113 1388 2154 referens
1426 2112 1550 2154 nobis
1583 2126 1777 2154 rumores
1810 2112 1862 2154 de
1896 2113 2087 2169 partibus
2127 2113 2388 2160 cismarinis;

202 2198 305 2238 quos
337 2185 520 2225 libenter
554 2185 760 2225 vellemus
793 2197 889 2224 esse
924 2183 1122 2223 meliores
1157 2186 1199 2223 et
1231 2182 1283 2223 de
1318 2183 1401 2223 alia
1432 2182 1626 2223 maneria
1658 2196 1783 2236 quam
1814 2182 1912 2223 sint.
1965 2181 2168 2223 Ceterum
2191 2180 2388 2222 dominus

202 2254 552 2308 archiepiscopus
576 2252 780 2307 Reginus.
805 2253 876 2307 qui
899 2252 952 2292 ad
974 2251 1105 2306 pedes
1129 2256 1270 2292 vestre
1295 2250 1555 2305 dignationis
1580 2251 1736 2291 missus
1761 2255 1838 2301 est,
1873 2250 2177 2291 discretionem
2202 2254 2390 2291 vestram

200 2323 324 2377 plene
358 2322 474 2361 novit
506 2322 725 2376 expedire,
761 2321 944 2376 qualiter
976 2326 1018 2361 et
1050 2321 1091 2360 in
1125 2334 1252 2374 quem
1287 2320 1457 2360 modum
1491 2320 1604 2361 cirea
1636 2320 1853 2360 dominum
1887 2321 2191 2374 imperatorem
2221 2333 2390 2359 reman-

203 2392 405 2431 serimus:
450 2396 491 2431 et
525 2390 621 2430 dum
665 2405 741 2445 per
773 2405 869 2431 eum
912 2390 1077 2430 fueritis
1111 2389 1362 2444 expeditus.
1406 2403 1489 2443 qua
1530 2390 1768 2430 intentione
1802 2389 2029 2429 fecerimus
2063 2392 2105 2429 et
2137 2388 2232 2442 quis
2263 2387 2392 2428 fuerit

200 2461 437 2515 profectus.
478 2459 677 2514 quicquid
713 2474 840 2515 super
872 2459 953 2499 hiis
988 2464 1128 2499 vestra
1162 2458 1286 2498 nobis
1320 2458 1564 2512 preceperit
1596 2457 1810 2512 dignatio,
1855 2462 1897 2498 et
1929 2457 1981 2498 de
2017 2457 2229 2511 preteritis
2264 2460 2308 2497 et
2339 2455 2391 2497 de

202 2529 367 2569 futuris.
402 2529 536 2582 parati
573 2542 716 2568 sumus
750 2527 938 2569 obedire.

675 2674 772 2717 122.
816 2676 1163 2718 ENCYCLRJA
1195 2673 1641 2717 IMPERATORIS.
1703 2673 1835 2714 Mart.
1861 2676 1925 2713 18.

347 2758 579 2798 Ιίιῖῐίέωῑυυι
614 2757 862 2808 paravimus
904 2771 974 2807 0μο
1021 2755 1059 2811 ¹)
1090 2756 1274 2808 Ite-‘sistri
1308 2755 1500 2807 610901·ἱί
1522 2755 1608 2796 ΙΧ.
1642 2754 1713 2795 vol.
1739 2754 1774 2803 I,
1807 2753 1884 2808 fol.
1910 2756 1990 2793 118
2030 2754 2097 2795 lib.
2128 2753 2216 2803 III,
2245 2754 2341 2803 5211,
2372 2767 2392 2794 0

204 2841 281 2878 qao
318 2826 529 2877 epistolam
569 2825 625 2865 ad
658 2826 892 2876 ptmtistcem
932 2824 1074 2864 (latam
1116 2823 1431 2876 exemplandam
1469 2822 1630 2863 curavit
1661 2821 1805 2872 Ρονίε,·
1849 2821 1892 2877 2)
1925 2822 2072 2864 codicis
2105 2821 2391 2864 Claustroneo-

206 2895 419 2944 baraeus-is
441 2895 523 2934 929
554 2906 657 2935 Sacc.
682 2893 814 2942 XIII,
841 2892 920 2947 fol.
945 2893 1003 2942 δ’,
1043 2893 1161 2933 cuias
1193 2892 1404 2942 coeemplar
1434 2890 1500 2931 <lie
1534 2892 1596 2931 19.
1620 2890 1776 2930 Marta·
1806 2890 1949 2931 clatum
1979 2890 2186 2932 araversis
2218 2890 2393 2942 impera-

207 2963 306 3001 !oris
336 2962 481 3002 amicis
522 2962 765 3013 inscriptam
795 2964 874 3012 0‚s·t‚·
911 2962 1085 3002 contulit
1127 2962 1188 3001 υἰν
1224 2961 1263 3002 (ἶ.
1287 2960 1426 3010 Kalm-
1469 2959 1512 3014 3)
1551 2959 1744 3000 editionis
1775 2958 2140 2999 Illonamentoram
2170 2958 2393 3000 Boicoram

208 3031 374 3079 XXXI,
402 3033 436 3079 1,
461 3034 544 3070 532
576 3044 637 3070 nr.
659 3032 742 3069 :251
774 3045 793 3069 0
824 3030 1020 3080 apiariis
1043 3029 1390 3070 Pa.s.s·ave'en.s·ibas
1421 3028 1485 3077 Il,
1511 3028 1590 3081 fol.
1616 3028 1670 3068 72
1699 3029 1736 3067 cb
1764 3027 1851 3076 III,
1878 3026 1955 3080 fol.
1979 3022 2066 3076 0'2',
2099 3026 2172 3078 qai
2201 3027 2247 3068 in
2277 3026 2394 3067 talm-

209 3100 315 3139 lariu
348 3100 462 3149 1011)ιὶ
494 3099 709 3139 lma-arici
739 3101 1019 3147 asma-amem,
1053 3099 1245 3149 pressam·
1284 3097 1494 3148 (amemur
1532 3097 1604 3136 hoc
1633 3096 1774 3136 dalani
1800 3095 1891 3149 fait
1920 3095 1977 3135 acl
2006 3094 2177 3145 cortellos,
2210 3094 2392 3144 barones,

207 3167 311 3206 alias·
350 3181 424 3216 per
464 3167 678 3217 imperinm
719 3158 957 3206 constitutos
971 3167 1001 3216 ²;
1049 3167 1092 3220 4)
1125 3166 1366 3206 schedarum
1408 3165 1586 3206 Heuricc‘
1624 3164 1805 3205 Meibom
1849 3164 2041 3213 senioris,
2088 3176 2190 3215 qaae
2229 3165 2395 3204 exstant

211 3236 253 3273 in
296 3234 529 3275 bibliotheca
573 3235 685 3286 reaia
726 3234 1062 3284 Hannon-erana,
1109 3234 1179 3275 aba?
1209 3235 1332 3287 prior
1372 3236 1532 3274 tantam
1570 3246 1678 3285 pars
1717 3232 1965 3285 exemplaris
2004 3232 2187 3283 episcopo
2226 3231 2393 3272 Hildes-

209 3302 404 3342 hennensi
443 3303 555 3341 missi
591 3303 821 3354 exemplata
858 3305 936 3351 cs&
974 3303 1145 3343 contulit
1174 3302 1244 3342 1100
1269 3302 1550 3355 fhaymcntam
1589 3301 1742 3350 Waltz,
1774 3300 1882 3352 qaod
1906 3302 2047 3350 postea
2077 3300 2204 3341 edidit
2234 3300 2394 3343 Saden-

210 3370 312 3423 (Iorf
346 3371 387 3409 in
429 3370 617 3422 Rama-0
657 3371 691 3420 I,
717 3373 798 3411 105¹
836 3372 992 3412 van-132.
1067 3372 1179 3423 Quae
1218 3371 1473 3423 ezwneplaria
1511 3382 1600 3411 cum
1650 3369 1756 3409 inter
1801 3381 1842 3409 sc
1879 3369 2097 3410 admodum
2137 3368 2392 3418 conveniant,

351 3473 433 3508 121.
484 3475 514 3514 'st
542 3485 638 3508 erant
663 3490 689 3507 c.
784 3478 813 3516 C)
839 3477 1003 3517 Gergium
1030 3490 1055 3508 0.
1152 3475 1185 3518 (Ῑ)
1212 3477 1362 3517 currem}
1388 3476 1568 3508 Ierusalem
1594 3488 1620 3507 c,
1715 3474 1745 3514 ⁰)
1772 3474 1990 3506 redderentur
2013 3486 2040 3505 0.

352 3555 382 3588 l)
413 3553 463 3593 (f-
491 3552 694 3594 Rodeuberq
725 3553 751 3594 l,
781 3564 832 3587 nr.
852 3558 925 3586 382.
1044 3558 1078 3595 2)
1106 3554 1168 3587 Ex
1194 3553 1322 3595 iisdem,
1353 3557 1390 3586 at
1414 3552 1561 3595 videbar,
1588 3551 1761 3585 codicibus
1787 3550 1916 3584 editum
1941 3553 1986 3583 cst
2014 3550 2053 3583 iu
2075 3548 2254 3592 pei-iudico
2271 3548 2392 3583 ‘Jahr-

212 3610 337 3643 bucher
374 3609 436 3641 der
469 3609 660 3642 Literatar'
692 3610 819 3642 (Wicn
847 3615 942 3653 1527)
983 3610 1066 3653 XL,
1092 3616 1153 3644 147
1187 3614 1217 3644 et
1247 3622 1269 3643 a
1298 3609 1471 3644 Leibniao
1501 3609 1539 3642 in
1575 3608 1695 3643 Codice
1727 3607 1818 3641 iaris
1844 3607 2018 3653 flentium,
2053 3606 2232 3640 Mantissa
2264 3606 2315 3648 Il,
2332 3610 2394 3642 245

210 3667 269 3696 (z
296 3666 415 3709 λακίς]
439 3665 706 3699 ‘Reichsarclzic’
734 3665 802 3708 IV,
824 3671 908 3708 147).

2420 884 2452 909 10

2425 1233 2455 1258 15

2426 1917 2458 1941 25
2507 1906 2527 1917 ‘¹

2427 2262 2460 2288 30

2427 2688 2459 2713 35

2429 3041 2462 3066 40

2428 3380 2459 3405 45
