2558 3970
215 143 294 181 302
700 136 939 171 FRlnssulel
967 136 1008 170 ll.
1035 134 1460 170 CONSTITUTIONES.
1512 136 1610 170 1239.
1660 135 1722 171 Nr.
1739 137 1816 171 217.
1841 137 1917 172 218.

210 260 314 294 nobis
347 260 382 293 in
416 259 467 293 eis
506 259 686 293 creditum
725 258 960 302 negligenter
997 258 1221 292 abscondere
1255 257 1462 298 videamur,
1505 259 1637 301 utpote
1676 257 1740 301 qui
1777 257 1961 292 rationem
1994 258 2237 293 villicationis
2268 261 2395 294 nostre

210 341 332 362 sumus
366 329 400 361 in
433 328 601 361 examine
634 327 754 361 stricti
786 326 913 360 iudicii
945 326 1141 360 reddituri:
1181 326 1226 359 ad
1259 326 1327 360 hoe.
1359 325 1594 360 direximus
1626 325 1743 360 aciem
1775 326 1910 360 mentis
1941 328 2085 369 nostre,
2116 328 2159 361 ut
2189 328 2234 361 ad
2257 330 2396 362 statum

209 398 397 441 par-ilicum
433 391 560 430 totius
594 390 714 430 ltalie
754 395 957 440 imperialis
1000 394 1221 439 provisionis
1260 395 1442 429 instantia
1473 394 1672 429 salubriter
1708 394 1956 428 intendamus.
2016 388 2320 444 *Quapropter
2349 397 2394 431 de

209 470 269 500 tua
314 459 517 500 industria
560 468 594 499 et
636 465 816 499 fidelitate
856 463 999 504 contisiy
1044 466 1080 498 te
1121 464 1165 497 de
1203 464 1319 498 latere
1360 457 1517 498 nostro*
1548 463 1714 507 legatum
1755 462 1872 497 totius
1903 456 2030 497 Italie
2071 457 2123 498 ad
2163 471 2235 498 eOS
2277 459 2395 499 velut

208 542 389 583 persone
427 532 571 568 nostre
615 528 834 582 speculum
872 545 939 577 pro
972 533 1254 567 conservatione
1297 532 1398 576 pacis
1439 534 1477 566 et
1514 531 1658 566 iustitie
1690 531 1904 575 specialiter
1933 531 2183 575 destinamus,
2222 534 2264 567 ut
2296 532 2394 568 vices

207 605 351 636 nostras
385 603 646 637 universaliter
675 614 783 647 geras
815 596 855 635 in
889 594 984 642 ea*.
1027 602 1272 636 concedentes
1310 601 1379 635 tibi
1423 612 1564 634 merum
1600 599 1797 644 imperium
1829 601 1867 634 et
1895 599 2013 643 gladii
2044 602 2284 644 potestatem.
2344 600 2393 636 Et

206 675 244 705 ut
278 671 314 704 in
349 672 574 706 fircinorosos
607 671 903 705 aninnulvertere
936 670 1077 712 valeas,
1112 670 1190 704 viee
1233 671 1362 704 nostra.
1402 669 1596 714 purgando
1633 662 1823 713 Italiam,
1861 668 2121 703 malefactores
2158 669 2325 713 inquiras
2357 673 2395 706 et

207 740 338 783 punias
372 740 586 784 inquisitos.
620 738 661 773 et
694 733 937 788 specialiter
968 746 1042 773 eos
1076 733 1147 786 qui
1180 736 1337 772 stratas
1371 736 1413 772 et
1445 732 1599 772 itinera
1630 730 1803 786 publica
1835 744 1943 771 ausu
1975 732 2202 773 temerario
2235 733 2395 775 violare

207 806 471 856 presnnmnt.
535 801 791 842 Criminales
835 801 966 841 etiam
1010 801 1256 855 questiones
1300 799 1448 840 audias
1490 804 1533 840 et
1574 799 1743 850 civiles,
1786 813 1965 853 quarum
2000 800 2206 854 cognitio,
2251 802 2285 841 si
2317 815 2394 843 nos

208 875 426 923 presentes
461 884 671 918 essemus,
704 871 757 911 ad
791 875 984 911 nostrum
1016 870 1220 911 iudicium
1254 870 1502 924 pertineret.
1564 869 1791 910 Liberales
1815 882 1983 923 quoque
2007 868 2156 910 audias
2182 874 2224 911 et
2246 870 2388 912 deter-

206 939 341 979 mines
375 940 633 993 questiones.
696 939 951 994 Imponendi
986 943 1028 980 et
1065 938 1210 979 banna
1241 943 1282 979 et
1322 938 1524 988 mulctas,
1567 937 1638 977 ubi
1671 936 1934 992 expedierit,
1977 937 2281 979 auctoritatem
2312 939 2394 980 tibi

206 1007 439 1061 plenariam
474 1009 751 1062 impertimur.
814 1008 1003 1048 Decreta
1033 1008 1182 1061 utique
1206 1007 1466 1061 interponaS,
1500 1019 1582 1060 que
1606 1020 1734 1060 super
1762 1006 2053 1046 transactione
2076 1006 2388 1060 alimentorum,

206 1076 467 1118 alienatione
512 1090 651 1117 rerum
695 1076 1083 1117 ecclesiasticarum
1133 1079 1176 1116 et
1225 1076 1353 1116 etiam
1396 1075 1602 1115 minorum
1653 1073 1888 1115 secundum
1930 1074 2137 1115 iustitiam
2179 1075 2396 1131 interponi

206 1150 424 1198 petuntur.
487 1145 670 1186 Tutores
711 1145 840 1186 etiam
883 1149 924 1185 et
965 1148 1184 1185 curatores
1224 1143 1352 1185 dandi
1395 1143 1659 1199 quibuslibet
1697 1143 1776 1183 tibi
1816 1143 2088 1184 concedimus
2120 1147 2392 1198 potestatem,

207 1222 248 1253 et
280 1218 324 1253 ut
357 1215 591 1255 minoribus
625 1219 666 1255 et
698 1214 949 1261 maioribus.
995 1213 1148 1268 quibus
1180 1212 1443 1253 universalia
1474 1212 1569 1252 iura
1603 1215 1878 1263 succurrunt,
1912 1225 2044 1252 causa
2074 1211 2243 1266 cognita
2264 1214 2390 1254 resti-

206 1282 382 1321 tutionis
416 1283 455 1322 in
490 1284 704 1336 integrum
738 1282 997 1324 beneficium
1030 1283 1176 1323 valeas
1209 1282 1432 1337 impertiri.
1494 1281 1562 1321 Ad
1594 1280 1854 1321 audientiam
1894 1284 2011 1321 tuam
2043 1283 2130 1321 tam
2163 1280 2214 1322 de
2250 1282 2390 1322 crimi-

203 1350 373 1391 nalibus
407 1365 532 1405 quam
567 1351 619 1392 de
653 1351 848 1391 civilibus
881 1351 1020 1391 causis
1056 1351 1372 1405 appellationes
1404 1349 1555 1390 referri
1588 1349 1799 1399 volumus,
1833 1363 1938 1403 quas
1972 1363 1996 1389 a
2030 1349 2254 1390 sententiis
2277 1350 2393 1391 ordi-

204 1419 420 1459 nariorum
453 1419 639 1460 iudicum
673 1426 715 1461 et
748 1433 893 1460 eorum
927 1419 1127 1470 omnium,
1163 1420 1233 1473 qui
1265 1419 1607 1459 iurisdictionem
1639 1418 1691 1459 ab
1716 1418 1896 1472 imperio
1921 1418 2035 1459 nacti
2059 1422 2170 1470 sunt,
2201 1418 2244 1458 in
2266 1417 2393 1459 Italia

204 1488 488 1541 contingeritd
521 1489 758 1543 interponi,
791 1493 837 1529 ut
868 1493 1013 1529 tamen
1045 1502 1069 1528 a
1103 1488 1319 1529 sententia
1350 1491 1424 1528 tua
1453 1487 1506 1528 ad
1538 1487 1804 1529 audientiam
1834 1487 1969 1527 nostri
2002 1487 2198 1528 culminis
2230 1487 2395 1543 possite

204 1555 338 1596 libere
372 1558 614 1612 provocari.
648 1558 730 1598 nisi
762 1557 830 1598 vel
864 1571 990 1598 cause
1025 1557 1211 1611 qualitas
1244 1557 1313 1598 vel
1345 1556 1686 1612 appellationum
1719 1569 1922 1596 numerus
1954 1556 2256 1611 appellationis
2290 1556 2390 1597 sub-

205 1624 357 1665 sidium
391 1626 551 1667 adimat
583 1626 831 1681 appellanti.
895 1625 1081 1666 Creandi
1113 1625 1276 1666 iudices
1310 1629 1352 1666 et
1384 1625 1573 1666 notarios
1596 1624 1674 1665 tibi
1697 1624 1968 1665 concedimus
2001 1624 2239 1679 plenariam
2264 1629 2388 1680 pote-

205 1700 374 1735 statem.
436 1695 527 1736 Tue
561 1695 692 1749 igitur
723 1694 920 1735 filiationi
960 1695 1137 1735 firmiter
1169 1698 1211 1735 et
1243 1693 1436 1735 districte
1469 1693 1745 1749 precipiendo
1780 1692 2054 1745 mandamus,
2093 1698 2306 1748 quatenus
2338 1693 2393 1735 ad

208 1767 364 1803 statum
399 1764 622 1817 pacificum
658 1763 784 1804 Italie
817 1767 859 1803 et
893 1763 1263 1817 recuperationem
1295 1766 1539 1803 nostrorum
1569 1762 1722 1802 iurium
1757 1766 1799 1803 et
1830 1761 1997 1816 imperii
2029 1762 2071 1802 in
2103 1761 2256 1803 eadem
2279 1762 2393 1803 omni

204 1830 285 1871 fide
320 1836 361 1870 et
392 1831 694 1883 sollieitudine,
727 1835 853 1885 prout
886 1831 1069 1885 gratiam
1102 1835 1293 1872 nostram
1326 1831 1493 1893 diligis>
1514 1845 1563 1872 ac
1597 1831 1830 1872 efficaciter
1860 1835 1903 1871 et
1925 1830 2157 1884 diligenter
2179 1830 2392 1883 intendas.

203 1904 247 1938 ut
280 1899 376 1939 inde
409 1899 632 1954 diligentie
676 1904 748 1940 tue
794 1900 1040 1940 testimonio
1075 1900 1299 1941 electionis
1333 1905 1478 1941 nostre
1511 1899 1714 1940 iudicium
1750 1899 2085 1950 commendetur,
2126 1898 2226 1939 dum
2257 1900 2390 1940 talem

202 1972 318 2008 tanto
366 1969 537 2022 negotio
585 1968 784 2008 duximus
832 1969 1177 2024 pmponendum,
1227 1983 1281 2009 ex
1328 1970 1446 2010 cuius
1494 1969 1578 2009 fide
1622 1973 1664 2009 et
1707 1968 1916 2009 industria
1961 1968 2204 2009 serenitatis
2247 1972 2395 2009 nostre

201 2037 371 2077 salubre
419 2038 686 2092 propositum
735 2037 786 2078 de
833 2038 1136 2079 observatione
1183 2038 1301 2092 pacis
1343 2042 1386 2078 et
1425 2038 1585 2079 iustitie
1631 2042 1674 2079 et
1711 2037 2049 2092 reintegratione
2081 2037 2236 2077 iurium
2268 2036 2394 2078 Italic

201 2106 378 2159 singulis
412 2107 689 2160 exprimetur.

349 2174 444 2213 Dat.
480 2176 518 2214 in
555 2175 705 2214 eastris
739 2175 782 2214 in
818 2176 1068 2229 episcopatu
1101 2174 1304 2225 Bononio,
1337 2174 1477 2215 XXV.
1511 2175 1623 2223 Iulii.
1657 2175 1759 2217 XII.
1793 2175 2040 2215 indictione.

280 2560 583 2627 ele-⁶221.
641 2557 1164 2627 MANDATA
1206 2556 1355 2626 AD
1408 2554 2313 2626 REGUPERANDUM

200 2661 788 2731 MARCHlAM
841 2659 1630 2732 ANOONITANAM
1679 2659 1813 2745 ET
1856 2656 2393 2728 DUCATUM

944 2763 1664 2835 SPOLETINUM.

1120 2889 1288 2946 (1239.
1327 2889 1472 2947 Aug.)

301 3009 401 3050 218.
444 3009 813 3051 MANDATUM
841 3009 928 3050 AD
967 3010 1177 3052 OMNES
1207 3008 1550 3051 MAROHIAE
1576 3008 1661 3049 ET
1685 3007 1975 3050 DUOATUS
2005 3007 2282 3049 INOOLAS.

342 3091 616 3130 &reama-ant
655 3089 693 3143 1)
726 3090 847 3130 coclea:
879 3090 1106 3131 Parisinus
1129 3092 1201 3132 lat.
1224 3092 1363 3131 13059
1395 3090 1455 3143 (S.
1483 3090 1686 3130 Gcrmain
1707 3089 1877 3140 Harlay
1899 3089 2003 3143 455)
2032 3100 2134 3139 pars
2158 3087 2218 3138 II,
2250 3101 2314 3128 nr.
2334 3087 2387 3126 59

194 3158 266 3210 sol.
289 3155 375 3199 :271
402 3174 419 3194 s·
442 3173 519 3210 ‘sno
540 3158 666 3198 edidit
683 3158 962 3209 Hw'llardus;
985 3161 1027 3214 2)
1051 3160 1173 3201 (⁴0choe
1194 3160 1546 3211 (r'ztclfi32·bytsc722ts
1562 3158 1738 3211 AusJA⁰
1763 3157 1898 3198 XIII.
1917 3159 1944 3195 ὃ)
1966 3171 2024 3208 ep.
2043 3159 2096 3196 61
2113 3156 2192 3211 fol.
2211 3153 2279 3195 99'
2294 3156 2322 3198 ¹.
2336 3180 2386 3185 --

201 3226 405 3265 slusam-17
415 3226 654 3265 -Ji’msliolles
685 3226 846 3277 11:376.
908 3228 1102 3278 Bolemer,
1135 3228 1236 3281 Ray.
1267 3228 1365 3279 inm.
1398 3227 1441 3276 V,
1463 3228 1586 3268 2469.
2007 3224 2076 3277 (P.
2102 3225 2244 3279 deest.)

344 3328 483 3368 Intera
526 3330 774 3383 frequentes
817 3331 1119 3385 occupationes
1162 3335 1204 3370 et
1243 3331 1451 3370 instantes
1489 3328 1725 3383 reipublice
1766 3342 1910 3378 curas,
1955 3328 2107 3382 quibus
2140 3327 2191 3367 ad
2225 3327 2406 3368 reinte-'

199 3395 434 3449 grationem
479 3401 519 3436 et
561 3403 838 3451 augmentum
883 3399 1048 3453 imperii
1092 3399 1372 3439 sollicitamur
1413 3398 1570 3451 iugiter
1611 3400 1653 3436 et
1693 3397 1929 3447 areemurb7
1974 3395 2086 3435 cordi
2132 3395 2257 3435 nobis
2292 3395 2382 3446 fuit,

337 3497 424 3531 ⁵217.
456 3498 487 3539 d)
515 3501 709 3542 c«'›ntingem
735 3501 784 3532 cd.
905 3507 935 3542 e)
962 3503 1090 3543 possint
1114 3502 1164 3534 ecl.

336 3554 420 3587 218.
454 3561 484 3587 ³7
511 3558 648 3589 rubrica
674 3558 707 3589 in
732 3556 768 3589 2:
795 3559 926 3600 Populo
952 3560 1100 3591 civitatis
1126 3570 1226 3601 super
1251 3559 1384 3591 eisdem.
1503 3555 1535 3597 b)
1561 3561 1711 3589 arternur
1736 3554 1767 3588 2.

337 3636 368 3675 l)
402 3633 438 3667 Γ.
467 3635 628 3667 ‘Archiv'
657 3635 792 3674 11400,

2428 880 2462 905 10

2432 1227 2462 1252 15

2429 1567 2462 1593 20

2426 1915 2457 1940 25

2427 2589 2460 2613 3⁰

2423 3107 2454 3131 35

2519 2603 2536 2612 e
