2558 3970
639 155 882 190 FRIDERIOI
909 156 951 190 Il.
980 156 1412 191 ‹tuxs'l'l'l'lt'rli›Nlcs
1465 159 1561 192 12:39.
1614 158 1674 193 Nr.
1694 159 1770 192 21⁴3.
1798 158 1875 193 217.
2275 163 2347 199 301

158 278 202 315 et
233 273 442 315 fidelitate
473 272 636 318 confisi,
669 276 711 312 te.
745 271 797 311 do.
832 272 965 311 latere
999 272 1163 312 nostroi
1196 273 1445 326 generalem
1481 274 1698 325 lvgatunss‘
1732 274 1869 314 tocius
1915 275 2145 314 comitatus
2179 273 2355 329 predic-ti

108 376 120 386 .
158 343 210 384 ad
243 341 357 383 eum¹
390 341 508 382 velut
539 341 804 381 conscientie
837 345 1016 381 nosti-0¹¹¹
1051 342 1269 382 conscium
1306 357 1379 396 pro
1413 344 1740 383 conservatione
1776 344 1890 398 pacis
1924 349 1965 383 et
2000 344 2160 384 iustitie
2193 345 2355 398 spes-ia-

97 1347 130 1372 10

99 1761 130 1786 15

105 2141 139 2167 20

103 2486 136 2513 25

107 2837 142 2864 30

113 3181 146 3208 35

156 411 257 453 liter
299 410 589 462 destinamus,
637 414 686 450 ut
725 410 841 450 vices
881 414 1083 450 nostras¹¹¹
1126 411 1431 452 universaliter
1471 426 1597 465 goras
1642 412 1811 454 ibidem.
1886 412 1975 453 Nec
2017 418 2160 453 tamon
2195 418 2236 452 te
2270 413 2358 452 sola

158 479 306 522 vicarii
339 483 556 535 potestate
590 479 788 519 volumus
822 492 920 520 csse
954 482 1225 526 contentum,
1259 479 1359 519 licet
1392 480 1481 519 solo
1515 481 1660 520 vicarii
1696 482 1866 521 nominc
1903 483 2140 524 ‹sensi-aris,
2175 481 2248 521 sed
2285 481 2358 520 tibi

157 561 295 603 usque
337 547 390 589 ad
435 546 583 588 aliud¹³
616 546 865 588 mandatum
909 552 1103 587 nostrum
1144 547 1352 588 adicimus
1396 548 1582 588 officium
1626 549 1892 603 presidatum,
1937 550 2224 590 convii-‹lvmvs
2259 549 2360 589 tibi·-

158 623 352 658 merump
383 616 609 672 imperium
642 619 686 657 et
715 615 848 670 gladii
881 619 1163 670 potestatem
1198 620 1240 656 et
1273 620 1320 656 ut
1353 616 1391 656 in
1427 617 1692 657 facinorosos
1726 618 2070 658 animadvertere
2097 619 2242 659 valvus
2269 619 2360 658 vive

161 689 318 732 nostra,
352 685 576 740 purgando
610 685 891 740 provinciam,
924 685 1226 726 malefactores
1260 685 1452 739 inquiras
1487 691 1529 726 et
1562 687 1710 741 punias
1745 687 2008 740 iiiquisit‹›s¹¹.

806 1091 932 1160 217.
988 1089 1728 1162 CONSTITU'MO

246 1193 651 1266 LEGATI
702 1192 1328 1265 GENERALIS
1383 1193 1778 1266 TOTlUs
1842 1194 2287 1265 lTAlilAlss.

1084 1321 1226 1368 1239.
1266 1321 1354 1368 lul.
1387 1320 1465 1367 25.

309 1465 569 1508 Mandatum
599 1465 656 1506 ad
685 1464 917 1507 Hem-imma
944 1464 1173 1507 Sardiniae
1204 1480 1336 1519 restem
1368 1465 1513 1506 datum
1543 1464 1672 1506 edidit
1698 1464 1870 1505 (hmini
1901 1464 2115 1505 ‘Memoria
2143 1464 2250 1505 della
2275 1465 2370 1504 vitm

165 1535 210 1576 di
231 1535 413 1578 Milano'
438 1538 564 1588 parte
596 1534 697 1585 VII,
725 1548 765 1587 p.
792 1536 874 1575 600
905 1548 924 1575 ο
956 1535 1099 1577 ‘codice
1120 1535 1165 1576 ‹Zc'
1189 1535 1460 1577 Giovamziuo
1487 1534 1663 1577 ormella
1690 1547 1834 1585 presso
1868 1534 1897 1573 il
1927 1534 2184 1585 ris-(marram
2215 1534 2258 1574 ‹le'
2281 1535 2370 1575 San

175 1604 371 1655 Vicenzo',
407 1618 533 1658 quam
562 1603 778 1646 editionem
811 1617 948 1645 onmes
978 1604 1153 1645 editores
1178 1606 1426 1657 posteriores
1457 1607 1494 1645 ct
1524 1604 1645 1645 ctiam
1680 1602 1938 1644 Iluillardus
1969 1604 2094 1644 seculi
2127 1607 2236 1644 smel.
2303 1603 2372 1643 ΓΙ)-

166 1672 216 1716 cl.
237 1672 391 1715 Ficker
420 1675 524 1714 recle
554 1671 773 1721 iudicavit,
811 1670 999 1726 formam
1039 1672 1233 1713 mandati
1269 1673 1415 1713 melius
1455 1671 1666 1725 quadrare
1697 1671 1753 1712 ad
1789 1672 2031 1724 [effationem
2062 1673 2252 1725 sinyulae
2279 1687 2375 1724 pro-

166 1740 328 1783 vinciae
358 1754 485 1794 meam
515 1741 641 1782 totius
672 1740 844 1791 Italiae,
881 1740 1050 1794 ideoque
1082 1755 1101 1782 c
1132 1741 1289 1782 dictatu
1328 1741 1521 1783 mandate?
1558 1754 1692 1782 menso
1724 1741 1852 1782 Imzio
1883 1741 1974 1782 clatet
2005 1746 2156 1794 (supra
2188 1754 2252 1783 nr.
2271 1744 2375 1789 210¹)

166 1810 422 1864 neyliqenter
451 1809 677 1862 confectam
708 1821 804 1852 csse.
871 1809 1002 1865 Typis
1033 1811 1164 1863 initur
1194 1811 1428 1852 minoribns
1459 1810 1699 1851 emendenda
1731 1810 1969 1851 curavimus
1999 1823 2047 1850 ea
2069 1824 2172 1862 quac
2194 1824 2283 1850 rum
2308 1810 2377 1849 illa

166 1879 365 1921 nzandato
395 1879 655 1921 conveniunt.
691 1903 745 1909 —
777 1878 1009 1921 Huillmzl-
1021 1879 1239 1922 Brdleollos
1270 1880 1434 1931 16:357.
1497 1880 1692 1929 Bo'lcmer,
1728 1879 1826 1932 Ray.
1850 1880 1948 1932 imp.
1984 1879 2169 1929 122158.

2021 1947 2092 2001 (Ρ.
2115 1949 2234 2000 35¹0.)

316 2053 565 2096 Fridericus
588 2053 672 2096 Dei
703 2053 844 2110 gratia
866 2053 1161 2096 Romanorum
1185 2055 1422 2110 imperator
1443 2068 1618 2110 semper
1639 2057 1865 2109 augustuS,
1898 2052 2139 2094 Ierusalem
2164 2056 2206 2092 ct
2230 2051 2376 2092 Sicilie

176 2137 256 2165 rex
286 2122 481 2166 Henrico
515 2123 664 2165 Turris
700 2127 744 2165 et
775 2122 967 2165 Galluris
999 2123 1155 2165 illustri
1187 2124 1293 2179 regi,
1335 2124 1442 2165 sacri
1477 2123 1645 2179 imperii
1678 2124 1720 2163 in
1754 2122 1883 2163 Italia
1915 2122 2072 2176 legato,
2105 2121 2263 2162 dilecto
2296 2121 2380 2161 filio

175 2205 253 2234 suo
284 2193 469 2247 gratiam
503 2207 625 2235 suam
659 2197 702 2235 et
734 2207 860 2235 omne
893 2193 1068 2236 bonum.

314 2269 373 2304 Ad
411 2269 629 2305 extollenda
672 2269 858 2305 iustorum
894 2269 1073 2315 preconia
1114 2271 1152 2304 et
1192 2268 1448 2314 reprimendas
1488 2267 1710 2302 insolentias
1743 2269 2062 2311 transgressorum
2094 2265 2325 2311 prospiciens
2358 2272 2382 2298 a

173 2338 252 2373 celo
290 2337 440 2374 iustitia
480 2333 620 2374 erexit
650 2338 691 2374 in
728 2339 878 2385 populis
919 2338 1158 2385 regnantium
1197 2338 1291 2373 solia
1324 2340 1362 2373 et
1393 2338 1626 2373 diversorum
1666 2336 1877 2382 principum
1910 2337 2130 2381 potestates.
2193 2334 2377 2368 Cau-nisset

172 2419 335 2453 namque
377 2407 541 2444 libenter
581 2409 746 2444 humana
783 2408 950 2444 conditio
992 2408 1080 2453 iugo
1121 2407 1278 2443 dominii
1309 2418 1453 2452 neque
1492 2407 1707 2442 libertatem
1740 2417 1761 2440 a
1793 2417 1842 2447 se,
1881 2416 1992 2450 quam
2026 2404 2078 2439 eis
2110 2406 2243 2438 natura
2279 2412 2379 2437 con-

175 2476 387 2521 cesserat,
424 2477 596 2513 homines
634 2477 890 2520 abdicassent,
930 2477 1004 2512 nisi
1044 2477 1171 2522 quod³
1213 2476 1401 2522 impunita
1442 2475 1598 2511 licentia
1635 2475 1817 2510 scelerum
1859 2474 1896 2508 in
1936 2473 2147 2509 evidentem
2180 2472 2380 2518 pernicicm

173 2546 329 2582 humani
359 2547 508 2593 generis
539 2547 786 2590 redundabat,
819 2549 858 2582 et
890 2558 934 2582 ex
966 2546 1193 2582 necessitate
1225 2546 1387 2591 quadam
1420 2544 1590 2590 oportuit
1620 2546 1793 2579 naturam
1828 2543 1977 2578 subesse
2010 2542 2153 2577 iustitie
2183 2545 2221 2575 ot
2243 2541 2381 2575 servii-v

173 2615 312 2652 iudicio
352 2616 580 2652 libertatem.
649 2616 720 2652 Sed
759 2627 906 2661 neque
945 2616 1092 2661 exquiri
1133 2615 1365 2651 extrinsecus
1397 2615 1523 2651 decuit
1554 2613 1667 2649 aliam
1705 2613 1865 2658 speciem
1898 2606 2111 2653 creaturcb;
2153 2605 2240 2645 *sed
2272 2611 2382 2645 homo

174 2685 342 2731 prelatus
374 2687 432 2722 est
470 2685 632 2729 homini,
672 2688 715 2721 ut
751 2685 958 2731 gratiorem
997 2685 1228 2732 prelaturam
1267 2685 1432 2720 efficeret
1470 2683 1651 2719 identitas
1684 2682 1832 2728 speciei.
1893 2681 2146 2716 Potissimum
2178 2683 2302 2715 tamen
2337 2680 2381 2714 ad

176 2755 342 2800 regimen
381 2755 607 2801 populorum
637 2755 766 2790 divina
806 2755 997 2791 sententia
1035 2754 1195 2800 prefecit
1236 2754 1451 2800 imperium,
1495 2753 1599 2796 dum,
1643 2754 1794 2787 ostensa
1826 2751 1896 2786 sibi
1930 2752 2046 2795 figura
2078 2749 2313 2784 numismatis
2346 2748 2382 2782 in

176 2823 411 2860 redditione⁰
443 2836 586 2868 censu8‚
619 2832 671 2860 ea
701 2835 767 2870 pre
800 2824 934 2860 ceteris
966 2823 1118 2870 regibus
1150 2835 1298 2859 cesaree
1330 2824 1480 2858 fortune
1511 2821 1704 2868 fastigium
1736 2820 1970 2866 prcsignivit.
2023 2819 2089 2853 Cui
2112 2817 2381 2853 diversimodas

178 2892 344 2928 subdidit
386 2893 579 2937 nationes,
623 2905 700 2929 non
742 2893 790 2929 ob
830 2893 900 2929 hoc
940 2893 1062 2928 solum
1102 2895 1145 2928 ut
1177 2893 1229 2929 eis
1261 2892 1480 2938 imperando
1512 2894 1698 2938 preesset,
1745 2891 1809 2926 sed
1841 2893 1880 2925 ut
1913 2889 2004 2935 ipsis
2036 2887 2138 2934 pacis
2171 2890 2206 2923 et
2240 2886 2384 2921 iustiti«-

179 2962 326 3008 copiam
354 2962 605 2998 ministrando
635 2956 854 3012 preberet.
915 2963 1020 2998 Inter
1050 2962 1135 2997 illas
1166 2962 1284 3008 igitur
1315 2961 1518 2996 multarum
1544 2959 1834 3006 occupationum
1861 2970 1978 3001 curas,
2011 2957 2145 3002 quibus
2169 2955 2384 2990 fluctuantis

178 3031 305 3078 pelagi
335 3044 438 3068 more
469 3044 537 3078 pro
571 3031 714 3067 salubri
744 3031 798 3066 rei
835 3031 984 3077 publice
1016 3033 1119 3066 statu
1151 3031 1306 3076 spiritus
1337 3032 1467 3066 noster
1499 3029 1675 3065 continue
1707 3028 1907 3074 fatigatur,
1946 3025 2191 3061 meditatione
2223 3023 2385 3059 sollicita

179 3101 435 3145 revolventes,
468 3101 570 3146 quod
600 3095 718 3150 regio
751 3094 1000 3150 supradicta
1039 3098 1167 3150 prout
1199 3094 1396 3149 superius
1430 3097 1498 3135 est
1529 3092 1752 3143 distincta,
1792 3095 1987 3142 provincia
2018 3095 2147 3139 utique
2179 3093 2316 3129 nobilis
2348 3095 2385 3127 et

179 3180 267 3214 pars
297 3170 458 3205 Romani
488 3169 638 3216 imperii
668 3169 847 3216 pretiosa,
879 3169 942 3204 diu
973 3177 1052 3219 pro
1084 3162 1321 3204 hostilitate
1355 3175 1606 3217 guerrarum
1641 3165 1684 3202 et
1718 3159 1930 3202 seditione
1964 3172 2136 3200 suorum
2170 3162 2384 3208 provisione

180 3237 326 3275 iustitie
358 3239 557 3284 caruisset,
589 3241 745 3286 propter
776 3239 876 3284 quod
907 3241 986 3274 tam
1019 3232 1135 3274 cives
1169 3245 1296 3287 quam
1328 3232 1599 3273 habitatores
1632 3230 1758 3271 Italie
1790 3235 1827 3269 in
1863 3233 2032 3280 personis
2066 3231 2247 3275 [iniurias]
2280 3234 2314 3267 et
2348 3231 2384 3265 in

162 3308 291 3344 rebus
322 3309 459 3344 damna
488 3320 565 3345 non
595 3309 743 3344 modica
772 3308 945 3344 novimus
976 3307 1090 3342 fuisse
1122 3318 1319 3352 perpessos
1352 3308 1391 3341 et
1421 3305 1559 3341 ibidem
1591 3305 1673 3339 iura
1695 3296 1873 3349 imperii*
1905 3302 2101 3344 diminuta,
2133 3312 2179 3335 ne
2201 3301 2385 3335 talentum

320 3440 408 3476 216.
441 3441 466 3485 i)
492 3447 667 3486 sumptum
700 3441 783 3475 add.
801 3441 841 3474 P.
982 3438 1017 3482 k)
1055 3441 1127 3473 loco
1163 3439 1314 3482 legatum
1340 3457 1384 3461 —-
1410 3438 1548 3481 predicti
1574 3437 1621 3470 P:
1660 3435 1870 3468 vicarium
1901 3446 1920 3468 a
1953 3434 2084 3477 Papia
2121 3434 2308 3467 inferius
2346 3433 2386 3464 in

183 3499 454 3533 Lombardia.
587 3497 613 3541 1)
639 3511 696 3533 eos
720 3499 759 3532 P.
890 3499 933 3540 m)
960 3498 1051 3532 deest
1073 3497 1106 3531 2.
1247 3499 1280 3538 ¹¹)
1307 3497 1412 3529 alium
1440 3495 1468 3528 1.
1495 3494 1526 3528 2.
1660 3494 1692 3536 ⁰)
1719 3493 1809 3526 deest
1833 3491 1864 3525 1.
1980 3491 2012 3533 P)
2039 3496 2073 3524 et
2096 3502 2219 3534 purum
2248 3490 2328 3521 add.
2348 3489 2387 3521 P.

118 3561 152 3587 40
186 3554 220 3598 11)
245 3557 314 3600 inq.
338 3557 461 3600 punias
487 3556 528 3591 P.

321 3623 409 3659 217.
443 3624 474 3667 ⁸¹)
500 3626 583 3669 quia
606 3609 668 3660 eol:
754 3624 786 3669 b)
811 3626 865 3659 hie
888 3625 1050 3659 excidisse
1073 3624 1230 3657 videntur
1255 3624 1312 3656 cui
1337 3634 1372 3656 se
1397 3626 1627 3666 representata
1652 3632 1710 3664 per
1734 3620 1905 3653 hominem
1923 3618 2056 3651 celestis
2073 3618 2187 3661 imago
2205 3618 2387 3650 subiceret.

187 3679 217 3726 c)
242 3683 466 3717 redditionem
489 3684 542 3717 ed.
