2558 3970
91 614 106 638 5

75 970 107 995 10

74 1314 106 1339 15

73 2009 104 2036 25

75 2355 108 2382 30

77 2702 108 2730 35

625 139 869 176 FRIDERICI
900 142 942 176 ll.
969 141 1403 178 CONSTl'l‘L'TIONES.
1454 144 1551 178 1227.
1604 143 1665 178 ΧΥ.
1687 146 1760 178 111.
1790 145 1863 178 11‘2.
2271 148 2345 186 143

148 289 247 332 lll.
291 290 506 332 FORMA
543 289 890 331 EPISTOLAE
928 290 1420 333 LoMRAJelmlcc'M
1451 291 1536 333 ⁴ll)
1570 291 2042 334 l.1!1212'11'.1'l'olelsM
2071 293 2345 336 J).-1NJ›.⁴1J-J.

1143 360 1259 411 (Ian.
1284 363 1344 412 ἦ.)

288 437 415 480 Dedit
446 437 688 491 Roclcnbergl
719 437 744 479 Ι.
770 451 801 480 c.
834 451 900 480 nr.
927 440 1012 478 328
1042 453 1061 478 c
1094 438 1284 491 Iceyistro
1317 438 1498 479 Ilonorii
1530 440 1617 482 III.
1651 441 1720 481 lib.
1749 442 1829 489 XI,
1852 444 1948 485 lm.

1967 511 2036 561 (Ι).
2062 511 2204 564 deest.)

202 600 382 641 Forma
423 599 719 641 litterarum
764 613 886 654 quas
928 599 1202 640 Lombardi
1237 599 1429 641 debent
1470 601 1678 642 mittere
1718 602 1922 642 domino
1962 604 2286 658 imperatori.

289 681 574 722 Sercnissimo
624 685 666 720 et
715 680 1084 721 excellentissimo
1132 679 1303 720 domino
1352 694 1429 720 suo
1482 680 1697 722 Friderico
1751 682 1827 722 llei
1876 683 2017 733 gratia
2066 685 2346 724 invictissimo

143 749 438 791 Romanorum
480 749 729 805 imperatori
773 763 946 804 semper
988 752 1172 803 augusto
1214 753 1257 789 et
1300 749 1388 803 regi
1432 748 1666 790 lerusalein
1712 758 1839 805 atque
1875 752 2018 791 Sicilie
2059 753 2347 793 illustrissimo

144 823 336 860 rectores
360 818 593 860 Societatis
616 817 888 860 Lombardie.
922 817 1115 858 Marchie
1149 832 1198 858 ac
1224 817 1480 859 Romaniole
1515 823 1688 873 totaque
1724 820 1814 873 ipsa
1841 820 2051 862 Societas.
2086 811 2248 861 fideles
2268 822 2345 861 sui.

142 892 387 944 promptum
422 891 463 928 et
495 886 622 928 fidele
656 887 894 928 servitium.

287 956 408 998 Inter
439 961 583 998 cetera
615 970 696 1010 que
730 955 930 997 dominus
964 970 1077 1011 papa
1109 955 1323 996 ordinavit
1356 960 1399 996 ct
1433 956 1599 1006 statuit,
1634 955 1744 996 sicut
1769 957 1862 997 eius
1887 958 2009 998 nobis
2034 958 2177 998 littere
2201 957 2345 998 decla—

144 1030 314 1072 rarunt,
363 1024 491 1081 {heca
523 1024 575 1066 de
615 1025 795 1066 fratrum
837 1039 1010 1066 suorum
1051 1023 1322 1080 providentia
1364 1025 1556 1079 piissime
1590 1023 1823 1079 decrevitl,
1866 1031 1910 1065 ut
1944 1041 2021 1066 nos
2056 1026 2107 1066 :ul
2144 1027 2347 1066 honorem

142 1094 225 1136 Dei
260 1094 566 1150 omnipotentis
599 1099 640 1134 et
673 1094 858 1135 ecclesie
893 1099 1043 1134 sancte
1077 1108 1152 1135 sue
1185 1108 1233 1134 ac
1265 1098 1452 1134 vestrum
1487 1093 1636 1135 demus
1671 1095 1929 1135 excellentie
1965 1101 2103 1136 vestre
2138 1110 2212 1150 pro
2248 1097 2340 1136 sul»-

143 1164 251 1205 sidio
286 1163 418 1204 Terre
453 1163 610 1205 Sancte
652 1164 693 1204 in
735 1163 939 1219 expensis
984 1163 1140 1203 nostris
1180 1177 1256 1217 per
1296 1163 1516 1203 biennium
1560 1163 1720 1204 milites
1755 1163 2119 1218 quadringentos,
2165 1180 2212 1205 ac
2246 1165 2346 1205 eivi-

142 1233 320 1282 tatibus,
366 1233 469 1274 locis
510 1237 553 1274 et
593 1233 789 1288 personis
823 1236 966 1274 vestre
1001 1231 1249 1273 eelsitudini
1290 1231 1599 1273 adherentibus
1640 1232 1848 1273 faciamus
1892 1247 2044 1288 pacem
2084 1234 2348 1288 firmiterque

142 1316 378 1354 servemus,
402 1303 674 1344 remittentes
699 1302 761 1343 eis
786 1316 955 1343 omnem
980 1315 1216 1350 rancorem,
1240 1301 1597 1353 malivolentiam,
1628 1302 1805 1343 iniurias
1831 1307 1872 1343 et
1893 1304 2096 1347 offensas.
2121 1303 2348 1357 omniaque

140 1371 305 1421 banna,
350 1371 703 1422 constitutiones,
749 1371 985 1412 sententias
1028 1375 1070 1411 et
1112 1370 1435 1417 ordinamenta,
1478 1385 1561 1425 que
1601 1370 1782 1412 fecimus
1817 1372 1881 1413 vel
1924 1373 2202 1426 imposuimus
2245 1372 2347 1411 ‹fivi-

141 1441 323 1483 tatibus.
360 1441 464 1482 locis
497 1446 540 1482 et
573 1442 770 1496 personis
807 1446 947 1482 vestre
983 1440 1226 1481 celsitudini
1262 1440 1595 1489 adherentibus,
1631 1448 1673 1482 et
1705 1455 1974 1496 quecumque
2011 1456 2062 1481 ox
2099 1441 2160 1480 eis
2197 1441 2259 1481 vel
2296 1441 2349 1478 ol»

143 1524 195 1552 ea
229 1515 378 1552 secuta
413 1514 531 1552 sunt.
565 1511 737 1565 penitus
772 1523 1046 1558 revocemus,
1081 1524 1128 1549 ac
1162 1510 1442 1551 restituamus
1478 1511 1691 1565 captiVOS.
1739 1511 1809 1565 qui
1843 1511 2069 1551 occasione
2104 1510 2229 1551 huius
2263 1510 2347 1550 ‹lis-

142 1579 288 1622 cordie
330 1581 443 1634 capti
487 1587 605 1630 sunt,
653 1593 748 1620 cum
790 1579 912 1620 bonis
953 1592 1124 1629 eorum,
1175 1583 1217 1619 et
1250 1579 1336 1619 alia
1369 1592 1450 1633 quc
1486 1579 1713 1619 occasione
1747 1579 1944 1620 eiusdem
1978 1579 2190 1620 discordie
2225 1587 2348 1634 capta

143 1653 244 1691 sunt
275 1648 344 1690 vel
376 1648 566 1699 detenta,
599 1648 658 1689 ita
690 1647 802 1703 quod
836 1647 1098 1689 adherentes
1131 1646 1383 1687 sublimitati
1408 1651 1552 1688 vestre
1578 1647 1778 1688 similiter
1801 1647 1926 1688 nobis
1951 1648 2110 1687 faciant
2134 1654 2176 1688 et
2201 1647 2347 1687 obser-

141 1723 258 1760 vent.
318 1717 406 1759 Alii
439 1722 585 1759 autem
618 1717 778 1772 captivi
811 1715 1048 1758 secundum
1082 1716 1147 1756 ius
1181 1715 1467 1757 restituantur
1500 1716 1685 1771 imperii,
1732 1729 1826 1756 cum
1860 1716 2050 1771 legatum
2085 1723 2273 1757 vestrum
2309 1717 2348 1756 in

141 1787 451 1830 Lombardiam
483 1801 560 1842 pro
591 1801 697 1841 pace
721 1785 994 1827 reformanda
1017 1786 1129 1826 inter
1153 1784 1373 1825 discordes
1399 1784 1610 1826 duxeritis
1637 1784 1957 1826 destinandum.
2011 1784 2351 1825 Constitutioiws

141 1871 262 1902 vero,
304 1857 425 1911 leges
458 1860 500 1897 et
534 1860 697 1897 statuta
729 1855 782 1896 ab
818 1855 1006 1897 ecclesia
1038 1854 1238 1896 Romana
1271 1859 1313 1894 et
1346 1853 1552 1895 Romanis
1594 1854 1926 1909 imperatoribus
1961 1869 2009 1895 ac
2044 1854 2294 1910 specialiter
2327 1870 2348 1894 a

140 1930 284 1968 vestra
308 1925 564 1967 celsitudine
590 1930 737 1966 contra
769 1924 1001 1975 hereticos,
1035 1928 1345 1979 receptatores,
1370 1922 1639 1975 defensores,
1665 1923 1893 1964 credentes
1919 1928 1960 1964 ct
1984 1924 2175 1965 fautores
2201 1937 2347 1964 eorum

142 1995 353 2037 hactenus
386 1995 657 2055 promulgata
690 1995 757 2036 vel
790 1995 832 2035 in
871 1999 1091 2050 posterum
1127 1992 1445 2048 promulganda
1484 1992 1746 2047 recipiamus
1781 1997 1822 2032 ct
1856 1991 2136 2033 observemus
2170 1991 2347 2032 inviola-

141 2064 288 2106 biliter
339 2068 381 2105 et
429 2064 663 2106 efficaciter
708 2077 995 2119 exequamur,
1049 2061 1428 2103 constitutionibus
1484 2061 1818 2116 municipalibus
1869 2061 1997 2102 editis
2045 2067 2193 2102 contra
2241 2061 2350 2101 tales

142 2133 444 2176 nichilominus
478 2134 520 2174 in
555 2134 643 2174 suis
681 2133 788 2175 locis
830 2133 1010 2174 firmiter
1042 2130 1339 2173 observandis.
1403 2129 1638 2171 Civitatum
1672 2135 1816 2172 autem
1852 2131 2123 2185 aliorumque
2158 2131 2348 2170 locorum

140 2207 396 2259 potestateS,
430 2203 632 2244 consules
667 2208 710 2244 et
741 2208 945 2250 rectores,
980 2215 1252 2257 quocumque
1287 2200 1461 2241 nomine
1489 2199 1769 2249 censeantur,
1804 2200 1958 2249 iurent,
1992 2199 2104 2256 quod
2140 2200 2213 2240 illa
2245 2199 2347 2239 tide-

142 2273 242 2315 liter
272 2273 585 2320 observabunt,
626 2272 756 2327 idque
789 2287 889 2313 suos
931 2272 1070 2313 iurare
1103 2271 1265 2312 faciant
1297 2283 1593 2321 successores,
1636 2274 1846 2324 ponentes
1880 2283 1931 2309 ea
1964 2269 2005 2309 in
2040 2269 2212 2310 statutis
2246 2268 2348 2308 civi-

142 2345 278 2384 tatum
311 2342 580 2398 aliorumque
620 2343 835 2392 locorum,
878 2355 929 2382 ea
972 2340 1071 2381 inde
1105 2352 1378 2395 nequaquam
1420 2338 1703 2393 imposterum
1743 2337 1938 2378 deleturi.
2004 2337 2175 2378 Statuta
2207 2337 2351 2377 omnia

143 2412 384 2454 communia
423 2416 466 2453 et
506 2411 782 2466 particularia
823 2411 937 2452 facta
982 2415 1133 2451 contra
1172 2408 1385 2450 ecclesias
1429 2412 1472 2448 et
1505 2407 1848 2448 ecclesiasticam
1892 2406 2139 2447 libertatem
2173 2406 2345 2460 penitus

143 2485 362 2532 revocent,
395 2480 448 2522 de
482 2481 569 2521 suis
602 2480 982 2521 constitutionibus
1016 2478 1192 2520 deleant
1224 2481 1267 2519 et
1299 2490 1350 2518 ea
1382 2477 1450 2517 vel
1485 2476 1548 2517 eis
1582 2476 1741 2517 similia
1773 2475 1976 2516 deeetero
2010 2489 2091 2515 non
2116 2478 2348 2515 resumant.

144 2549 214 2591 Ad
246 2549 326 2591 hec
359 2553 522 2591 statuta
553 2549 862 2591 Lateranensis
898 2548 1096 2590 conciliib
1131 2552 1173 2589 et
1197 2546 1537 2588 constitutiones
1571 2545 1624 2586 ab
1658 2546 1748 2600 ipso
1771 2544 1942 2585 domino
1976 2557 2088 2598 papa
2114 2548 2155 2584 et
2179 2558 2203 2584 a
2227 2544 2347 2583 vobis

145 2633 274 2675 super
311 2619 393 2660 hiis
435 2618 573 2661 editas
617 2619 847 2661 observent
888 2622 931 2660 et
969 2619 1110 2659 iurent
1155 2617 1436 2672 imposterum
1478 2615 1733 2665 observare,
1777 2627 1961 2667 suosque
2005 2613 2162 2653 iurare
2190 2613 2349 2653 faciant

145 2701 432 2730 successores.
487 2688 732 2744 Supradicti
755 2702 856 2730 vero
883 2687 1185 2743 quadringenti
1218 2685 1377 2727 milites
1403 2688 1634 2726 teneantur
1658 2684 1719 2724 ire
1744 2683 1785 2723 in
1808 2687 1951 2723 vestro
1986 2682 2201 2736 passagio,
2236 2680 2347 2735 quod

143 2771 169 2798 a
199 2757 321 2799 vobis
355 2760 565 2798 statutum
599 2761 666 2798 est
698 2761 742 2799 et
773 2771 797 2798 a
819 2757 1018 2798 Romana
1050 2756 1238 2797 ecclesia
1270 2753 1572 2810 approbatum.
1636 2751 1724 2793 Nos
1759 2752 1890 2806 igitur
1923 2751 2079 2798 omnia,
2113 2764 2194 2804 quc
2219 2763 2349 2804 super

143 2827 225 2869 hiis
257 2827 311 2868 ab
352 2827 446 2882 ipso
480 2826 650 2868 domino
693 2841 807 2883 papa
847 2831 890 2868 et
931 2825 1132 2867 fratribus
1166 2825 1254 2866 suis
1297 2823 1497 2865 ordinata
1535 2827 1634 2863 sunt
1673 2826 1715 2863 et
1748 2825 1929 2870 statuta,
1973 2820 2168 2860 volentes
2201 2819 2345 2858 incon-

145 2909 270 2938 cussa
301 2909 497 2947 servare,
529 2897 820 2951 promittimus
851 2910 930 2937 nos
968 2909 1020 2937 ea
1053 2895 1210 2944 omnia,
1243 2894 1352 2935 sicut
1385 2892 1586 2948 superius
1619 2891 1790 2946 plenius
1822 2893 1920 2929 sunt
1953 2902 2174 2942 expressa.
2210 2887 2346 2927 humi-

145 2964 245 3007 liter
283 2970 327 3007 et
369 2964 558 3007 fideliter
600 2966 902 3021 completuros.
971 2964 1039 3006 Ad
1085 2964 1258 3020 plenam
1292 2966 1435 3003 autem
1483 2961 1545 3002 rei
1579 2957 1882 3001 certitudinem
1924 2962 2149 3012 ,presentes
2184 2956 2347 2996 litteras

80 3050 114 3076 ω
146 3033 268 3075 iuxta
307 3034 502 3076 eiusdem
540 3034 702 3076 domini
741 3048 852 3090 pape
892 3033 1215 3089 beneplacitum
1254 3035 1298 3073 et
1338 3036 1591 3086 preceptum
1636 3042 1713 3083 per
1755 3040 1926 3068 manum
1966 3025 2178 3080 publicam
2218 3024 2347 3065 scribi

149 3103 329 3146 fecimus
362 3109 406 3146 et
438 3104 677 3159 sigillorum
710 3109 953 3144 nostrorum
987 3102 1252 3158 appensione
1285 3100 1454 3141 muniri.

288 3173 339 3215 In
372 3173 559 3215 eundem
591 3172 765 3214 modum
797 3172 927 3214 debet
960 3171 1087 3213 scribi
1119 3171 1288 3212 domino
1322 3184 1429 3225 pape
1463 3168 1610 3209 verbis
1644 3168 1942 3220 competenter
1975 3163 2164 3203 mutatis.

356 3320 456 3364 112.
496 3321 801 3364 EPISTOLA
839 3318 1273 3363 IMPERATORIS
1304 3317 1392 3360 AD
1427 3312 1773 3358 HONORIUM
1799 3312 1888 3353 III.
1950 3312 2070 3353 Febr.
2103 3314 2139 3353 1.

293 3401 534 3454 Exscripsii
564 3401 689 3442 Perta
719 3415 739 3442 e
771 3400 963 3454 Rcyistro
998 3398 1193 3451 Grayorii
1214 3397 1299 3439 IX.
1332 3409 1434 3438 ann.
1457 3395 1522 3445 11,
1553 3394 1625 3434 ubi
1658 3392 1902 3433 inscribitur
1934 3393 2077 3434 Tenor
2108 3392 2346 3433 litterarum

83 3474 114 3501 4⁵
153 3469 374 3513 Frederici
405 3471 676 3526 imperatoris
710 3484 815 3525 quas
858 3469 973 3511 idem
1016 3467 1255 3509 transmisit
1286 3466 1397 3508 bone
1439 3463 1645 3505 memorie
1678 3461 1870 3503 Honorio
1902 3476 2013 3517 pape
2047 3461 2346 3516 predecessori

288 3574 373 3609 lll.
407 3574 437 3617 a)
462 3575 525 3608 hec
550 3593 593 3597 —
619 3575 769 3608 decrevit
793 3574 860 3607 cles.
888 3573 973 3615 cod„
997 3573 1154 3615 suppleta
1179 3577 1257 3603 sunt
1281 3582 1320 3604 ea:
1346 3572 1484 3602 wir-114.
1604 3566 1636 3608 b)
1663 3566 1806 3599 concilia
1831 3566 1903 3599 cod.

289 3667 322 3707 1)
351 3664 405 3709 Cf.
433 3664 639 3711 Rodenbery
662 3674 717 3698 nr.
736 3667 814 3699 340.
