2558 3970
690 147 932 182 FRIDERlCl
963 148 1004 181 ll.
1031 149 1462 183 CoNs'l'l'l'lss'l'loNles.
1516 150 1612 183 1244.
1666 150 1725 183 Nr.
1743 152 1820 185 2:31.
1846 152 1923 185 252.
2325 162 2397 198 341

202 277 284 319 que
319 263 372 304 ad
406 263 611 304 honorem
646 264 815 318 imperii
848 269 890 304 ct
924 269 1082 305 statum
1118 270 1309 305 nostrum
1344 266 1566 320 pacificum
1602 267 1838 320 portinent.
1883 281 1979 308 eum
2015 270 2169 309 nostris
2207 270 2405 312 fidelibus

203 332 399 374 conferre
432 332 626 388 plenarie
661 346 710 373 ac
744 332 931 374 fideliter
962 333 1205 375 deliberare
1240 335 1445 382 velimus,
1487 349 1589 375 ecce
1623 336 1734 389 quod
1769 337 2032 377 continuatis
2066 337 2218 380 diebus
2254 354 2404 381 versus

202 401 329 443 Pisas
361 401 546 442 feliciter
578 400 802 456 dirigimus
835 416 1009 457 gressus
1043 407 1227 445 nostros.
1262 402 1460 443 fidelitati
1486 409 1627 444 vestre
1663 404 1929 453 mandantes,
1965 408 2166 460 quatinus
2196 408 2403 449 ambaxa-

203 474 318 512 tores
350 473 518 512 vestros
555 470 669 511 omni
709 471 968 512 auctoritate
1008 471 1231 519 suffultos,
1273 472 1387 512 viros
1421 471 1612 526 ydoneos
1645 487 1694 513 ac
1729 474 1863 514 eciam
1898 475 2253 530 circumspectos.
2294 479 2408 519 omni

148 551 162 574 ⁵
200 552 319 580 mora
353 539 611 594 postposita.
644 539 695 580 ad
729 545 921 580 nostram
956 553 1187 594 personam
1221 540 1463 583 destinetis.
1499 542 1557 581 ita
1590 541 1701 595 quod
1737 543 1776 582 in
1813 542 2020 583 Kalendis
2049 546 2231 597 Augusti
2269 547 2402 600 primo

202 608 369 648 venturi
400 608 512 663 apud
546 607 668 648 Pisas
702 614 848 649 nostro
883 623 929 649 se
963 610 1214 664 conspectui
1249 614 1560 664 representent.

344 675 504 718 Datum
539 676 651 731 apud
686 676 991 722 Interamnem,
1027 676 1125 717 VH.
1165 677 1272 723 Iulii,
1308 677 1362 717 ll.
1397 677 1643 718 indictione.

227 869 327 913 252.
366 869 725 914 ENCYGLICA
757 869 1192 912 IMPERATORIS
1224 868 1315 911 DE
1347 870 1785 914 TRACTATJBUS
1814 872 2005 915 PACIS.
2068 878 2212 921 (1:211.
2248 876 2377 929 Any.)

342 951 610 1004 Eneyclieam
639 950 747 992 hanc
778 951 1081 993 celeberrimam
1110 953 1202 1003 post
1234 950 1514 993 liutwardum
1549 953 1822 1004 proponimus
1855 955 2055 1007 e'ntcsyram
2090 969 2161 1007 ope
2207 957 2246 1011 1)
2279 972 2410 998 emem-

130 1034 162 1058 10
195 1021 333 1073 ylaris
363 1019 612 1073 aittoyi·aphi
642 1020 847 1060 asservati
880 1021 922 1060 in
956 1019 1166 1061 tabzclario
1198 1019 1411 1071 Vaticano,
1443 1021 1562 1062 Arm.
1584 1021 1614 1063 I
1646 1022 1689 1063 (J.
1713 1022 1786 1062 IV
1812 1036 1877 1063 nr.
1909 1026 1969 1073 11,
2002 1025 2109 1076 qnod
2139 1026 2308 1067 eontulit
2340 1041 2410 1067 sen

197 1088 447 1141 escemplavit
477 1089 542 1129 vir
573 1089 620 1130 el.
645 1088 801 1138 Stet-eh
839 1088 1024 1141 siglillnm
1056 1102 1145 1130 enm
1174 1089 1263 1141 filis
1292 1089 1467 1141 deperiit
1484 1090 1509 1139 ¹,
1551 1091 1707 1132 relictis
1737 1091 1783 1131 in
1819 1092 1931 1144 plica
1963 1094 2223 1135 membranae
2255 1094 2411 1135 duobus

192 1158 501 1214 foraminibus:
531 1171 620 1199 eum
653 1157 742 1199 alia
773 1158 899 1198 etiam
920 1158 1178 1210 exemplaria
1199 1158 1463 1213 autom-aphet
1491 1160 1785 1211 emitterentur,
1818 1175 1923 1214 qnae
1948 1161 2060 1216 forte
2092 1165 2248 1204 temtum
2278 1164 2411 1204 dicer-

197 1240 288 1270 snm
310 1227 579 1280 praeberent,
611 1227 878 1268 adhibuimus
908 1228 1033 1269 etiam
1065 1228 1218 1269 codices
1249 1229 1572 1281 manuscriptos,
1605 1232 1642 1270 et
1673 1230 1836 1282 quidem
1870 1231 1913 1284 2)
1947 1231 2119 1272 codicem
2151 1232 2411 1274 bibliothecae

208 1297 433 1338 Vaticanae
460 1296 576 1336 4957
611 1309 713 1338 sace.
738 1295 838 1338 XV.
874 1295 954 1351 fol.
980 1298 1045 1347 19,
1088 1311 1167 1349 qno
1210 1298 1294 1339 solo
1326 1297 1451 1339 Pertz·
1488 1311 1589 1338 nsns
1631 1299 1741 1349 est2,·
1784 1300 1907 1351 Ζωϊρα
1947 1299 2101 1341 lacinia
2139 1301 2186 1353 (a
2225 1302 2356 1353 capite
2387 1305 2410 1341 1

131 1381 161 1405 15
199 1378 328 1419 usqne
351 1365 408 1406 ad
428 1378 459 1406 c.
477 1368 516 1415 4,
549 1367 630 1406 art.
656 1365 745 1419 IX)
778 1365 1027 1419 deturpatus
1048 1369 1132 1415 est‚·
1163 1369 1201 1406 et
1232 1367 1275 1420 3)
1309 1366 1481 1407 codicem
1509 1367 1691 1408 civitatis
1723 1367 1762 1407 V
1761 1369 2080 1417 ratislaviensis,
2115 1369 2323 1423 Rleediyer
2344 1373 2410 1420 47,

196 1447 298 1476 saec.
327 1434 461 1484 XIII,
503 1448 522 1475 e
562 1447 641 1486 qno
683 1434 900 1475 editionem
942 1435 1147 1486 intem-am
1178 1435 1350 1487 primns
1385 1436 1559 1487 paravit
1601 1435 1878 1487 Hnillardns,
1926 1451 2052 1489 qnam
2090 1439 2218 1479 secuti
2255 1451 2408 1480 snmus.

197 1503 411 1545 Lectiones
456 1503 573 1545 modo
616 1503 872 1555 praecipuas
914 1503 1095 1545 codicum
1127 1505 1156 1544 2
1192 1507 1229 1544 et
1266 1507 1293 1544 3
1341 1504 1644 1546 adnotavimus.
1717 1506 2146 1548 Animadoertendnm
2196 1511 2299 1549 certe
2340 1512 2409 1558 est,

197 1572 368 1614 codicem
398 1575 426 1613 3
462 1574 508 1613 in
541 1575 656 1614 textu
680 1571 846 1626 formae
877 1572 1180 1624 satisfactionis
1218 1574 1482 1625 imperatoris
1513 1575 1643 1626 capiti
1665 1577 1690 1614 4,
1723 1575 1904 1616 insertae
1933 1577 2107 1628 propius
2139 1577 2325 1618 accedere
2355 1577 2412 1618 ad

192 1641 380 1698 formam
404 1642 591 1694 priorem
621 1653 755 1693 snpra
785 1654 852 1683 nr.
874 1643 960 1682 246
990 1641 1144 1683 datam.
1212 1642 1343 1683 Cuius
1374 1643 1436 1684 rei
1468 1644 1671 1684 rationem
1692 1644 1903 1696 explicare
1927 1659 2012 1686 non
2034 1646 2159 1687 valeo.
2193 1670 2247 1675 —
2278 1646 2408 1687 Hail-

130 1724 162 1750 20
199 1711 539 1753 lard-Breholles
570 1710 641 1761 VI,
666 1711 765 1752 205.
832 1710 1022 1761 Bo'lnner,
1055 1711 1153 1765 Rey.
1189 1712 1283 1765 imp.
1316 1711 1359 1761 V,
1382 1714 1509 1755 3434.
2051 1714 2266 1766 (Rs-16.)

350 1837 713 1880 FRIDERIOVS
747 1837 831 1879 Dei
865 1838 1004 1892 gratia
1026 1837 1320 1880 Romanorum
1354 1839 1591 1895 imperator
1622 1854 1794 1896 semper
1827 1845 2054 1896 augustus,
2088 1841 2328 1884 Ierusalem
2366 1847 2408 1883 et

200 1908 346 1950 Sicilie
369 1922 447 1950 rex
473 1907 673 1950 omnibus
698 1912 925 1963 presentes
948 1907 1116 1949 litteras
1141 1908 1413 1963 inspecturis,
1446 1907 1615 1950 dilectis
1638 1908 1839 1950 fidelibus
1863 1915 1905 1950 et
1928 1911 2076 1951 amicis
2100 1911 2200 1961 suis,
2226 1911 2407 1966 gratiam

199 1992 321 2020 suam
354 1982 397 2020 et
428 1991 553 2020 omne
586 1977 761 2018 bonum.

347 2047 411 2102 (1)
444 2046 683 2102 Assumpto
716 2045 770 2086 ad
794 2046 989 2102 regimen
1012 2046 1271 2088 universalis
1296 2046 1482 2089 ecclesie
1506 2047 1588 2089 isto
1614 2062 1780 2089 summo
1805 2049 2025 2104 pontifice,
2058 2049 2100 2090 in
2124 2050 2409 2105 applausum³¹

129 2132 161 2158 25
200 2117 372 2159 honoris
412 2117 477 2158 sui
517 2116 712 2157 misimus
757 2115 810 2156 ad
849 2129 947 2156 eum
990 2115 1283 2171 sollempnesb
1324 2116 1505 2158 nuncios
1547 2122 1590 2158 et
1631 2117 1826 2172 legatos⁰
1857 2117 2139 2174 A(nsaldum)
2179 2119 2232 2160 de
2272 2118 2409 2160 Marid

201 2186 313 2228 sacri
351 2186 519 2242 imperii
560 2190 603 2227 et
641 2185 765 2240 regni
799 2184 945 2226 Sicilie
984 2186 1212 2226 amiratum
1253 2190 1321 2227 ete
1353 2185 1406 2227 de
1446 2186 1702 2227 consiliariis
1735 2187 1894 2228 nostris
1929 2188 2158 2242 magistros
2191 2187 2408 2244 P(etrum)

198 2255 251 2298 de
284 2255 426 2297 Vinea
459 2260 502 2297 et
534 2253 800 2310 T(addeum)
834 2253 887 2295 de
913 2253 1077 2296 Suessa
1109 2268 1267 2310 magne
1301 2255 1418 2297 curie
1442 2260 1589 2297 nostre
1621 2255 1801 2308 iudices,
1836 2255 2020 2298 dilectos
2044 2257 2195 2299 fideles
2220 2263 2409 2305 nostros3

198 2339 305 2381 quos
338 2324 557 2381 predictus
592 2337 784 2365 summus
816 2323 1016 2379 pontifex
1049 2324 1279 2365 occasione
1325 2325 1548 2366 sentencie
1583 2324 1743 2366 dudum
1777 2325 1863 2367 late
1898 2331 2049 2368 contra
2080 2340 2181 2377 nos,
2226 2327 2293 2367 cui
2326 2327 2410 2382 ipsi

198 2393 578 2436 communicabant
611 2398 654 2435 et
686 2393 1129 2443 communicaverant,
1162 2407 1246 2434 non
1280 2392 1468 2435 admisit.
1530 2393 1718 2436 Demum
1742 2409 1795 2436 ne
1819 2397 2046 2438 occasione
2071 2395 2267 2451 predicta
2290 2396 2408 2451 pacis

129 2477 162 2503 30
198 2466 410 2504 tractatus
443 2467 486 2504 et
516 2462 691 2504 inicium
723 2461 984 2513 differretur,
1018 2462 1120 2503 licet
1151 2463 1421 2504 sentenciam
1455 2467 1604 2504 contra
1636 2477 1714 2504 nos
1748 2464 1879 2505 latam
1914 2479 1991 2520 per
2023 2465 2121 2505 olim
2148 2463 2408 2519 Gregorium

198 2545 412 2574 summum
452 2531 699 2587 pontificem
743 2531 888 2572 multis
930 2535 973 2573 et
1017 2531 1291 2573 evidentibus
1337 2532 1583 2573 racionibus
1620 2532 1894 2574 crederemus
1937 2533 2280 2575 indubitabiliter
2312 2547 2406 2574 esse

198 2602 381 2653 nullam,
423 2601 728 2643 nichilominus
770 2606 917 2642 tamen
959 2601 1238 2656 promisimus
1279 2615 1358 2656 per
1397 2601 1535 2643 dictos
1575 2602 1753 2643 nuncios
1797 2608 1838 2643 et
1870 2602 2226 2644 Panormitanum
2266 2601 2404 2642 archi-

199 2670 451 2726 episcopum
491 2669 598 2711 unas
634 2684 730 2712 cum
772 2669 980 2726 predictis
1023 2670 1301 2726 postmodum
1340 2670 1622 2721 destinatum,
1677 2671 1819 2712 iurare
1859 2671 1912 2713 de
1955 2671 2147 2727 parendo
2189 2670 2403 2711 mandatis

200 2740 381 2781 ecclesie
421 2739 475 2780 ad
514 2740 742 2781 cautelam.
812 2738 896 2787 Qui
935 2744 1208 2781 sacramento
1250 2740 1432 2795 prestito
1473 2739 1648 2781 tandem
1686 2739 1884 2789 admissi,
1927 2754 2093 2781 summo
2134 2740 2322 2795 pontifici
2366 2743 2408 2780 et

131 2821 162 2847 35
200 2808 405 2850 fratribus
438 2808 718 2850 devocionem
754 2813 947 2850 nostram
971 2808 1276 2862 omnimodam,
1310 2822 1556 2864 personam,
1590 2808 1712 2859 filios,
1747 2809 1974 2864 imperium
1997 2815 2040 2850 et
2071 2823 2204 2864 regna
2235 2814 2407 2849 nostrag

202 2877 256 2919 ad
287 2891 413 2919 omne
446 2877 701 2919 mandatum
735 2878 924 2919 ecclesie
959 2883 1002 2919 et
1034 2878 1172 2919 tocius
1207 2878 1534 2919 christianitatis
1568 2878 1826 2933 obsequium
1860 2879 2130 2933 optulerunt,
2165 2891 2317 2933 pacem
2350 2877 2402 2918 de

203 2946 432 2999 discordia,
467 2961 596 3002 quam
628 2950 777 3002 preter
808 2959 979 2987 omnem
1012 2946 1181 3003 culpam
1214 2952 1406 2988 nostram
1441 2951 1577 2988 ortam
1603 2961 1700 2989 esse
1724 2946 1941 2998 dicebant,
1972 2948 2084 2988 inter
2107 2947 2338 2988 ecclesiam
2364 2951 2407 2987 et

201 3016 428 3072 imperium
463 3020 735 3072 expetentes.
790 3015 959 3063 Quibus
993 3029 1090 3057 cum
1121 3030 1200 3071 per
1232 3030 1445 3057 summum
1478 3016 1725 3072 pontificem
1757 3030 1842 3057 non
1876 3016 2191 3057 communicato
2224 3015 2404 3055 fratrum

201 3085 392 3137 consilio,
426 3085 536 3126 sicut
568 3086 660 3141 ipse
693 3084 881 3136 dicebat,
913 3098 1169 3140 responsum
1201 3084 1372 3136 fuisset,
1407 3085 1521 3140 quod
1553 3085 1676 3126 aliter
1708 3098 1859 3140 pacem
1893 3099 1988 3125 cum
2021 3084 2208 3125 ecclesia
2240 3083 2401 3124 habere

81 3208 85 3212 .
131 3167 165 3192 40
200 3168 285 3195 non
318 3160 580 3210 poteramus
614 3155 699 3195 nisi
730 3161 846 3196 terra
877 3154 1080 3204 ecclesie,
1115 3167 1242 3209 quam
1274 3168 1353 3195 nos
1387 3168 1624 3210 occupasse
1657 3153 1850 3205 dicebat,
1883 3153 2078 3209 primitus
2112 3153 2324 3198 restituta,
2359 3156 2400 3192 et

336 3279 424 3316 252.
458 3281 490 3324 ὃ)
523 3281 803 3325 promotionis
836 3287 877 3314 et
901 3281 984 3314 add.
1002 3280 1034 3313 2.
1060 3279 1092 3314 3.
1213 3278 1246 3321 b)
1272 3280 1441 3323 sollepnes
1468 3280 1496 3312 1.
1618 3279 1648 3321 c)
1674 3284 1807 3312 nostros
1833 3279 1914 3312 add.
1933 3278 1964 3311 2.
1990 3278 2022 3311 3.
2142 3276 2175 3319 d)
2202 3280 2283 3311 Mas·
2304 3279 2338 3318 1;
2365 3279 2405 3311 de

199 3340 288 3372 Mari
313 3340 381 3372 des.
400 3338 433 3372 2.
451 3338 482 3371 3.
588 3339 618 3381 e)
644 3344 679 3372 et
706 3358 745 3361 —
772 3340 896 3372 nostris
920 3339 988 3372 des.
1003 3338 1036 3372 2.
1053 3337 1085 3371 3.
1186 3336 1217 3381 f)
1243 3338 1296 3371 hic
1321 3338 1438 3381 incipit
1463 3339 1566 3381 lonqa
1592 3339 1720 3370 lacuna
1746 3338 1779 3370 in
1806 3336 1827 3370 2
1850 3348 1953 3380 usque
1978 3337 2025 3369 ad
2042 3348 2068 3369 c.
2088 3340 2109 3368 4
2135 3341 2200 3369 art.
2220 3335 2282 3367 IX
2303 3336 2403 3368 verba

200 3397 303 3430 fuerit
326 3397 519 3440 deputatus.
544 3395 624 3440 (IX)
650 3397 823 3440 Captivos.
945 3400 979 3439 g)
1006 3396 1095 3429 deest
1118 3395 1149 3429 3.

340 3499 372 3540 1)
407 3497 570 3541 81inan
605 3508 741 3532 cereum
777 3498 893 3533 adhuc
933 3501 1054 3533 nostro
1088 3497 1228 3532 saeculo
1258 3497 1320 3538 vin„
1357 3495 1443 3530 dnm
1480 3495 1701 3530 tabularimn
1735 3495 1951 3530 Vaticanum
1991 3495 2147 3530 Parisiis
2184 3495 2401 3537 morabatur,

130 3563 162 3588 45
198 3553 424 3598 appendisse,
453 3556 650 3591 summaria
673 3559 760 3590 tnnc
783 3556 833 3590 ibi
855 3557 957 3599 facta
981 3555 1261 3597 (adnotarernnm
1294 3565 1322 3588 r.
1348 3553 1509 3588 ‘Archiv'
1537 3553 1620 3596 VII,
1639 3556 1692 3588 30.
1743 3552 1905 3588 Ceterum
1931 3563 2096 3595 mensem,
2127 3552 2190 3596 qni
2212 3552 2268 3586 hie
2294 3550 2403 3585 adno-

198 3614 299 3646 tatur
314 3613 478 3656 Auynsti,
503 3623 578 3647 ‘mm
602 3623 644 3648 ex
668 3613 902 3658 autographo,
927 3613 987 3648 sed
1004 3623 1047 3648 em
1072 3612 1270 3647 eruditione
1289 3611 1411 3654 potins
1427 3611 1585 3645 auctoris
1609 3611 1796 3645 summarii
1813 3610 1973 3645 additum
1992 3621 2062 3645 esse
2082 3613 2194 3654 patet.
2289 3609 2324 3652 2)
2351 3607 2402 3642 Et

199 3669 304 3705 etiam
329 3669 546 3705 Two-dacem
572 3669 690 3704 ‘Nova
713 3670 875 3705 subsidia
899 3670 1140 3715 diplomatica'
1168 3670 1263 3714 XII,
1280 3674 1331 3704 41.

2425 561 2501 592 Aug.
2517 565 2542 588 1.
