2558 3970
91 980 121 1004 10

90 1325 119 1349 15

88 1669 121 1694 20

87 2015 119 2041 25

88 2362 121 2387 30

87 2708 120 2733 35

87 3050 122 3076 40

546 192 788 228 FRIDEmCI
817 193 860 228 ΙΙ.
890 193 1084 228 PACTUM
1111 194 1209 229 cUM
1239 194 1541 229 lNNoCEN‘rlo
1571 195 1631 229 lll.
1683 196 1780 230 1212.
1829 195 1890 229 Nr.
1909 195 1986 230 412.
2277 199 2357 236 543

159 307 347 348 σιι·έναὶέ3’
382 307 512 357 ΧΧῙ,
535 310 574 357 ,2,
595 309 679 349 ,295
712 322 779 351 nr.
803 310 889 359 55),
921 322 1039 360 quem
1070 310 1243 350 contulit
1277 309 1493 351 Molim'oa
1560 311 1758 362 Fapilula
1787 311 1999 363 1›1·e'vae'l‹.¹ye'i
2028 310 2249 351 mxc-undum
2271 312 2355 362 rpi-

159 375 305 417 slolam
336 375 573 417 Innoccnlit'
597 376 690 418 III.
723 390 851 428 supra
885 376 1101 418 ΙαιαῖαΙαηι
1126 379 1311 431 primunt
1343 378 1527 429 confecta
1555 393 1650 427 esse,
1685 380 1764 419 iam
1797 379 2000 424 ‹lisimas-5
2032 380 2238 420 nommlla
2270 394 2360 420 rere

158 443 352 485 recedunt
391 443 449 485 acl
483 445 750 497 privt'lcylum
785 445 990 486 Taum-cdi
1028 458 1158 497 supra
1199 448 1294 488 tom.
1321 447 1346 487 l
1384 460 1448 486 ur.
1472 449 1566 495 117,
1605 461 1673 486 seu
1717 447 1847 487 manis
1878 448 2087 488 willa-(mi
2119 448 2179 490 II.
2221 448 2360 500 ‹hyter-

156 512 309 563 (ῑίῠιιηι,
353 526 459 565 quac
501 513 651 554 litteris
696 513 928 554 „cineribus
976 514 1248 565 exprimenda
1294 515 1544 556 curavimus.
1595 541 1644 544 u—
1694 515 1929 556 Ilae'llard-
1954 516 2163 557 lle-‘molles
2201 517 2234 566 I,
2263 520 2358 557 201.

158 580 350 632 Be'lemer,
383 581 482 635 Rcy.
515 582 611 634 imp.
644 581 688 632 V,
711 583 806 624 652.
1982 584 2051 637 (1².
2075 585 2217 635 ‹lm-t.)

302 683 352 726 In
385 686 554 727 nomine
586 685 669 727 Dei
701 686 839 728 eterni
880 691 923 727 et
956 686 1181 727 salvatoris
1216 687 1347 728 nestri
1384 686 1481 727 Iesu
1516 686 1691 729 Christi.
1726 702 1863 729 amen.
1988 688 2356 729 Reverentissimo

159 753 270 809 patri
303 757 346 795 et
379 754 602 795 carissimo
635 754 807 795 domino
839 755 1093 796 Innocentio
1119 755 1200 797 Dei
1236 756 1375 809 gratia
1410 760 1559 796 sancte
1586 756 1780 797 ltomane
1815 757 2000 797 ecclesie
2025 772 2191 798 summo
2217 758 2353 813 ponti-

159 823 227 864 fici
261 822 519 864 Fredericus
551 822 634 864 Dei
668 824 809 878 gratia
840 838 918 865 rex
953 823 1113 874 Sicine,
1147 824 1329 865 ducatus
1354 824 1511 879 Apulie
1546 830 1588 865 et
1622 826 1889 880 principatus
1924 827 2084 880 (Jupue.

302 890 368 946 (1)
402 890 520 932 Inter
552 892 776 938 universa,
809 907 891 947 que
924 893 1116 947 gerimus
1150 894 1190 934 in
1223 892 1452 934 desideriis
1487 894 1641 933 nostris
1676 895 1920 948 precipue‘⁸,
1956 894 2032 933 lio(-
2067 895 2360 949 principaliter

160 960 433 1013 affectamus,
477 965 525 1002 ut
557 961 677 1002 vobis
711 965 752 1002 et
787 966 1063 1003 sacrosancte
1096 962 1291 1003 Romane
1325 962 1512 1003 ecclesie
1547 963 1748 1015 gratuin¹'
1784 963 2070 1018 inpendamns
2104 963 2358 1017 obsequium

161 1033 204 1071 et
235 1029 437 1071 devotum
473 1029 756 1071 exhibeamus
795 1030 1023 1081 honorem,
1070 1045 1123 1072 ne
1156 1045 1344 1086 unquam
1379 1030 1683 1072 beneficiorum
1719 1036 1982 1074 vestrorum.
2025 1031 2137 1086 quod
2171 1038 2360 1071 av‹·rt:1t··

159 1098 384 1150 Dominus,
418 1099 686 1140 inveniamus
719 1099 888 1154 ingrati,
922 1114 1018 1140 eum
1052 1103 1151 1154 post
1180 1099 1313 1140 divini
1345 1099 1560 1140 muneris‘¹
1593 1099 1774 1153 gratiam
1801 1114 1880 1140 non
1914 1100 2048 1140 solum
2081 1103 2252 1143 terram,
2288 1100 2358 1139 sod

158 1168 291 1210 vitam
323 1182 401 1224 per
432 1172 621 1210 vestrum
654 1170 940 1224 patrocinium
975 1184 1052 1210 nos
1086 1170 1328 1210 fateamur⁰
1363 1168 1536 1210 habere.
1601 1168 1725 1209 Licet
1749 1169 1878 1220 igitur
1901 1174 2200 1209 antecessores
2226 1170 2359 1209 nostri

159 1237 275 1279 clare
308 1237 512 1279 memorie
544 1252 669 1293 reges
704 1238 850 1280 Sicilie
884 1238 1122 1293 apostolice
1156 1237 1248 1279 sedi
1291 1237 1442 1279 fideles
1477 1238 1637 1279 fuerint
1671 1242 1714 1278 et
1747 1237 1910 1283 devoti,
1956 1252 2032 1278 nos
2066 1243 2207 1278 tamen
2243 1244 2361 1277 tanto

157 1306 373 1348 fideliores
407 1311 450 1348 ct
482 1306 728 1349 devotiores
763 1308 801 1348 ei
835 1307 1136 1349 desideramus
1169 1307 1374 1357 existere,
1408 1312 1566 1361 quanto
1601 1306 1723 1361 plura
1756 1311 1797 1345 et
1831 1307 2003 1361 potiora
2038 1306 2246 1347 beneficia
2283 1322 2358 1347 nos

157 1376 211 1418 ab
245 1390 296 1417 ea
330 1376 632 1431 cognoscimus
676 1377 924 1432 percepisse
963 1391 1012 1418 ae
1056 1377 1322 1431 inposterum
1365 1380 1646 1431 percepturos
1681 1389 1775 1415 esse
1815 1390 2053 1430 speramus.
2173 1376 2234 1429 (2)
2273 1376 2361 1415 Vos

157 1446 270 1487 enim
304 1445 428 1486 nobis
452 1449 495 1487 et
528 1445 764 1487 heredibus
790 1446 963 1496 nostris,
996 1446 1067 1500 qui
1091 1446 1131 1486 in
1156 1459 1337 1500 regnum
1361 1445 1663 1494 successerint,
1699 1444 1972 1485 concessistis
1998 1459 2174 1498 regnum
2200 1445 2361 1495 Sicilie,

157 1513 361 1556 ducatum
394 1514 554 1570 Apulie
587 1529 636 1556 ae
669 1515 960 1570 principatum
987 1514 1136 1569 Capue
1171 1528 1266 1555 cum
1290 1514 1379 1554 suis
1408 1514 1678 1569 pertinentiis
1702 1514 1927 1562 universis,
1952 1514 2189 1569 Neapolim,
2216 1515 2358 1554 Saler-

157 1598 256 1625 num
290 1588 334 1626 et
365 1583 597 1625 Amalfiam
631 1598 727 1625 cum
761 1584 1037 1640 pertinentiis
1071 1584 1182 1633 suis,
1216 1583 1422 1625 Marsiam
1456 1587 1499 1624 et
1531 1583 1617 1623 alia
1651 1596 1734 1637 que
1768 1583 1881 1623 ultra
1916 1582 2115 1623 Marsiam
2150 1583 2361 1623 dehemus

158 1653 320 1695 habere
353 1667 402 1694 ac
434 1653 600 1708 reliqua
632 1653 885 1704 tenimenta,
919 1666 1001 1708 que
1034 1657 1234 1694 tenemus
1268 1667 1293 1693 a
1325 1651 1710 1707 predecessoribus
1745 1652 1903 1692 nostris
1939 1651 2182 1692 hominibus
2217 1667 2359 1692 sacro-

155 1726 304 1764 sancte
336 1722 528 1764 Romane
561 1722 744 1764 ecclesie
778 1721 1102 1773 iure'detenta,
1137 1726 1180 1763 et
1213 1726 1364 1763 contra
1395 1735 1545 1762 omnes
1581 1721 1776 1761 homines
1813 1721 2045 1761 honorifice
2080 1726 2358 1761 manutenere

156 1790 373 1834 iuvabitis.
494 1790 560 1846 (3)
593 1791 677 1833 Pro
710 1791 868 1846 quibus
911 1790 1110 1832 omnibus
1145 1804 1291 1832 coram
1335 1790 1558 1831 carissimo
1591 1791 1730 1830 amico
1765 1793 1908 1830 nostro
1942 1789 2112 1830 domino
2146 1790 2358 1843 (trigorio

157 1860 305 1902 Sancti
335 1860 553 1903 Theodori
584 1861 823 1903 venerabili
855 1860 1037 1901 diacono
1071 1859 1300 1911 cardinali,
1333 1859 1567 1915 apostolice
1602 1858 1718 1900 sedis
1751 1859 1911 1913 legato,
1947 1858 2199 1900 fidelitatem
2235 1858 2356 1898 vobis

155 1929 397 1986 vestrisque
430 1930 756 1972 successoribus
791 1934 835 1972 et
867 1931 1051 1972 ecclesie
1084 1929 1281 1971 Romane
1316 1930 1566 1982 iuravimus,
1599 1930 1709 1970 sicut
1743 1928 1784 1969 in
1818 1927 1986 1969 duobus
2010 1928 2221 1968 similibus
2246 1929 2359 1982 capi-

158 1999 399 2041 tularibus²
431 2003 498 2041 est
529 2013 801 2055 expressum,
835 2013 1014 2055 quorum
1048 2013 1180 2040 unum
1214 2013 1348 2054 penes
1383 2013 1461 2040 nos
1495 2002 1641 2039 vestro
1675 1998 1816 2052 sigillo
1840 2002 1882 2039 et
1905 1998 2088 2038 alterum
2124 2011 2258 2051 penes
2285 2011 2358 2037 vos

158 2073 305 2110 nostro
347 2069 488 2124 sigillo
528 2083 660 2111 aureo
704 2069 916 2109 munitum
956 2068 1152 2120 habetur,
1196 2069 1377 2109 firmiter
1408 2068 1726 2123 promittentes,
1771 2066 1883 2121 quod
1916 2066 2015 2120 quia
2049 2080 2225 2120 presens
2260 2080 2358 2120 pre-

158 2138 269 2180 senti
300 2137 432 2180 debet
454 2138 691 2179 hominium
717 2137 940 2189 exhibere,
974 2137 1322 2193 quandocunque
1348 2151 1423 2178 vos
1447 2142 1523 2178 aut
1547 2150 1823 2177 successores
1848 2135 1978 2176 vestri
2005 2149 2081 2175 nos
2108 2136 2146 2175 in
2171 2135 2356 2189 aliquam

156 2211 323 2264 partem
356 2208 496 2263 regni,
542 2222 670 2263 quam
703 2222 855 2249 secure
889 2208 1104 2263 possimus
1139 2206 1280 2259 adire,
1315 2206 1369 2247 ad
1402 2211 1589 2247 vestram
1623 2205 1887 2261 presentiam
1923 2204 2199 2254 vocaveritis,
2235 2219 2357 2244 acoe-

156 2277 308 2320 demus
348 2277 500 2333 ligium
540 2277 778 2319 hominium
820 2277 1065 2333 prestituri,
1105 2277 1185 2318 nisi
1219 2281 1385 2318 certum
1418 2275 1773 2331 impedimentum
1806 2278 1880 2315 aut
1911 2273 2087 2315 evidens
2122 2274 2359 2314 necessitas

157 2347 451 2398 intervenerit,
485 2347 639 2402 quibus
673 2347 946 2388 cessantibus
980 2346 1207 2388 veniemus
1241 2346 1333 2387 sine
1366 2345 1518 2387 fraude
1542 2344 1594 2385 ad
1629 2344 1778 2399 ligium
1812 2342 2071 2384 hominiumf
2100 2342 2356 2383 faciendum.

157 2415 221 2472 (4)
254 2421 414 2458 Censum
446 2431 547 2458 vero
580 2424 841 2459 sexcentorum
875 2421 1124 2467 squifatorum
1155 2421 1200 2456 dc
1224 2421 1362 2466 Apulia
1384 2422 1422 2456 et
1442 2420 1626 2462 Calabria,
1658 2419 2017 2465 quadringentorum
2045 2431 2131 2453 vero
2153 2419 2197 2452 ‹le
2225 2418 2355 2452 Mai-sin
2397 2437 2410 2450 t·
2463 2433 2468 2443 ,

159 2492 216 2527 vel
249 2491 466 2536 equivalens
500 2492 537 2526 in
569 2504 660 2527 auro
695 2492 753 2527 vel
784 2493 942 2537 argento
974 2502 1042 2526 nos
1075 2488 1118 2525 ot
1149 2490 1304 2525 heredes
1335 2484 1469 2524 nostri
1500 2482 1624 2523 vobis
1654 2487 1697 2523 et
1727 2481 2051 2522 successoribus
2074 2482 2230 2521 vestris
2253 2488 2359 2521 annis

159 2561 316 2607 singulis
337 2556 651 2610 persolvemus,
684 2561 757 2596 nisi
780 2562 877 2596 forte
900 2560 1055 2605 aliquod
1078 2559 1389 2605 impedimentum
1412 2557 1671 2600 intervenerit,
1706 2569 1779 2601 quo
1802 2558 1970 2591 cessante
1993 2569 2122 2591 rensns
2147 2569 2188 2589 vx
2215 2556 2360 2597 ints-‚ero

158 2630 403 2676 persolvetur.
524 2622 590 2679 (5)
622 2623 871 2665 Electiones
905 2626 1051 2664 autem
1085 2621 1321 2663 secundum
1353 2620 1494 2662 Deum
1530 2634 1606 2676 per
1638 2624 1771 2661 totum
1806 2633 1982 2673 regnum
2019 2619 2223 2659 canonice
2257 2620 2359 2659 flant

157 2693 210 2735 de
243 2693 403 2735 talibus
436 2693 611 2749 quidem
644 2693 863 2749 personis,
905 2691 1061 2746 quibus
1094 2705 1172 2732 nos
1206 2695 1250 2732 et
1289 2689 1474 2731 heredes
1509 2690 1642 2730 nostri
1677 2688 1931 2743 requisitum
1965 2703 1990 2728 a
2022 2687 2144 2727 nobis
2177 2688 2359 2742 prebere

157 2762 392 2804 debeamus
431 2776 670 2804 assensum.
792 2761 854 2816 (6)
889 2761 985 2802 Hee
1019 2764 1164 2801 autem
1197 2765 1323 2801 onmia
1355 2765 1452 2800 sicut
1484 2765 1607 2806 nohis,
1641 2758 1731 2799 sicg
1762 2763 1876 2798 etiam
1909 2765 1945 2797 et
1978 2762 2175 2797 heredibus
2208 2763 2356 2806 nostris,

156 2837 221 2883 qui
252 2838 290 2873 in
322 2850 478 2884 regnum
510 2838 757 2873 successerint·
788 2836 1036 2880 concessistis,
1069 2836 1220 2884 quique
1253 2835 1349 2870 sicut
1380 2847 1447 2870 nos
1478 2834 1582 2869 vobis
1614 2835 1651 2869 et
1680 2833 1953 2868 successoribus
1978 2832 2109 2867 vestris
2132 2840 2181 2866 ac
2204 2832 2358 2865 ‹·‹;‹;l··si‹=

157 2907 323 2943 Romane
354 2907 577 2943 fidelitatem
610 2908 732 2942 facere
764 2914 890 2951 queve
923 2905 1131 2950 prescripta
1165 2906 1253 2939 sunt
1285 2904 1473 2939 voluerint
1505 2903 1713 2937 observare.
1819 2896 1884 2950 (7)
1920 2902 1968 2935 lft
1999 2904 2123 2935 autem
2154 2913 2225 2945 que
2248 2913 2355 2945 supra

156 2975 318 3011 diximus
349 2978 428 3012 tam
462 2969 613 3012 vestroh
645 2987 758 3020 quam
789 2986 1043 3010 successorum
1067 2966 1294 3009 vestrorumi
1326 2974 1494 3017 tempore
1527 2973 1746 3017 perpetuam
1781 2971 1979 3005 obtineant
2011 2970 2223 3004 firmitatem
2247 2973 2285 3003 et
2314 2982 2357 3003 n«-

158 3045 291 3081 vestris
309 3057 378 3081 nee
398 3046 578 3081 heredum
597 3046 813 3080 nostrorum
831 3043 1063 3089 temporibus
1083 3042 1240 3078 alicuius
1259 3042 1411 3077 valeant
1432 3040 1712 3087 presumptione
1736 3040 1888 3082 turbari,
1913 3052 2062 3084 presens
2087 3033 2356 3088 privilegium

159 3126 223 3160 per
254 3126 385 3149 manus
415 3108 714 3149 Bonihominis
747 3107 801 3149 de
833 3106 989 3148 Gaieta
1020 3111 1161 3147 notarii
1193 3113 1231 3146 et
1261 3111 1379 3146 fidelis
1411 3110 1531 3146 nostri
1563 3110 1673 3144 scribi
1705 3115 1743 3145 et
1771 3109 1873 3143 hulla
1904 3120 2019 3143 aurea
2050 3107 2186 3152 tipario
2217 3106 2357 3141 nostro

158 3177 398 3219 maiestatis
430 3183 613 3228 impressa
644 3176 918 3232 precepimus
951 3174 1225 3225 communiri,
1259 3187 1391 3225 anno,
1424 3187 1573 3214 mense
1607 3178 1649 3213 ct
1680 3172 1910 3212 indictione
1944 3170 2214 3225 subscriptis.

301 3245 402 3288 Dat.
435 3247 479 3287 in
512 3247 686 3287 civitate
710 3243 1028 3296 Messanensik,
1061 3257 1172 3284 anno
1204 3242 1417 3284 dominice
1450 3241 1758 3282 incarnationis
1782 3239 1901 3281 MCC
1935 3239 2176 3288 undecimo,
2211 3253 2357 3279 mense

157 3315 404 3366 Februarii,
453 3314 773 3370 quintedecime
821 3313 1085 3364 indictionis,
1136 3312 1258 3366 regni
1299 3325 1403 3352 vero
1447 3310 1605 3351 domini
1656 3309 1789 3350 nostri
1833 3307 2052 3349 Frederici
2094 3306 2176 3348 Dei
2221 3307 2359 3361 gratia

91 3394 124 3419 45
161 3383 463 3439 gloriosissimi
501 3384 616 3439 regis
655 3383 823 3435 Sicilie,
868 3382 1051 3422 ducatus
1083 3380 1244 3436 Apulie
1284 3384 1326 3421 et
1365 3379 1633 3435 principatus
1675 3377 1822 3433 Capue
1865 3390 1977 3417 anno
2017 3375 2357 3430 quartodecim03

46 3874 86 3970 nm,
58 3851 76 3863 ,ι
58 3826 63 3838 -·

160 3451 346 3494 feliciter
377 3466 515 3494 amen.

298 3553 389 3589 412.
421 3554 452 3599 a)
478 3557 641 3599 precipua
658 3555 688 3588 2.
785 3554 818 3596 b)
842 3555 878 3587 in
895 3566 1025 3586 rasura
1042 3552 1072 3587 1.
1168 3552 1198 3593 c)
1224 3553 1261 3585 in
1287 3563 1415 3585 rasura
1434 3551 1469 3593 1;
1495 3552 1652 3584 advertat
1668 3550 1700 3583 2.
1773 3548 1807 3590 d)
1832 3550 1993 3582 mumeris
2013 3547 2040 3580 l.
2112 3547 2143 3589 ⁰)
2170 3545 2310 3580 fateam³
2331 3546 2358 3579 1.

161 3611 193 3655 f)
217 3614 417 3656 homagium
442 3613 473 3645 2.
570 3614 603 3654 S)
629 3625 718 3645 corr.
744 3623 784 3646 etc
809 3614 860 3645 sie
889 3612 1004 3653 (sicut)
1032 3611 1066 3643 in
1095 3610 1121 3642 1.
1228 3608 1261 3652 ¹¹)
1288 3615 1402 3642 nostro
1430 3608 1458 3641 1.
1555 3606 1578 3650 i)
1605 3615 1795 3641 nostrerum
1825 3606 1852 3638 1.
1948 3604 1980 3647 k)
2007 3607 2143 3638 Messafl
2174 3604 2201 3637 l.
2227 3604 2256 3637 ⁶2.

303 3716 336 3758 1)
369 3713 422 3756 Cf.
447 3723 558 3758 supra
582 3723 639 3748 nr.
654 3719 726 3753 411.

2394 2773 2475 2795 1213.

2395 2908 2477 2931 «21⁴.
