2558 3970
88 920 119 944 10

86 1263 117 1288 15

85 1607 119 1632 20

84 1957 116 1983 25

85 2301 119 2326 30

87 2647 120 2672 35

88 2982 122 3021 110

688 167 931 202 FRIDERICI
958 169 1000 202 Il.
1026 168 1454 206 CONsTl'rt'TmNEs.
1509 172 1603 206 12:31³.
1656 172 1718 208 Nr.
1737 173 1815 207 215.
2267 177 2347 215 ‘2923

152 289 300 327 nostra
345 288 388 326 et
436 284 602 338 imperii
649 282 840 338 pondera
887 284 1144 338 participare
1191 285 1372 328 volebat.
1448 286 1502 326 Et
1544 287 1601 326 sie
1645 287 1697 327 ad
1739 288 1914 328 multam
1966 289 2057 329 eius
2093 289 2345 330 instanciam

151 354 384 402 Romanos,
418 353 491 407 qui
523 356 623 393 tunc
655 352 861 408 temporis
895 352 1139 393 Vitcrbium
1175 355 1509 408 inpugnabant0,
1544 357 1583 396 in
1619 357 1810 397 favorem
1847 358 2028 398 ecclesie
2060 373 2138 399 nos
2163 360 2348 414 oportuit

153 422 368 472 diffidare,
417 422 511 476 ipso
553 421 753 462 mittente
799 421 944 462 literas
989 421 1173 462 latenter
1212 422 1265 462 ad
1303 422 1485 465 Urbem.
1534 425 1646 478 qnod
1690 425 1786 465 hocs
1828 440 1904 480 per
1937 441 2010 466 nos
2052 432 2194 482 preter
2228 441 2347 467 suam

154 490 463 532 conscientiam
510 494 554 531 et
600 489 848 530 mandatum
896 489 1137 530 faceremus
1187 491 1225 531 in
1269 491 1411 532 odium
1460 492 1756 534 Romanorum.
1833 494 1885 534 Et
1933 503 2056 536 ‹·um“
2098 497 2264 537 interim
2309 496 2347 536 in

155 560 318 616 Sycilia
359 558 546 614 quadam
586 558 798 599 seditione
841 558 1041 610 suborta,
1086 560 1375 614 oportuisset¹¹
1410 576 1486 601 nos
1521 563 1794 602 neccessario
1829 564 2025 604 conferre
2060 564 2349 609 Messanam&

153 634 200 670 ut
239 629 436 670 factionis
472 627 548 668 ibii
583 628 751 669 incoatc
792 627 1012 682 principiis
1054 627 1344 674 obstaremus,
1387 629 1467 670 ista
1510 630 1777 671 solummodo
1823 633 2102 673 occassione*
2138 640 2348 688 pretenta.

153 698 264 754 quod
296 702 383 739 tam
415 696 638 739 nobillem¹
671 700 862 738 nostram
897 696 1057 750 Sycilic
1090 698 1288 751 ynsulam
1323 699 1536 739 noluimus
1570 700 1780 745 amittere,
1815 701 1938 740 nobis
1973 702 2273 756 inrequisitisffl
2308 708 2350 742 et

153 767 324 808 omnino
359 766 530 818 celatis,
565 770 739 807 contra¹¹
772 780 898 807 omne
932 766 997 806 ius
1029 766 1249 820 gencium,
1291 766 1401 821 quod
1437 768 1537 808 belli
1573 769 1709 808 soi—ios
1744 774 1785 809 et
1819 771 2051 824 participes
2085 773 2233 811 statuit
2268 786 2347 811 non

154 836 376 891 relinqui0,
413 835 538 877 fedus
581 835 674 876 iniit
711 849 807 876 eum
840 834 1045 876 Romanis
1091 849 1167 890 per
1199 849 1277 875 nos
1315 835 1366 876 ad
1412 835 1662 876 mandatum
1695 838 1785 878 eius
1821 843 1865 877 ut
1898 838 2083 879 diximus
2126 840 2348 881 diffidatis:

155 919 238 946 non
272 908 451 955 attento,
484 904 597 960 quod
629 918 706 945 nos
739 918 824 945 non
857 904 950 945 sinc
983 903 1113 944 dubia
1147 904 1261 945 vitep
1293 910 1336 945 ct
1369 904 1542 946 honoris
1575 907 1706 946 nostri
1740 906 1912 947 fortuna
1947 908 2058 948 inter
2092 909 2278 948 rebelles
2304 924 2350 949 ae

154 973 414 1015 sediciossos
447 977 619 1015 nostros
654 977 929 1014 remanentes
963 973 1148 1014 inermes
1182 973 1425 1028 copiossam
1460 978 1502 1014 et
1535 978 1754 1015 strenuam
1789 975 1988 1016 miliciam
2024 982 2284 1017 armatorum
2313 978 2350 1017 in

153 1044 245 1085 eius
263 1042 501 1084 subsidium
522 1043 780 1083 miseramus
793 1050 824 1090 ‘¹,
847 1055 1106 1097 quamquam
1130 1042 1420 1097 personaliter
1438 1043 1759 1097 nequiverimus
1783 1045 1993 1086 interesse
2007 1052 2032 1087 f.
2114 1046 2174 1100 (⁴3)
2202 1046 2352 1086 Adhuc

153 1117 294 1154 tamen
329 1112 590 1154 conscientie
622 1115 768 1153 nostre
801 1111 965 1153 fideliss
997 1112 1225 1166 integritas
1259 1117 1302 1152 ct
1334 1126 1441 1167 pura
1473 1111 1666 1158 devocio,
1701 1127 1827 1167 quam
1852 1113 1923 1154 adt
1958 1120 2138 1155 matrem
2164 1120 2352 1155 nostram

155 1181 382 1223 ecclesiam
432 1181 722 1231 habebamus,
770 1181 1017 1221 novercalia
1056 1179 1370 1221 deliramentau
1412 1182 1545 1237 patris
1578 1195 1812 1236 agnoscere
1856 1183 1989 1224 filium
2023 1198 2105 1224 non
2141 1184 2353 1233 sinebant,

155 1252 270 1306 quin,
302 1250 416 1306 quod
448 1254 568 1292 eratv
599 1250 775 1301 astucie,
810 1250 931 1291 casui
964 1254 1266 1305 reputantcsw,
1302 1250 1613 1292 satisfactionis
1645 1255 1791 1292 nostre
1815 1266 1988 1293 causam
2023 1253 2063 1293 in
2087 1253 2353 1293 vitricantis¹

155 1320 316 1374 patrisy
349 1319 524 1361 arbitrio
563 1319 709 1374 sepius
749 1333 1025 1374 poneremus.
1094 1317 1178 1366 Qui
1222 1323 1340 1360 tanto
1384 1320 1507 1360 nobis
1542 1320 1634 1362 vice
1668 1321 1860 1375 qualibet
1900 1321 2108 1363 illudebat
2140 1322 2353 1367 acerbius,

153 1393 313 1444 quanto
356 1388 630 1430 constancius
669 1401 788 1442 spem
829 1387 1039 1429 uberioris
1081 1387 1248 1428 arbitrii
1289 1389 1562 1443 promitebat.
1633 1388 1777 1430 Medio
1824 1389 1980 1432 deinde
2022 1396 2215 1446 tempore
2257 1390 2354 1431 (lum

153 1458 230 1500 dez
261 1458 444 1513 negocio
476 1456 602 1499 Italic
635 1471 713 1512 per
744 1470 900 1512 papam
933 1457 987 1498 ad
1030 1457 1239 1498 honorem
1279 1458 1449 1512 imperii
1483 1458 1778 1513 componendo
1820 1474 1873 1501 ex
1914 1461 2215 1515 preteritorum
2250 1474 2354 1500 con-

152 1528 344 1570 iecturaa
376 1527 668 1568 discriminum
701 1526 820 1567 nulla
851 1540 951 1582 spes
984 1526 1108 1567 nobis
1140 1527 1454 1568 remansissetb
1489 1527 1530 1568 in
1574 1532 1795 1583 posterum
1830 1529 1896 1569 vel
1931 1529 2079 1571 exilis.
2124 1543 2172 1569 ac
2206 1543 2354 1583 prose-

156 1597 374 1639 cutionem
417 1596 627 1638 eandemc
667 1609 857 1651 congruo
901 1594 1128 1651 tempored
1173 1609 1468 1647 servaremus,
1513 1598 1920 1652 cxpectationibuse
1961 1598 2139 1639 nostriss
2178 1603 2356 1653 repente

153 1666 415 1708 credidimus
449 1665 668 1707 arrississe
701 1664 933 1716 fortunam,
965 1665 1172 1706 reiterata
1204 1664 1420 1706 discordia
1443 1666 1555 1707 inter
1578 1666 1804 1707 ecclesiam
1837 1671 1880 1708 et
1903 1666 2143 1714 Romanos;
2178 1668 2217 1707 in
2244 1667 2355 1722 qua2

154 1736 214 1777 sic
245 1735 486 1791 magnifice,
519 1735 578 1776 sic
610 1733 765 1775 devote
798 1738 995 1775 tesauros
1028 1738 1198 1775 nostros
1223 1734 1483 1775 effudimus&
1507 1739 1549 1776 ct
1573 1749 1819 1790 personam,
1853 1736 1967 1791 quod
1992 1751 2161 1778 omnem
2186 1737 2356 1777 omnino

153 1805 417 1846 conscientie
439 1818 574 1860 prave
597 1803 842 1858 rubiginem
865 1803 918 1845 de
942 1803 1284 1845 malivolentium
1306 1803 1507 1845 cordibus
1533 1804 1871 1846 crediderimus¹¹
1895 1805 2093 1846 eruisscf.
2187 1805 2250 1861 (7)
2270 1805 2357 1846 'llis

155 1874 284 1916 etiam
317 1873 516 1915 omnibus
539 1886 624 1913 non
648 1872 854 1923 contenti,
887 1876 934 1913 ut
955 1872 1009 1914 de
1033 1872 1156 1914 nobis
1181 1887 1357 1929 prorsus
1382 1873 1624 1915 indubitata
1647 1874 1856 1916 securitas
1881 1875 2064 1916 ecclesie
2091 1875 2360 1931 preberetur,

156 1944 270 1985 circa
302 1943 442 1999 ipsam
473 1943 565 1984 zelo
598 1956 765 1984 summe
795 1941 1034 1984 devotionis
1068 1941 1268 1984 accensik
1301 1947 1344 1985 et
1376 1943 1613 1985 incentivo¹
1645 1944 1839 1999 perfecte
1874 1944 2066 1986 caritatis
2099 1944 2140 1984 in
2164 1944 2271 1994 Dec,
2305 1943 2359 1984 ad

153 2012 427 2068 presenciam
474 2012 599 2053 istius
647 2011 801 2053 summi
849 2011 1064 2067 pontificis
1106 2012 1394 2068 personaliter
1435 2013 1589 2054 ivimus
1632 2013 1762 2054 etiam
1811 2027 1896 2055 non
1937 2015 2099 2064 vocati,
2149 2013 2359 2054 ducentes

153 2081 379 2123 nobiscum
412 2080 657 2123 Conradum
688 2080 966 2122 karissimum
999 2081 1134 2122 filium
1166 2086 1375 2132 nostrum,
1409 2096 1522 2123 nunc
1545 2082 1879 2123 Romanorumm
1912 2083 1954 2124 in
1984 2097 2132 2138 regem
2156 2083 2359 2125 ellectum

154 2155 197 2192 et
226 2151 349 2206 regni
382 2149 748 2192 Gerosolomitani
780 2150 1000 2201 heredem,
1035 2164 1162 2206 quem
1195 2151 1320 2192 nobis
1344 2154 1445 2192 tunc
1468 2151 1676 2206 temporis
1700 2151 1844 2193 fratris
1868 2153 1933 2193 sui
1957 2152 2188 2193 manifesta
2214 2157 2357 2193 trans-

153 2221 318 2276 gressio
360 2220 494 2262 filium
532 2220 708 2262 unicum
748 2219 819 2260 in¹¹
851 2223 1032 2275 paterne
1074 2219 1313 2261 dulcedinis
1355 2220 1584 2262 affectione
1627 2221 1910 2276 relinquerat;
1949 2235 1998 2262 ac
2039 2221 2222 2262 eundem
2265 2226 2361 2278 post

155 2289 344 2331 oblatam
378 2290 564 2331 ecclesie
596 2302 825 2346 personam
859 2293 1052 2330 nostram
1084 2289 1127 2330 in
1161 2293 1298 2331 totum
1333 2289 1529 2331 obsidem
1563 2303 1729 2331 summo
1762 2290 1954 2346 pontifici
1989 2304 2065 2331 nos
2097 2292 2251 2333 offerre
2276 2306 2358 2332 non

153 2358 349 2414 puduit³,
397 2360 599 2402 unionem
646 2358 935 2400 omnimodam
978 2359 1092 2401 inter
1135 2373 1213 2400 nos
1256 2363 1298 2400 et
1339 2359 1570 2401 ecclesiam
1616 2359 1694 2400 sub
1734 2360 2015 2401 attestatione
2049 2359 2180 2401 divini
2215 2360 2360 2401 iudicii

153 2428 407 2484 suppliciter
443 2429 739 2485 postulantes,
781 2434 937 2484 quam⁰
970 2427 1131 2469 dudum
1171 2432 1327 2470 anteap
1366 2428 1491 2470 nobis
1535 2429 1615 2470 iste
1659 2428 1852 2484 prelatus
1901 2430 2085 2471 ecclesie
2127 2430 2360 2484 generalis,

156 2497 289 2538 dum‘l
321 2502 437 2540 esset
468 2499 698 2554 episcopus
721 2497 989 2551 Hostiensis‚
1023 2498 1235 2539 instanter
1258 2501 1478 2539 suasserat
1500 2497 1791 2554 expetendam
1805 2504 1831 2538 ¹.
1884 2497 2066 2553 Propter
2097 2512 2179 2553 quc
2204 2498 2357 2548 omnia,

155 2566 256 2608 dum
297 2581 495 2609 serenam
542 2567 666 2609 nobis
713 2567 853 2609 tocius
897 2568 1014 2610 curie
1057 2567 1215 2609 faciem
1255 2567 1450 2608 affectios
1489 2567 1786 2609 demonstrata
1824 2567 2101 2622 protenderet
2146 2571 2188 2608 et
2227 2567 2359 2608 verba

156 2636 404 2691 gratissima
435 2639 523 2678 tam
556 2637 710 2678 summi
740 2636 955 2692 pontificis
989 2650 1116 2692 quam
1151 2637 1377 2678 curialium
1410 2637 1601 2677 omnium
1634 2636 1848 2677 sinceram
1871 2636 2183 2677 hostendercnt
2206 2636 2356 2676 volun—

153 2709 310 2758 tatem,
351 2706 469 2747 cumt
500 2706 562 2747 eis
606 2706 749 2747 omnia
787 2705 1025 2761 perfecisse
1065 2705 1294 2748 credentes
1335 2705 1413 2747 sub
1455 2706 1707 2747 intentionis
1741 2710 1888 2747 nostre
1924 2710 2102 2747 sancte¹¹
2135 2705 2358 2761 proposito

154 2788 234 2816 nec
265 2775 407 2816 minus
441 2774 520 2817 sub
553 2774 859 2831 obsequiorum
891 2780 1136 2817 nostrorum
1167 2775 1337 2827 fiducia,
1373 2775 1657 2817 dissensionis
1691 2789 1866 2816 causam
1900 2775 2012 2816 inter
2045 2789 2120 2816 nos
2155 2779 2197 2816 ct
2228 2774 2356 2814 Lom-

153 2843 312 2885 bardos
350 2844 395 2885 in
441 2844 538 2885 sinu
583 2845 773 2900 corrupti
817 2844 971 2886 iudicis
1011 2845 1179 2886 tociens
1223 2845 1479 2886 suffocatam
1520 2858 1690 2886 necnon
1731 2849 1773 2885 et
1811 2843 2110 2885 sedationemv
2143 2842 2357 2884 discordie

157 2912 272 2954 inter
302 2926 391 2966 nos,
425 2913 542 2955 cives
575 2916 618 2955 et
649 2913 817 2955 nobiles
850 2913 1129 2956 Acconenses
1163 2913 1399 2955 devocione
1431 2913 1746 2969 prontissimaw
1779 2912 1979 2954 duximus
2013 2911 2312 2968 exponendam
2325 2919 2358 2953 Χ.

159 2980 223 3038 (8)
254 2982 412 3037 Sicque
435 2982 487 3024 de
519 2983 798 3038 negociorum
823 2987 1068 3024 nostrorum
1090 2983 1280 3024 omnium
1304 2996 1511 3038 prospera
1529 2982 1854 3024 consumationc
1879 2982 2015 3023 securi
2040 2983 2080 3022 in
2103 2982 2355 3035 obsequium

293 3084 381 3120 215.
412 3085 443 3128 θ)
468 3098 547 3120 cum
571 3087 655 3120 add.
674 3086 691 3120 1
719 3087 790 3120 iam
815 3087 969 3121 deletum.
1063 3085 1091 3128 f)
1117 3087 1181 3120 hoc
1198 3085 1230 3119 2.
1324 3087 1357 3128 8)
1385 3087 1476 3120 deest
1493 3085 1525 3120 3.
1620 3085 1654 3128 ¹¹)
1680 3088 1828 3130 oportuit
1846 3085 1878 3118 3.
1965 3084 1988 3127 i)
2016 3087 2060 3118 ibi
2079 3085 2167 3118 deest
2183 3084 2212 3118 1.
2228 3084 2260 3117 2.
2273 3082 2305 3116 4.
2322 3083 2358 3122 5;

156 3144 296 3178 factioni
321 3145 386 3178 sibi
411 3143 443 3178 3.
537 3142 572 3187 k)
598 3156 668 3178 occ.
693 3146 754 3178 sol.
780 3146 845 3178 ista
870 3144 901 3178 3.
1023 3142 1048 3187 ¹)
1073 3145 1250 3177 nobillime
1277 3143 1306 3177 1.
1416 3142 1458 3187 ¹¹¹)
1483 3156 1550 3177 non
1576 3145 1748 3186 requisitis
1773 3144 1805 3177 3.
1901 3143 1934 3186 n)
1961 3144 2049 3175 deest
2074 3141 2105 3174 2.
2201 3148 2232 3182 0)
2259 3141 2359 3174 relin-

155 3202 230 3243 quit
254 3200 287 3234 2.
426 3201 460 3244 P)
487 3203 561 3235 vice
586 3201 618 3235 3.
760 3201 792 3245 q)
817 3203 973 3235 misimus
997 3201 1029 3235 2.
1170 3200 1199 3243 1“)
1236 3202 1400 3234 interesse
1426 3203 1688 3244 nequiveramus
1713 3202 1742 3234 3.
1886 3203 1914 3242 ε)
1941 3201 2112 3232 fidelitatis
2137 3198 2176 3239 4;
2215 3199 2304 3231 deest
2328 3196 2359 3230 3.

155 3257 182 3301 t)
219 3259 368 3301 sequitur
392 3260 428 3292 ἱή
454 3258 472 3291 1
504 3271 648 3304 pravam
672 3260 784 3292 statim
809 3260 963 3293 deletam.
1107 3258 1141 3302 u)
1180 3259 1399 3291 delinimenta
1424 3258 1453 3291 1.
1481 3257 1513 3292 2.
1538 3258 1570 3292 4.
1597 3259 1628 3292 5.
1770 3259 1800 3299 v)
1840 3259 1972 3291 iusticie
2003 3258 2135 3290 crimini
2169 3263 2202 3289 ct
2227 3256 2306 3288 add.
2327 3255 2357 3287 5.

88 3327 121 3352 45
157 3319 199 3356 W)
226 3317 435 3360 imputantes
458 3317 491 3350 5.
606 3318 642 3360 Χ)
667 3319 860 3352 intricantis
884 3317 924 3358 2;
950 3318 1162 3350 victricantis
1190 3317 1218 3349 1.
1246 3316 1277 3350 3.
1396 3318 1429 3358 y)
1455 3317 1544 3350 deest
1569 3317 1601 3350 3.
1720 3318 1750 3359 Ζ)
1776 3317 1867 3350 deest
1891 3316 1922 3349 2.
2018 3316 2049 3358 ²²)
2079 3315 2302 3359 congruentia
2327 3312 2359 3346 2.

157 3371 189 3414 b)
214 3375 408 3408 remasisset
433 3374 464 3408 1.
583 3375 613 3417 0)
639 3381 807 3419 oportuno
832 3380 865 3409 et
891 3376 974 3408 add.
993 3374 1024 3408 5.
1164 3372 1197 3417 d)
1223 3375 1367 3418 tempori
1391 3373 1424 3407 4.
1452 3374 1482 3406 5.
1601 3375 1631 3414 e)
1658 3375 1932 3417 exspectionibus
1960 3373 1995 3414 1;
2022 3372 2301 3416 exspectantibus
2326 3370 2356 3402 3.

157 3427 190 3473 f)
216 3431 305 3464 deest
329 3430 361 3465 3.
479 3431 513 3476 8)
538 3434 745 3466 effundimus
771 3433 801 3466 1.
910 3431 944 3476 h)
969 3433 1191 3466 credebamus
1216 3431 1253 3470 3;
1280 3432 1484 3464 credidimus
1508 3431 1539 3465 4.
1566 3431 1597 3464 5.
1715 3430 1739 3473 i)
1766 3433 1906 3465 erasisse
1930 3430 1962 3464 3.
2068 3429 2102 3472 k)
2129 3431 2203 3463 dev.
2229 3438 2358 3461 summe

159 3489 315 3520 succensi
339 3488 370 3521 3.
511 3487 535 3532 l)
566 3491 772 3534 incemptivo
799 3490 829 3524 1.
969 3491 1012 3531 111)
1044 3492 1234 3523 Romanum
1259 3488 1296 3529 3;
1333 3490 1368 3521 in
1399 3491 1588 3522 Romanum
1613 3489 1645 3522 2.
1778 3490 1811 3532 ¹¹)
1844 3501 1921 3523 cum
1949 3489 1979 3521 1.
2005 3487 2037 3521 4.
2156 3488 2187 3528 0)
2213 3486 2301 3528 quod
2327 3484 2356 3517 2.

157 3543 192 3586 Ρ)
217 3546 318 3578 etiam
342 3544 383 3586 2;
409 3546 507 3580 nobis
532 3552 634 3580 antea
657 3546 689 3580 3.
807 3547 840 3590 q)
865 3559 943 3581 cum
968 3546 1000 3580 3.
1105 3548 1132 3589 r)
1157 3547 1386 3590 expetendum
1413 3545 1445 3579 2.
1540 3548 1566 3588 s)
1591 3547 1738 3580 assercio
1763 3546 1794 3580 3.
1889 3545 1915 3587 t)
1940 3547 1976 3578 in
2000 3545 2032 3578 2.
2127 3544 2161 3587 u)
2187 3548 2301 3577 sancto
2327 3540 2358 3574 2.

93 3612 126 3638 50
159 3602 192 3645 V)
217 3603 381 3637 sedationi
405 3602 443 3645 33
468 3605 668 3638 seditionem
692 3603 723 3638 2.
747 3604 781 3638 4.
806 3604 838 3639 5.
955 3605 997 3648 w)
1023 3605 1236 3639 devotionem
1260 3604 1547 3647 promptissimam
1572 3603 1605 3637 2.
1720 3605 1754 3646 Χ)
1781 3605 2022 3648 exponendum
2048 3602 2078 3636 3.

297 3693 331 3737 1)
356 3693 400 3728 A.
419 3698 503 3730 1233
525 3705 640 3730 mense
663 3695 792 3739 Aprili.
910 3696 947 3739 2)
973 3696 1113 3730 Aestate
1136 3698 1284 3730 α.1234.
1402 3695 1438 3737 3)
1471 3694 1525 3737 C'f.
1554 3694 1635 3739 Rea.
1661 3694 1742 3737 imp.
1769 3693 1807 3737 V,
1827 3699 1944 3729 20470.
