2558 3970
179 171 229 209 56
721 164 960 198 FRIDEHICI
988 164 1029 197 Il.
1057 159 1483 197 CONs'rlTUTIONES.
1535 159 1632 192 1213.
1682 158 1746 194 Nr.
1764 159 1820 194 45.

224 426 313 492 45.
369 417 1171 491 PROMFLGATIO
1225 413 1630 486 LEGATI
1684 411 2314 484 GENERALIS

184 531 301 600 ET
355 530 459 599 Vl
479 528 774 599 OA‘lelf
824 527 1031 597 PER
1074 524 1830 604 LOMBARDIAM
1883 520 2362 601 TUSCIAM,

871 634 1017 705 Ro
1036 634 1273 705 MAN
1298 633 1677 704 IOLAM.

1057 760 1197 805 1213.
1238 758 1379 804 Febr.
1417 759 1487 803 16.

320 896 535 936 Βοιὼ-11111
580 893 709 934 Pabst‘
747 894 780 933 h.
818 907 868 935 m.
907 907 957 933 61,-
1013 892 1052 945 1)
1095 895 1346 933 trsmssumto
1389 889 1536 931 codicis
1572 889 1802 941 Wcquwci
1842 889 1888 928 in
1933 887 2198 939 praefectura
2239 886 2367 929 Oeno-

174 967 361 1015 Jnmtumz.
383 964 584 1004 asservati
607 962 684 1016 fol.
704 959 789 1010 492
822 961 929 1013 quod
944 962 1106 1015 suctum
1130 962 1188 1000 ost
1208 974 1245 1000 α.
1270 961 1381 1000 1218
1411 958 1542 999 XIII.
1566 960 1736 998 excunte
1757 970 1891 997 11161136
1914 956 2121 998 Iamtario
2142 970 2167 996 α
2189 955 2368 996 notariis

180 1033 335 1074 Ilm-cto.
382 1032 630 1079 Conrude'no,
671 1030 860 1079 Ribaldo,
899 1033 935 1070 ct
976 1031 1036 1070 re'r
1077 1030 1122 1070 cl.
1154 1028 1423 1071 wattenbach
1463 1041 1513 1067 61·
1555 1026 1598 1079 2)
1632 1028 1883 1066 lrcmssumto
1921 1025 2097 1066 cartarii-
2132 1024 2369 1065 Tridentini

178 1116 279 1142 sum.
303 1101 454 1141 XI'II.
488 1100 689 1140 tabularii
721 1099 1044 1139 I'imlobonensis
1075 1098 1148 1151 fol.
1176 1100 1227 1137 '74
1258 1110 1321 1136 mn
1347 1099 1440 1145 113,
1472 1095 1543 1135 'aba'
1564 1095 1754 1135 vetrarias
1776 1094 1906 1144 edicit,
1939 1092 2193 1146 ctzttoyrapho
2214 1105 2369 1144 appen-

178 1169 283 1208 diss«
330 1169 482 1209 bullum
526 1183 709 1209 (turcum.
780 1167 895 1220 (guod
933 1167 1067 1216 ctiam,
1111 1169 1206 1207 teste
1245 1165 1431 1213 Ficta-0,
1476 1166 1745 1216 coruram-matur
1788 1166 2040 1204 transsumto
2071 1175 2224 1213 coaevo,
2262 1161 2370 1214 quod

179 1238 336 1277 obe-ium
370 1241 427 1277 cst
460 1238 502 1276 in
535 1237 742 1285 tabulario
775 1235 1052 1276 Cremomznsc‘.
1114 1234 1179 1275 De
1210 1235 1393 1285 episcopo
1428 1232 1671 1273 Tridentino
1703 1232 1920 1272 constituto
1958 1232 2087 1284 leuato
2115 1231 2300 1284 yenerali
2330 1233 2367 1271 et

181 1306 332 1345 ric-ario
357 1308 554 1358 perpetuo
589 1319 618 1344 r.
644 1304 687 1344 F
688 1304 794 1344 111116)-
826 1304 1132 1355 ‘Iv'orsclmnqen
1164 1316 1240 1343 eur
1270 1301 1437 1343 Reiclcs-
1466 1300 1555 1341 mad
1585 1300 1955 1352 Reclztsyesohichte
1987 1299 2175 1341 Itale'ens’
2212 1298 2248 1349 I,
2269 1300 2364 1342 338.

179 1374 361 1422 IL155.
397 1398 446 1403 —
480 1372 943 1414 Hnillard-Bre‘leollcs
974 1372 1010 1421 Ι,
1031 1373 1126 1413 249.
1190 1371 1383 1420 Emeum,
1417 1370 1515 1421 Rea.
1549 1370 1643 1422 imp.
1676 1368 1719 1417 V,
1744 1369 1839 1409 692.
1986 1367 2056 1421 (P.
2080 1368 2221 1422 deest.)

321 1498 409 1553 (XC)
447 1498 750 1551 {El-edericus
796 1498 939 1538 divina
990 1497 1164 1538 favente
1212 1496 1441 1538 clementia
1487 1494 1700 1536 secundus
1741 1494 2035 1535 Romanorum
2078 1509 2152 1536 rex
2199 1508 2368 1550 semper

179 1577 385 1623 augustus
428 1574 470 1609 ct
510 1583 586 1608 rex
629 1568 812 1608 Sieiliea.
929 1566 1151 1607 Universis
1191 1566 1358 1621 imperii
1406 1565 1644 1611 fidelibusb,
1693 1563 2036 1618 archiepiscopis,
2084 1563 2368 1617 potestatibus

180 1638 267 1677 sive
301 1636 548 1677 consulibus
583 1641 710 1690 atque
746 1635 1043 1676 communibus
1077 1636 1298 1675 civitatum
1333 1640 1374 1674 et
1406 1634 1583 1673 aliorum
1607 1633 1796 1673 locorum
1822 1646 1900 1673 nee
1925 1646 2007 1672 non
2030 1631 2366 1683 marchionibus,

181 1706 421 1746 comitibus
455 1705 686 1746 nobilibus.
719 1704 952 1745 baronibus
986 1709 1113 1758 atque
1147 1703 1346 1744 omnibus
1379 1717 1455 1757 per
1487 1706 1620 1741 totam
1644 1700 1945 1741 Lombardiam
1979 1704 2108 1755 atque
2132 1700 2366 1741 marchiam

181 1775 480 1815 Vcronenscm
515 1779 556 1814 et
588 1774 788 1814 Tusciam
823 1778 865 1814 et
888 1773 1145 1813 Romaniam
1180 1771 1446 1813 constitutis⁰
1479 1771 1660 1825 gratiam
1695 1784 1815 1809 suam
1839 1773 1882 1810 et
1905 1769 2060 1810 bonam
2086 1770 2366 1810 voluntatem.

324 1843 505 1896 Regiam
545 1841 670 1882 decet
709 1841 1051 1882 munificenciam
1093 1845 1372 1896 expertorum
1417 1839 1606 1880 fidelium
1647 1852 1819 1879 suorum
1859 1838 2012 1879 merita
2052 1851 2366 1892 recognoscere

183 1926 414 1966 eorumque
458 1910 692 1951 commodis
737 1908 811 1966 [et]
857 1910 1091 1950 honoribus
1136 1910 1226 1950 sine
1269 1900 1586 1949 intermissione
1629 1906 1866 1962 providere.
1936 1906 2005 1947 Ex
2036 1906 2205 1947 liberali
2237 1906 2368 1960 igitur

183 1980 569 2035 circumspectione
606 1983 750 2020 nostra
784 1979 977 2020 volentes
1012 1979 1168 2019 bonum
1205 1982 1377 2027 statum,
1418 1991 1570 2032 pacem
1604 1980 1646 2016 et
1677 1979 1868 2030 optatam
1901 1975 2092 2030 quietem
2123 1989 2199 2030 per
2231 1978 2368 2016 totum

183 2049 406 2104 imperium
440 2053 480 2089 ct
514 2048 760 2103 specialiter
799 2048 910 2088 inter
945 2061 1016 2087 vos
1057 2051 1274 2101 tamquam
1309 2046 1611 2086 dilectissimos
1654 2049 1824 2085 nostros
1859 2047 1902 2085 et
1939 2043 2048 2085 bene
2082 2044 2257 2085 meritos
2289 2044 2369 2084 im-

184 2119 290 2174 perii
322 2117 473 2158 fideles
508 2117 731 2157 reformari
764 2121 805 2156 et
838 2116 889 2156 de
923 2120 1065 2157 cetero
1100 2115 1191 2155 Deo
1225 2114 1354 2155 dante
1396 2114 1575 2154 firmiter
1608 2113 1769 2160 haberi,
1812 2112 2078 2167 presentium
2113 2112 2370 2154 certitudine

184 2187 451 2227 universitati
496 2186 683 2226 omnium
731 2189 923 2226 vestrum
971 2188 1118 2224 notum
1167 2197 1263 2223 esse
1306 2183 1517 2231 volumus,
1565 2182 1676 2236 quod
1723 2196 1800 2222 nos
1849 2195 1903 2222 ex
1950 2195 2068 2222 mera
2110 2181 2370 2222 liberalitate

184 2255 578 2296 animadvertentes
612 2268 761 2308 puram
794 2253 921 2294 fidem
956 2258 997 2293 et
1021 2253 1233 2293 sinceram
1258 2251 1532 2292 devotionem
1556 2250 1702 2291 dilecti
1731 2250 1938 2305 principis
1963 2253 2005 2291 et
2029 2249 2372 2305 consanguineid

184 2325 316 2364 nostri
349 2323 568 2364 Frederici
600 2322 840 2363 Tridentini
872 2321 1077 2376 episcopi,
1119 2335 1244 2376 quam
1277 2320 1400 2361 nobis
1435 2324 1477 2360 et
1509 2320 1688 2374 imperio
1716 2323 1861 2360 nostro
1893 2332 2029 2373 usque
2061 2319 2186 2360 modo
2217 2319 2368 2361 lauda-

185 2394 325 2433 biliter
348 2392 543 2433 exhibuit
567 2397 608 2432 et
631 2392 895 2445 inposterum
920 2391 999 2430 erit
1021 2389 1208 2430 fideliter
1227 2389 1513 2437 exhibiturus,
1537 2389 1677 2443 ipsum
1701 2388 1950 2442 generalem
1968 2388 2159 2442 legatum
2180 2391 2372 2428 nostrum

186 2463 484 2502 constituimus
519 2475 595 2515 per
626 2466 756 2500 totam
792 2458 1095 2499 Lombardiam
1131 2463 1172 2499 et
1215 2458 1445 2499 marchiam
1480 2457 1780 2498 Veronensem
1811 2460 1940 2511 atque
1974 2456 2175 2497 Tusciam
2208 2460 2251 2498 et
2281 2456 2369 2497 Ro-

187 2532 383 2571 maniam.
418 2529 469 2569 ad
503 2543 652 2584 pacem
686 2528 929 2569 faciendam
964 2534 1005 2568 et
1038 2527 1380 2582 componendam
1415 2531 1456 2567 et
1489 2525 1541 2566 ad
1575 2526 1732 2566 bonum
1767 2529 1923 2565 statum
1957 2539 2033 2580 per
2056 2528 2188 2565 totam
2212 2528 2370 2566 terram

187 2598 502 2640 reformandum
547 2604 590 2638 et
632 2597 683 2637 ad
726 2597 955 2637 fidelitates
990 2597 1081 2636 viee
1125 2600 1271 2636 nostra
1309 2595 1577 2649 recipiendas
1621 2608 1699 2634 nec
1731 2608 1814 2634 non
1847 2595 1938 2634 iura
1970 2599 2013 2634 et
2044 2594 2371 2648 possessiones⁰

185 2668 349 2722 imperii
391 2666 577 2721 undiquc
628 2664 958 2719 recuperandas.
1087 2664 1155 2704 Ad
1198 2664 1276 2704 hec
1317 2664 1445 2704 etiam
1486 2663 1539 2703 ad
1587 2663 1853 2703 evidenciam
1893 2667 2040 2703 nostre
2083 2662 2195 2702 circa
2232 2663 2372 2716 ipsum

187 2738 435 2791 episcopum
470 2735 836 2787 consanguineum
872 2738 1062 2773 nostrum
1087 2733 1344 2783 dilectionis,
1377 2733 1419 2772 in
1452 2732 1650 2772 omnibus
1685 2731 1941 2786 prenotatisf
1970 2731 2090 2781 locis,
2124 2731 2371 2771 civitatibus

188 2816 228 2845 er
261 2806 385 2845 terris
426 2805 563 2859 ipsum
608 2808 801 2843 nostrum
845 2803 1048 2842 vicarium
1093 2802 1352 2841 instituimus
1385 2800 1436 2841 ad
1477 2805 1670 2855 tempora
1704 2800 1789 2840 vite
1831 2813 1920 2849 sue,
1965 2799 2165 2840 vicariam
2197 2803 2244 2840 ut
2274 2813 2372 2854 pre-

188 2874 400 2913 diximus-8
432 2874 467 2912 ei
504 2873 543 2912 in
579 2871 748 2912 feodum
782 2871 1083 2911 concedentes.
1205 2870 1416 2910 Volumus
1449 2870 1581 2923 igitur
1613 2873 1656 2909 et
1689 2869 1914 2909 statuimus
1939 2868 2145 2922 vobisque
2176 2867 2372 2909 omnibus

189 2943 304 2996 regia
341 2941 592 2981 mandamus
627 2945 668 2980 ct
700 2940 958 2994 precipimus
993 2940 1258 2985 auctoritate,
1303 2944 1349 2978 ut
1380 2939 1464 2992 ipsi
1496 2938 1535 2977 in
1570 2936 1765 2977 omnibus
1798 2942 1840 2977 et
1872 2950 1948 2991 per
1981 2937 2124 2977 omnia
2156 2941 2373 2990 tamquam

189 3011 428 3050 maiestatis
463 3019 608 3049 nostre
641 3022 827 3062 persone
860 3007 1093 3047 intendatis
1127 3013 1168 3047 et
1201 3007 1282 3047 sibi
1316 3008 1409 3047 sitis
1445 3006 1695 3046 obedientes
1720 3006 1844 3060 eique
1859 3006 1910 3045 'in
1934 3005 2110 3055 cunctis,
2144 3019 2225 3060 que
2251 3005 2372 3046 vobis

189 3094 241 3119 ex
277 3088 396 3132 parte
431 3083 575 3117 nostra
609 3077 777 3117 dixerit.
810 3076 935 3116 fidem
971 3076 1212 3116 adhibeatis
1247 3075 1549 3117 indubitatam:
1594 3075 1780 3114 scientes
1815 3078 1857 3114 et
1888 3088 1962 3128 pro
1995 3074 2114 3113 firmo
2148 3073 2372 3123 habentes,

189 3147 299 3201 quod
334 3147 523 3200 quicquit
548 3147 637 3199 ipsc
671 3146 834 3192 fecerit,
868 3144 1026 3184 dixerit
1050 3149 1092 3183 ct
1115 3143 1404 3184 concesse1‘it'¹
1429 3148 1471 3183 et
1494 3142 1661 3183 dederit
1683 3148 1811 3197 atque
1835 3142 2103 3192 iudicaverit,
2134 3141 2213 3181 hoc
2237 3145 2373 3182 totum

189 3226 326 3255 ratum
360 3215 610 3254 habebimus
645 3220 684 3253 ct
717 3214 883 3253 firmum
917 3213 1266 3261 irrevocabiliter,
1301 3212 1478 3266 ipsaque
1513 3211 1654 3251 omnia
1687 3208 1760 3266 [111]
1795 3210 2106 3265 presentiarum
2130 3210 2248 3263 regia
2271 3223 2372 3250 con-

188 3285 404 3324 firmamus
444 3283 715 3322 auctoritate.
786 3281 1035 3322 Statuentes
1080 3286 1121 3321 ct
1164 3281 1283 3334 regia
1324 3281 1609 3335 precipientes
1651 3281 1908 3320 auctoritate
1941 3283 1983 3319 et
2015 3278 2287 3329 firmitudine,
2328 3282 2375 3319 ut

191 3353 304 3391 nulla
339 3351 508 3391 omnino
544 3364 725 3404 persona
760 3350 930 3390 humilis
957 3350 1021 3390 vel
1059 3350 1158 3398 alta,
1192 3349 1398 3389 secularis
1422 3349 1510 3388 sive
1535 3348 1843 3399 ecclesiastica,
1877 3347 2226 3402 prenominatum
2257 3347 2374 3401 prin-

190 3421 325 3475 cipem
360 3419 726 3472 consanguineum
771 3425 960 3458 nostrum
1002 3419 1042 3458 in
1085 3419 1163 3458 hac
1196 3418 1411 3471 legatione
1446 3422 1488 3457 et
1529 3416 1929 3457 beneficio-vicarie
1968 3420 2114 3456 nostre
2153 3414 2376 3469 impedirei

190 3496 406 3543 presumat
449 3487 513 3527 vel
559 3487 596 3526 ei
637 3500 743 3526 ausu
782 3488 1009 3528 temerario
1055 3485 1308 3527 contrairek.
1378 3485 1502 3532 Quod
1534 3485 1604 3539 qui
1642 3486 1785 3526 facere
1819 3498 2085 3539 quocumque
2119 3483 2243 3524 modo
2276 3497 2374 3538 pre-

326 3598 384 3633 45.
421 3608 449 3640 Ἀ,
478 3602 619 3642 Sey-cilio
651 3602 675 3632 1.
819 3601 849 3642 Ι’)
877 3602 963 3634 (seeo-l
995 3602 1018 3632 l.
1161 3608 1189 3639 C)
1216 3601 1382 3632 constutis
1410 3600 1437 3632 1.
1582 3598 1614 3641 (¹)
1641 3600 1869 3632 consanwinei
1898 3599 1925 3631 1.
2053 3597 2086 3640 ⁰)
2111 3599 2320 3640 posessiones
2347 3597 2376 3630 1.

190 3657 200 3680 f
248 3659 490 3700 prenominatis
517 3659 545 3689 2.
664 3664 694 3690 ⁵29»
723 3657 886 3701 puisimus
918 3658 941 3689 l.
1063 3657 1094 3698 ¹¹)
1121 3658 1261 3689 cesserit
1288 3657 1315 3688 l.
1433 3656 1454 3696 i)
1483 3657 1672 3700 impendere
1700 3656 1728 3688 l.
1755 3656 1786 3687 2.
1906 3655 1937 3698 k)
1964 3655 2154 3689 contrahiro
2182 3655 2209 3688 l.

2405 1245 2437 1270 10

2405 1641 2437 1667 15

2406 1984 2438 2010 20

2407 2331 2438 2357 25

2409 2671 2442 2696 30

2411 3014 2442 3039 35

2410 3355 2443 3380 40

2497 3863 2530 3970 l
2554 3894 2558 3970 1
