2558 3970
203 206 279 243 5⁰1
703 198 907 233 ALFONSI
934 198 1070 233 REGIS
1097 198 1522 233 CONSTITUTIONES.
1572 197 1671 231 1267.
1719 196 1781 232 Nr.
1799 197 1877 232 397.

344 317 410 355 39.
448 315 550 354 ltem
585 313 696 368 quod
732 314 814 353 ista
847 314 1129 368 responsione
1152 327 1236 354 non
1260 316 1488 354 contentus
1511 312 1624 353 idem
1655 311 1937 367 predecessor
1959 326 2089 367 super
2113 312 2193 354 hoc
2215 313 2382 354 litteras

203 384 460 438 apostoliens
495 389 536 423 et
569 382 800 437 specialem
835 396 883 423 ac
916 382 1199 437 sollempnem
1231 381 1285 422 ad
1317 396 1413 422 eum
1446 381 1641 422 nuntium
1675 380 1920 434 destinavit,
1953 380 2156 422 videlicet
2179 394 2380 422 reveren-

202 453 299 492 dum
332 457 494 506 patrem
528 450 744 491 dominum
779 450 1109 504 G(ottifredu1n)
1143 449 1290 491 Sancti
1317 449 1493 504 Georgii
1525 449 1579 490 ad
1601 448 1758 490 Velum
1792 463 1969 491 aureum
2001 448 2223 490 diaconum
2246 448 2383 490 cardi-

204 521 356 562 nalem.
391 525 489 560 tune
525 520 794 574 capellanum
828 532 962 559 suum.

343 592 407 628 40.
448 588 556 628 Item
599 587 708 642 quod
751 587 865 628 idem
909 586 1192 642 predecessor
1225 585 1491 641 respondens
1524 586 1576 627 ad
1609 599 1681 637 ea,
1729 599 1811 641 que
1851 586 2070 641 proposita
2100 585 2274 627 fuerunt
2306 600 2384 641 per

201 658 416 697 dominum
451 656 731 697 Emanuelem
764 656 940 697 fratrem
973 655 1133 696 domini
1166 655 1279 710 regis
1312 659 1354 696 et
1385 655 1507 703 alios,
1541 655 1612 709 qui
1645 668 1742 696 cum
1775 668 1825 696 eo
1855 653 1909 695 ad
1932 653 2077 695 sedem
2101 654 2383 710 apostolicam

201 731 489 766 accesserunt.
525 725 635 765 dixit
658 739 701 766 sc
727 725 954 765 missurum
979 725 1020 764 in
1044 725 1279 765 continenti
1303 723 1356 764 ad
1379 723 1596 764 dominum
1620 737 1767 778 regem
1790 723 1984 764 nuntium
2009 722 2125 764 sedis
2148 724 2384 778 apostolice

202 795 455 849 specialem.
497 794 567 849 qui
601 794 739 835 eidem
774 808 828 835 ex
859 799 979 849 parte
1013 793 1127 835 sedis
1162 793 1356 835 eiusdem
1388 793 1439 834 ad
1474 794 1616 834 onmia
1649 797 1692 834 et
1724 793 1895 847 singula
1927 806 2003 848 per
2035 806 2131 834 eum
2165 793 2386 848 proposita

206 863 466 905 verbotenus
500 863 792 919 responderet.

347 936 411 974 41.
447 932 555 973 Item
589 932 698 987 quod
732 932 943 987 quondam
977 932 1173 973 dominus
1196 931 1394 973 Andreas
1426 931 1478 972 de
1507 930 1753 982 Ferentino,
1788 930 1946 971 domini
1969 943 2079 985 pape
2105 930 2384 985 cappellanus

204 1006 300 1055 post
332 1001 549 1041 dominum
584 1001 864 1042 Emannelem
898 1002 938 1042 in
961 1000 1197 1056 Yspaniam
1231 1014 1253 1041 e
1286 1000 1469 1054 vestigio
1503 1000 1694 1051 veniens,
1728 999 1989 1054 presentatis
2023 999 2176 1040 litteris
2209 1003 2382 1054 aposto-

202 1070 306 1111 licis.
340 1069 508 1110 domino
543 1070 631 1123 regi
665 1069 773 1110 dixit
797 1074 838 1111 et
862 1070 1006 1111 retulit
1028 1084 1081 1110 ea
1103 1083 1157 1110 ex
1183 1073 1304 1124 parte
1328 1069 1487 1109 domini
1511 1082 1646 1124 pape:
1682 1068 1794 1123 quod
1821 1069 2015 1125 placeret
2038 1068 2077 1109 ei
2099 1067 2384 1124 supersedere

201 1144 241 1179 et
265 1144 511 1193 expectare.
545 1139 643 1193 quia
663 1139 912 1179 intentionis
937 1137 1097 1178 domini
1128 1151 1238 1192 pape
1263 1142 1304 1177 et
1326 1137 1506 1178 fratrum
1533 1141 1625 1178 crat
1648 1151 1777 1192 super
1799 1138 1975 1192 negotio
1999 1137 2081 1178 isto
2104 1137 2158 1178 ad
2180 1137 2386 1178 honorem

200 1222 319 1248 suum
355 1208 583 1248 salubriter
615 1207 855 1262 providere.
889 1212 932 1248 et
964 1206 1076 1261 quod
1109 1220 1183 1261 pro
1208 1206 1423 1247 constanti
1456 1210 1627 1247 teneret
1660 1209 1703 1247 et
1726 1211 1869 1247 certus
1894 1210 2025 1256 esset,
2058 1205 2169 1260 quod
2193 1205 2387 1247 dominus

200 1291 309 1331 papa
344 1291 572 1331 numquam
606 1276 786 1317 dederat
819 1290 897 1317 nec
929 1276 1030 1317 dare
1063 1275 1317 1317 intendebat
1349 1275 1518 1316 domino
1552 1275 1695 1316 comiti
1730 1273 1989 1330 R(ichardo)
2022 1275 2064 1315 in
2096 1275 2270 1329 negotio
2303 1275 2384 1316 isto

204 1347 390 1386 favorem
424 1347 465 1385 in
499 1345 780 1400 preiudicium
813 1346 881 1386 vel
914 1345 1121 1386 lesionem
1154 1345 1314 1385 iustitie
1349 1344 1417 1385 vel
1450 1344 1621 1385 honoris
1654 1344 1814 1384 domini
1848 1345 1961 1399 regis
1994 1344 2036 1384 in
2068 1343 2225 1399 aliquo.

345 1415 409 1454 42.
443 1414 551 1455 Item
586 1414 696 1469 quod
730 1414 842 1454 idem
874 1413 1157 1468 predecessor
1190 1413 1419 1468 requisitus
1453 1427 1478 1453 a
1510 1412 1704 1468 predicto
1738 1412 1907 1454 domino
1939 1412 2219 1467 E(manuele)
2253 1413 2385 1454 fratre

201 1483 359 1524 domini
393 1484 504 1538 regis
540 1488 581 1523 et
613 1484 728 1531 aliis,
770 1483 841 1538 qui
876 1496 971 1523 cum
1004 1496 1054 1524 eo
1087 1482 1140 1523 ad
1173 1482 1320 1523 sedem
1353 1481 1633 1537 apostolicam
1668 1485 1897 1533 venerant,
1941 1482 1975 1522 si
2007 1495 2084 1537 per
2114 1482 2284 1522 nuntios
2316 1481 2385 1523 vel

201 1553 365 1593 litteras
399 1553 440 1592 in
473 1552 715 1593 Theotonia
748 1552 879 1592 ullum
904 1551 1014 1592 dicto
1040 1551 1183 1592 comiti
1214 1551 1495 1592 mandaverat
1518 1550 1606 1591 dari
1632 1551 1836 1602 favorem,
1871 1550 2109 1606 respondit:
2144 1550 2287 1592 ‘Absit
2308 1550 2383 1603 fili,

200 1622 297 1675 quia
330 1635 561 1676 numquam
594 1621 787 1662 dedimus
820 1634 899 1661 nec
930 1619 1224 1660 mandavimus
1258 1620 1350 1660 dari
1382 1634 1461 1660 nec
1494 1619 1596 1660 dare
1629 1619 1891 1661 intendimus
1924 1634 2004 1661 nec
2034 1619 2192 1674 aliquid
2225 1619 2382 1672 facere,

201 1704 276 1744 per
309 1690 421 1744 quod
453 1690 665 1730 karissimi
706 1689 782 1730 filii
813 1690 947 1730 nostri
979 1689 1120 1730 fratris
1154 1689 1213 1729 tui
1246 1689 1361 1743 regis
1406 1689 1585 1729 illustris
1618 1689 1770 1730 honori
1802 1689 1844 1729 in
1877 1689 2019 1744 aliquo
2052 1687 2310 1744 derogetur'3
2345 1693 2388 1731 et

201 1759 310 1813 quod
344 1759 517 1799 fratrem
543 1758 813 1800 Gualterium
837 1758 1067 1813 Anglicum
1100 1758 1155 1799 ad
1186 1758 1266 1799 hoc
1288 1772 1371 1799 non
1393 1758 1586 1805 miserat;
1621 1763 1663 1799 et
1687 1758 1721 1799 si
1743 1758 1854 1799 forte
1878 1758 1970 1813 ipse
1994 1757 2213 1799 dominum
2240 1772 2388 1813 regem

202 1828 390 1868 Castelle
426 1842 553 1882 super
584 1828 758 1882 negotio
798 1828 965 1883 imperii
998 1828 1041 1867 in
1081 1827 1223 1882 aliquo
1258 1827 1300 1867 in
1333 1827 1562 1868 Alamania
1595 1827 1868 1879 offendisset,
1903 1827 1963 1868 ita
1994 1827 2182 1881 graviter
2213 1827 2388 1882 puniret

201 1910 310 1936 cum.
343 1896 453 1951 quod
484 1910 594 1951 pena
627 1897 717 1937 eius
751 1901 867 1937 esset
900 1896 996 1936 aliis
1028 1895 1081 1936 ad
1114 1900 1335 1937 terrorem.

345 1967 411 2006 43.
446 1965 554 2006 Item
589 1965 700 2020 quod
733 1966 773 2005 in
807 1964 1003 2005 omnibus
1036 1965 1194 2005 nuntiis
1229 1969 1271 2005 et
1309 1965 1681 2019 procuratoribus,
1724 1965 1795 2020 qui
1828 1979 1956 2020 super
1986 1965 2070 2006 isto
2104 1965 2277 2020 negotio
2309 1979 2384 2021 pro

203 2040 322 2089 parte
367 2035 521 2075 domini
565 2035 679 2089 regis
723 2034 776 2075 ad
817 2034 976 2075 curiam
1016 2038 1309 2085 accesserunt,
1354 2047 1524 2089 semper
1564 2034 1616 2075 de
1657 2047 1742 2075 non
1783 2033 1924 2075 dando
1962 2034 2154 2075 favorem
2193 2034 2385 2089 predicto

202 2104 342 2143 comiti
375 2103 628 2158 Rffichardo)
661 2108 861 2158 patenter
893 2108 936 2144 et
970 2117 1178 2158 expresse
1210 2102 1495 2158 predecessor
1527 2103 1641 2144 idem
1674 2103 1909 2159 respondit.

344 2176 409 2213 44.
450 2172 556 2212 Item
599 2172 711 2227 quod
752 2178 818 2213 est
864 2172 915 2213 de
955 2172 1193 2227 approbata
1233 2172 1541 2213 consuetudine
1581 2173 1734 2213 iurium
1769 2176 1811 2213 et
1847 2172 2169 2227 privilegiorum
2203 2171 2384 2214 Germa-

202 2255 371 2281 norum.
407 2240 514 2294 quod
550 2241 689 2281 nullus
723 2242 763 2281 in
795 2242 1097 2295 imperatorem
1132 2241 1268 2295 possit
1299 2241 1368 2282 vel
1401 2240 1556 2282 debeat
1589 2242 1690 2296 eligi
1712 2241 1781 2282 vel
1814 2242 2071 2296 promoveri,
2107 2241 2178 2296 qui
2206 2241 2385 2282 alterius

202 2310 378 2364 imperio
412 2323 487 2350 seu
520 2309 704 2350 dominio
739 2311 793 2351 sit
827 2309 1046 2351 subiectus
1080 2323 1156 2350 seu
1188 2310 1365 2351 alterius
1399 2310 1454 2350 sit
1487 2310 1716 2352 vassallus,

346 2382 410 2419 45.
445 2378 555 2419 Item
588 2379 700 2433 quod
733 2378 783 2419 de
816 2379 897 2419 hiis
932 2379 1127 2419 omnibus
1160 2383 1226 2419 est
1258 2378 1433 2434 publica
1465 2379 1580 2420 fama
1613 2382 1656 2420 et
1690 2382 1788 2420 sunt
1820 2379 1995 2434 publica
2027 2379 2208 2423 notoria.

345 2450 410 2487 4⁴5.
445 2447 644 2488 Predicta
676 2448 744 2488 vel
777 2462 859 2502 que
893 2448 1109 2489 sufficiant
1140 2448 1192 2488 de
1225 2447 1431 2502 predictis
1466 2451 1508 2488 et
1541 2448 1637 2498 alia,
1673 2461 1755 2502 que
1788 2447 1954 2488 faciunt
1978 2451 2020 2489 et
2042 2448 2186 2489 facere
2209 2451 2389 2503 possent

202 2515 253 2555 ad
287 2516 566 2556 intentionem
601 2522 642 2557 et
674 2516 970 2558 defensionem
1004 2516 1183 2571 predicti
1208 2516 1366 2557 domini
1391 2517 1504 2570 regis
1541 2520 1583 2557 et
1611 2516 1713 2557 iuris
1738 2516 1944 2569 eiusdem,
1978 2520 2181 2571 poterunt
2202 2516 2387 2571 probari,

204 2586 235 2624 si
274 2598 378 2639 epus
412 2590 490 2625 est.
524 2586 564 2625 in
589 2586 829 2638 Alamania,
862 2585 1020 2636 Ytalia,
1043 2584 1247 2640 Yspania,
1282 2586 1325 2625 in
1357 2599 1490 2640 regno
1517 2585 1696 2626 Francie
1731 2589 1772 2626 et
1805 2585 1846 2625 in
1879 2585 1996 2626 curia
2017 2585 2226 2627 Romana.
2279 2585 2385 2626 Pro—

202 2659 386 2694 testatur
423 2659 567 2695 tamen
611 2658 652 2695 et
695 2654 796 2695 dicit
833 2654 947 2695 idem
986 2658 1249 2708 procurator,
1292 2653 1405 2708 quod
1444 2668 1529 2695 non
1573 2654 1773 2708 astringit
1818 2668 1862 2695 sc
1909 2654 1962 2694 ad
1999 2654 2111 2694 viam
2155 2654 2386 2710 specialem

203 2723 488 2777 [woh-ationis.
530 2729 595 2764 set
627 2723 819 2778 predicta
851 2723 991 2763 onmia
1024 2727 1226 2778 poterunt
1258 2723 1427 2778 probari
1461 2738 1538 2778 per
1570 2723 1885 2764 confessionem
1919 2724 2052 2778 partis
2086 2723 2287 2776 adverse,
2319 2723 2384 2763 in—

204 2798 454 2833 strumenta.
488 2792 653 2833 litteras
686 2796 728 2833 et
759 2796 892 2833 testes
926 2806 975 2833 ac
998 2792 1156 2833 iudicia
1178 2797 1333 2843 cetera,
1366 2806 1448 2847 que
1473 2807 1497 2833 a
1520 2793 1611 2833 iure
1635 2806 1720 2833 non
1743 2796 2000 2847 respuentur
2021 2792 2131 2832 infra
2153 2791 2382 2833 dilationes

205 2861 499 2915 magnitudini.
532 2861 747 2913 gravitati,
781 2861 976 2915 qualitati
1010 2865 1052 2901 et
1085 2861 1313 2915 quantitati
1347 2862 1453 2901 tanti
1487 2865 1529 2902 et
1561 2861 1659 2901 talis
1693 2861 1854 2915 negotii
1888 2865 2190 2915 congruentes.

346 2932 412 2971 47.
446 2929 500 2969 Et
532 2934 792 2983 protestatur
825 2929 935 2969 idem
970 2934 1218 2984 procurator
1249 2933 1291 2970 et
1323 2929 1443 2981 dicit,
1486 2929 1600 2984 quod
1631 2930 1761 2970 liceat
1792 2929 1931 2970 adhuc
1963 2930 2133 2970 domino
2166 2930 2278 2984 regi,
2312 2930 2384 2985 qui

205 2998 368 3051 plenius
403 2998 520 3038 novit
553 2999 712 3038 factum
746 2998 857 3038 istud
888 3002 930 3038 et
963 3012 1208 3053 processum
1243 2998 1440 3039 eiusdem
1473 3013 1522 3039 ac
1555 2999 1699 3039 omnia
1735 3002 1777 3039 et
1810 2998 1977 3052 singula
2009 3011 2090 3053 quc
2123 2999 2165 3038 in
2198 3012 2248 3039 eo
2282 3002 2381 3040 acta

205 3075 244 3105 et
277 3074 399 3119 gesta
432 3076 548 3117 sunt,
582 3067 687 3107 alios
719 3066 820 3107 dare
853 3067 1054 3107 articulos
1089 3072 1132 3108 et
1164 3067 1346 3122 probare
1378 3068 1431 3108 ad
1464 3069 1747 3109 intentionem
1782 3072 1825 3108 et
1857 3067 2154 3108 defensionem
2187 3080 2309 3108 suam
2342 3071 2386 3108 et

206 3135 269 3173 sui
303 3135 404 3174 iuris
439 3140 480 3174 ct
512 3135 699 3177 iusticie,
738 3136 962 3188 presertim
996 3150 1090 3175 cum
1130 3135 1241 3176 idem
1274 3135 1473 3176 dominus
1506 3150 1583 3176 rex
1616 3135 1738 3176 iuxta
1770 3136 1951 3176 formam
1984 3135 2196 3176 citationis
2229 3135 2385 3190 prede-

206 3204 385 3243 cessoris
419 3204 548 3244 vestri
583 3208 624 3244 et
658 3208 797 3244 vestre
831 3217 927 3244 eum
960 3218 1043 3244 non
1076 3205 1261 3258 potuerit
1293 3204 1346 3245 ad
1379 3204 1552 3259 plenum
1583 3205 1804 3245 instruere
1837 3204 1879 3244 in
1913 3203 2129 3259 predictis.

2423 939 2456 963 10

2426 1287 2456 1312 15

2421 1631 2455 1656 20

2422 1980 2455 2004 25

2425 2321 2458 2346 30

2423 2669 2456 2694 35

2420 3013 2454 3038 40
