2558 3970
68 919 99 944 10

66 1261 98 1287 1⁵

67 2112 100 2138 20

69 2561 100 2588 25

71 2911 105 2937 30

73 3257 106 3284 35

652 169 861 204 OTTONIS
890 170 947 204 lv.
974 171 1404 206 CONSTITU'I‘IONES.
1458 175 1555 208 121⁴».
1607 174 1667 208 ΝΥ.
1685 175 1738 209 37.
1765 178 1817 208 3⁸.
2275 185 2325 222 47

134 284 240 325 alias
283 285 447 338 galeas.
489 298 571 340 que
613 290 712 325 sunt
750 285 790 325 in
831 285 980 326 eadem
1015 286 1188 326 civitate
1223 286 1393 327 Pisana.
1439 289 1495 327 ita
1534 294 1676 329 tamt-n
1711 290 1821 343 quod
1857 292 2053 332 «iminium
2099 295 2328 347 inqu-ratur

133 353 222 394 suis
256 353 460 408 expensis
499 358 542 394 et
580 353 819 408 sumptibus
860 353 1018 394 debeat
1058 368 1132 394 eas
1172 356 1374 407 guar-nire
1467 356 1564 411 ipsa
1599 372 1768 412 quoque
1810 365 2003 413 potestas
2048 376 2120 415 pro
2157 363 2327 402 civium·

134 426 334 463 teneatur
366 421 467 462 dare
500 421 590 462 IIII
621 422 759 462 scelos
794 422 860 462 vel
893 422 1096 477 quinque.
1139 423 1173 462 si
1209 428 1306 462 sunt
1340 424 1379 463 in
1413 425 1602 468 civitate.
1644 426 1681 465 in
1717 427 1923 482 obsequio
1956 429 2133 483 predicti
2168 430 2324 470 donnini

135 490 418 546 imperatoris,
459 490 701 545 sumptibus
741 493 886 530 tamen
929 495 972 531 et
1011 491 1215 545 expensis
1255 490 1353 531 dicti
1390 493 1671 547 imperatoris.
1739 495 1941 536 Protei-«221
1976 498 2087 538 bona
2120 498 2201 538 tid«-
2237 500 2326 553 ipsa

137 563 330 615 potestas
370 559 530 600 Pisana
578 558 697 599 dabit
743 572 934 613 operam,
982 558 1092 613 quod
1135 559 1207 601 illi.
1257 560 1325 613 qui
1368 559 1525 600 habent
1565 576 1714 602 navem
1759 564 1796 603 in
1839 566 2025 606 vix-irato.
2077 567 2215 607 locent
2251 568 2326 622 ipsi

136 627 307 669 domino
341 628 588 682 imperatori
622 642 694 668 eas
728 629 769 668 in
802 628 997 683 predicto
1032 628 1206 667 servitio
1241 629 1490 682 conpetenti
1526 631 1736 671 invi-vodo.

283 698 346 736 15.
379 695 435 736 Et
468 696 546 738 hcc
575 697 717 737 onmia
740 696 1057 752 suprascriptas
1078 696 1326 736 iuraverunt
1350 697 1530 752 prodirti
1555 699 1771 741 missatici.
1807 702 1938 741 nuntii
1964 709 2003 741 (εἴ
2030 704 2156 751 logan
2179 704 2326 743 :idn-n-

133 763 235 806 dere
259 765 338 806 sub
362 764 442 805 hac
466 764 620 806 forma:
656 764 856 806 videlicet
879 764 1102 806 Bandinus
1126 764 1365 819 Burgundii
1391 766 1559 809 iuravit.
1584 768 1695 821 quod
1723 776 1911 822 pon-stas
1935 770 2125 824 prodirm
2149 771 2199 810 ds·
2232 787 2327 811 mn-

136 832 233 874 silio
267 838 310 874 et
342 833 551 889 parabola
583 834 922 875 consiliariorum
957 833 1151 874 ciusdem
1177 834 1362 874 civitatis
1388 833 1506 874 dedit
1529 836 1776 876 mandatum
1803 837 1879 877 sibi
1907 845 1949 877 vt
1974 839 2068 879 aliis
2094 841 2330 891 ‹·‹›nl‹·;‚ratis

134 901 236 953 suis,
274 915 353 942 nec
393 905 546 956 postea
586 902 817 953 revocavit,
857 901 970 956 quod
1010 902 1088 942 hcc
1129 902 1273 942 omnia
1313 901 1506 957 predicta
1551 904 1741 944 iurarent
1783 905 1861 959 ipsi
1905 907 2031 958 legati
2075 907 2113 947 in
2148 909 2328 948 animum

132 969 266 1026 ipsius
298 970 542 1025 potestatis,
583 970 696 1025 quod
728 970 824 1026 ipsa
857 975 1047 1026 potestas
1081 970 1330 1011 observabit
1370 985 1448 1025 por
1479 986 1524 1012 se
1559 976 1601 1011 et
1633 972 1851 1014 observari
1887 975 2017 1014 facim.
2051 976 2159 1015 bonu
2193 976 2274 1015 fich·
2308 992 2328 1016 a

136 1038 300 1080 civibus
332 1037 514 1087 Pisanis,
548 1042 591 1079 et
623 1038 736 1093 quod
769 1040 862 1094 ipse
887 1038 1111 1080 Bandinus
1145 1039 1265 1080 dabit
1298 1053 1474 1094 operam
1509 1045 1551 1080 et
1584 1041 1808 1082 consilium
1845 1043 1954 1083 bona
1987 1043 2083 1084 fide.
2119 1045 2227 1099 quod
2255 1046 2330 1086 hm·

134 1108 277 1149 omnia
309 1107 606 1148 observentur.
669 1107 790 1148 Idem
825 1112 1141 1150 sacramentum
1177 1109 1463 1163 prestiterunt
1497 1110 1779 1164 corporaliter
1805 1111 2077 1152 Bonacursus
2109 1120 2149 1153 et
2177 1113 2332 1153 nunus

134 1176 336 1233 predicti;
371 1181 553 1232 excepto
586 1176 698 1231 quod
731 1176 948 1228 dixerunt⁷
983 1192 1028 1218 se
1062 1176 1255 1224 credere,
1290 1176 1402 1232 quod
1437 1183 1629 1233 potestas
1663 1178 1832 1220 dederit
1863 1181 1923 1220 eis
1956 1181 2201 1221 mandatum
2238 1197 2329 1236 prv-

135 1245 296 1287 dictum
332 1245 386 1287 de
428 1245 648 1287 voluntate
691 1245 1033 1287 consiliariorum
1066 1246 1225 1287 Pisano
1266 1246 1464 1287 civitatis.
1529 1247 1684 1288 Actum
1729 1247 1879 1289 eodem
1913 1251 2227 1304 suprascriptoc
2261 1250 2328 1290 div

137 1319 180 1356 et
210 1315 305 1355 loco
339 1318 382 1355 et
414 1328 558 1356 coram
591 1315 790 1356 omnibus
825 1316 1127 1371 suprascriptis
1142 1317 1172 1358 '‘.

702 1724 798 1793 38.
857 1719 1778 1793 OON'FOEDERATIO

286 1836 523 1908 CUM
577 1834 1252 1908 EBERHARDO
1307 1836 2186 1910 ARCHIEPISCOPO

813 1951 1668 2024 SALZBURGENSL

1068 2090 1210 2137 10210.
1248 2090 1336 2136 Iul.
1367 2090 1410 2136 3.

279 2235 350 2276 Ex
383 2236 640 2288 aufflqrapho
671 2248 798 2288 usquc
830 2235 886 2276 ad
915 2249 953 2277 α.
980 2236 1091 2276 1830
1124 2235 1169 2275 in
1201 2234 1412 2276 tabulario
1441 2234 1729 2275 serenissimam
1755 2234 1952 2288 simillae
1983 2234 2173 2284 uallatum
2204 2246 2336 2272 asscr-

137 2305 231 2345 vato
260 2304 308 2344 in
342 2303 587 2358 Oriyinibus
621 2305 821 2358 Guelficis
851 2303 940 2354 III,
965 2304 1047 2344 799
1079 2315 1273 2355 expressa
1307 2305 1380 2345 cst.
1415 2326 1467 2332 —
1504 2302 1693 2352 Bc'ilemcr,
1727 2302 1826 2355 Iicy.
1859 2303 1956 2353 imp.
1991 2301 2034 2352 V,
2056 2304 2152 2344 427.

1920 2370 1990 2422 (Ρ.
2013 2372 2132 2420 218.)

281 2477 333 2520 Ε.
367 2477 452 2519 Dei
485 2478 627 2532 gratia
660 2476 992 2532 Salzpurgensis
1026 2475 1208 2517 ecclesie
1243 2474 1607 2529 archiepiscopus.
1727 2473 1886 2515 Notum
1921 2475 2100 2514 facimus
2130 2473 2336 2514 universis

139 2553 384 2604 presentem
418 2548 618 2603 paginam
653 2546 926 2602 inspecturis,
959 2545 1073 2600 quod
1106 2559 1181 2585 nos
1215 2545 1330 2585 bona
1361 2543 1444 2585 fide
1479 2550 1522 2584 et
1554 2544 1731 2585 exclusa
1755 2544 1867 2584 omni
1891 2543 2040 2584 fraudo
2066 2542 2335 2598 promisimus

137 2621 180 2659 et
221 2620 492 2658 sacramento
530 2616 761 2657 iuramenti
801 2629 929 2671 super
969 2618 1119 2655 sancta
1161 2614 1391 2667 euangelia
1430 2614 1796 2654 confirmavimus.
1847 2613 1957 2667 quod
2000 2628 2075 2652 nos
2110 2612 2335 2652 occasione

136 2685 347 2728 discordie
390 2686 503 2727 inter
546 2685 767 2727 dominum
813 2699 968 2740 papam
1010 2688 1053 2725 et
1093 2683 1310 2724 dominum
1360 2687 1551 2723 nostrum
1591 2682 1640 2722 O.
1685 2682 2004 2722 serenissimum
2047 2681 2332 2721 Romanorum

135 2756 438 2811 imperatorem
482 2760 632 2796 exorte
672 2758 957 2796 memoratum
996 2752 1214 2794 dominum
1246 2756 1441 2793 nostrum
1480 2753 1783 2806 imperatorem
1818 2764 2033 2804 nunquam
2068 2749 2334 2790 deseremus:

137 2825 239 2882 quin
279 2839 358 2867 nos
398 2825 442 2866 in
482 2824 680 2866 omnibus
720 2823 817 2875 hiis,
866 2837 949 2878 que
990 2823 1196 2863 honorem
1238 2821 1406 2876 imperii
1449 2825 1491 2861 et
1534 2834 1610 2861 sue
1655 2834 1836 2875 persone
1871 2819 2119 2874 respiciunt.
2167 2832 2332 2872 promo-

139 2894 292 2936 vendis
330 2894 410 2936 sibi
448 2898 653 2949 tanquam
683 2893 895 2947 legittimo
929 2892 1103 2932 domino
1135 2895 1299 2942 nostro,
1342 2894 1384 2931 et
1423 2891 1464 2930 in
1505 2890 1634 2931 rebus
1668 2895 1710 2930 et
1743 2890 1783 2930 in
1827 2902 2023 2943 persona,
2070 2901 2143 2941 pro
2176 2887 2335 2927 viribus

139 2964 298 3005 nostris
330 2963 583 3005 assistemus
617 2966 660 3004 et
691 2965 937 3016 contempto
970 2959 1172 3001 mandato
1207 2958 1456 3014 apostolico,
1491 2958 1525 2998 si
1558 2957 1669 3012 quod
1702 2958 1811 2997 forte
1845 2957 2041 2997 dominus
2075 2969 2183 3010 papa
2217 2955 2337 2995 daret

139 3032 182 3073 in
215 3032 489 3083 contrarium,
523 3031 576 3073 ad
609 3029 978 3072 manutenendum
1010 3029 1219 3070 honorem
1254 3042 1376 3069 suum
1412 3033 1454 3068 et
1487 3027 1655 3082 imperii
1688 3027 1769 3081 ipsi
1802 3025 1975 3066 domino
2005 3030 2148 3065 nostro
2178 3024 2336 3063 auxilio

140 3101 388 3158 pariterque
421 3101 600 3142 consilio
633 3114 807 3155 semper
838 3098 1055 3140 aderimus
1089 3102 1132 3139 et
1163 3096 1275 3137 bona
1307 3096 1391 3138 fide
1425 3100 1515 3136 tum
1549 3101 1695 3136 contra
1727 3109 1882 3150 papam
1907 3100 1996 3134 tum
2019 3098 2165 3133 contra
2188 3106 2334 3146 quem-

141 3169 248 3212 libet
280 3170 411 3211 alium
443 3170 675 3220 hominem,
708 3168 827 3209 nulla
858 3166 1122 3222 impediente
1155 3165 1396 3214 occasione,
1440 3164 1493 3204 ad
1528 3163 1870 3205 conservandum
1904 3162 2105 3202 honorem
2139 3174 2261 3201 suum
2296 3165 2338 3199 et

141 3239 311 3294 imperii
343 3244 554 3294 perpetuo
586 3239 728 3293 ipsum
760 3251 837 3292 pro
873 3249 1003 3291 posse
1035 3239 1181 3276 nostro
1212 3234 1466 3275 iuvabimus
1530 3232 1600 3273 Ad
1633 3233 1752 3273 cuius
1794 3232 1855 3273 rei
1889 3236 2048 3271 certam
2081 3228 2336 3270 evidentiam

141 3311 389 3363 presentem
420 3307 623 3362 paginam
656 3305 870 3347 conscribi
900 3304 1105 3345 iussimus
1137 3306 1180 3343 et
1213 3303 1354 3357 sigillo
1389 3305 1534 3342 nostro
1567 3300 1822 3355 consignari.

289 3375 448 3416 Datum
483 3375 596 3430 apud
628 3375 796 3416 Nouum
834 3374 1003 3421 Forum,
1038 3372 1090 3413 V.
1123 3371 1232 3413 Non.
1265 3370 1375 3414 Iulii,
1410 3370 1642 3411 indictione
1675 3368 1800 3409 XIII.

279 3489 343 3524 37.
377 3489 408 3533 f)
433 3491 651 3534 infrascripta
675 3491 726 3523 ed.
