2558 3970
160 154 212 193 38
714 150 921 184 o'l'TOle·
951 150 1007 184 ΙΨ.
1035 150 1462 184 r'oNs'rl'rU'rmNEs.
1514 151 1611 185 1209.
1663 151 1724 185 Nr.
1743 153 1797 187 32.

523 409 614 475 352.
674 405 1132 476 PAOTUM
1185 407 1416 478 CUM
1468 407 1976 479 VENETIS.

1051 530 1193 578 1209.
1232 531 1358 590 Aug.
1393 531 1468 578 18.

299 661 559 712 Prosi’rimus
589 662 660 703 1ιο(ὶ
684 666 852 714 pactum
883 676 934 703 ea·
981 662 1021 717 1)
1054 663 1198 703 Libras
1229 666 1444 714 pactorum
1478 663 1545 704 lib.
1570 663 1605 712 I,
1638 662 1718 717 fol.
1745 659 1830 714 152·
1879 664 1923 719 2)
1956 665 2101 706 Libris
2125 668 2343 717 pactorum

154 732 218 771 lib.
243 732 302 773 ΙΙ.
329 730 408 784 fol.
432 734 498 780 ὅθ’,
538 745 556 771 o
593 732 741 783 quibus
777 732 1096 783 trans-<eriptam
1127 735 1186 773 cst
1222 733 1268 771 in
1305 731 1390 773 cod.
1416 732 1684 772 Trivisamun
1710 731 1788 786 fol.
1809 733 1920 782 294‚·
1952 732 1996 788 3)
2028 733 2153 774 Liber
2175 734 2347 776 blancus

147 800 225 852 fol.
249 796 322 838 4-0'
363 813 414 840 oz·
453 799 623 840 librarii
661 814 799 841 errore
837 800 932 853 (cfr.
964 813 1094 852 supra
1136 803 1227 841 tom.
1251 800 1289 850 1,
1321 814 1364 853 J).
1389 802 1491 849 520⁴)
1527 800 1776 841 solumnodo
1812 801 1953 853 capita-
1976 802 2030 841 18
2069 805 2105 842 et
2135 803 2346 855 sequentia

155 881 278 919 nsque
309 868 366 908 ad
391 869 514 918 finem
548 869 747 910 servabat.
809 868 1058 910 Dorivatum
1089 871 1147 909 cst
1177 883 1197 909 c
1229 867 1355 910 Paeto
1378 868 1574 910 Heinricz'
1604 868 1673 910 VI.
1706 870 1856 922 (supra
1880 872 1972 912 tom.
1996 870 2032 920 Ι,
2063 883 2128 911 nr.
2150 872 2267 920 378).
2294 896 2344 901 ——

152 935 344 986 Roluner,
379 936 477 989 Rcy.
514 938 608 988 imp.
642 937 685 987 Γ,
706 938 804 978 295.
1970 937 2039 991 (P.
2063 939 2203 992 deest.)

295 1062 382 1117 &Ol
413 1062 431 1115 Ξ
462 1063 511 1104 In
559 1063 727 1104 nomine
771 1067 916 1104 sancte
957 1066 998 1103 et
1046 1062 1265 1104 individue
1305 1061 1543 1103 Trinitatis.
1619 1061 1721 1103 Otto
1768 1067 1944 1118 quartus
1986 1064 2132 1106 divina
2171 1065 2343 1108 favente

153 1131 381 1172 clementia
412 1132 705 1173 Romanorum
749 1144 825 1171 rex
865 1135 907 1172 et
947 1146 1119 1187 semper
1157 1135 1380 1186 augustus.
1411 1134 1429 1187 }{

1503 1136 1685 1178 Quoniam
1717 1138 1891 1173 stabilem
1923 1139 2212 1176 christianorum
2243 1141 2342 1187 prin-

151 1206 273 1251 cipum
304 1206 506 1242 karitatem
529 1206 675 1251 operari
706 1206 866 1251 plurima
886 1205 986 1241 bona
1007 1207 1053 1241 ad
1074 1207 1278 1242 multorum
1299 1206 1532 1241 utilitatema
1563 1205 1756 1241 evidenter
1782 1207 1953 1243 novimus
1976 1210 2014 1243 et
2035 1209 2134 1244 viros
2156 1209 2345 1255 sapientes

151 1280 186 1310 et
219 1269 424 1310 discretosb
457 1278 619 1310 rectores
650 1287 850 1320 regnorum
882 1287 1031 1310 suorum
1062 1277 1172 1311 notos
1203 1275 1340 1310 habere
1369 1277 1407 1309 et
1429 1275 1567 1310 amicos
1597 1286 1743 1319 semper
1764 1275 1984 1320 curavimus,
2017 1271 2193 1313 Petrum
2226 1272 2349 1314 Ziani

151 1344 269 1378 virum
302 1345 492 1389 egregium
524 1347 561 1379 et
593 1344 838 1379 clarissimum
861 1344 1124 1379 Veneticorum
1156 1345 1297 1386 ducem,
1330 1355 1441 1388 quem
1461 1344 1543 1378 luce
1566 1343 1750 1388 sapientie
1784 1345 1822 1379 et
1852 1344 1970 1379 totius
2001 1345 2211 1382 honestatis
2241 1348 2346 1384 uber-

149 1416 227 1447 tate
259 1413 538 1458 predicabiliter
569 1414 709 1458 pollere
741 1413 983 1449 manifestum
1014 1416 1080 1456 est,
1121 1413 1258 1448 habere
1290 1404 1422 1447 not-um
1454 1415 1492 1447 et
1523 1412 1789 1447 amicissimum
1821 1413 1868 1447 ad
1899 1413 2009 1449 decus
2047 1414 2196 1460 imperii
2226 1417 2347 1452 nostri

149 1481 357 1517 stabilitate
399 1484 579 1527 perpetua
619 1482 861 1517 decrevimus.
927 1482 985 1516 Ad
1024 1482 1126 1517 cuius
1163 1482 1218 1517 rei
1250 1482 1479 1517 evidentiam
1509 1481 1750 1517 dilectionem
1780 1481 1897 1527 ipsius
1936 1484 2018 1517 toto
2057 1484 2176 1519 cordis
2207 1485 2344 1521 affectu

148 1551 427 1595 amplectentes,
467 1551 506 1585 in
537 1551 797 1586 confirmandis
828 1551 914 1594 illis,
955 1563 1026 1595 que
1065 1551 1112 1585 ab
1143 1550 1442 1586 antecessoribus
1480 1551 1619 1585 nostris
1651 1550 1726 1585 suis
1758 1551 2056 1586 antecessoribus
2089 1553 2227 1588 collata
2258 1557 2346 1590 sunt

148 1622 183 1653 et
217 1620 444 1661 confirmata,
477 1620 610 1655 libenti
643 1620 766 1655 animo
800 1620 987 1655 voluntati
1019 1622 1057 1655 et
1087 1620 1267 1665 peticioni
1297 1619 1425 1664 ipsius,
1459 1620 1556 1655 sicut
1585 1619 1774 1655 karissimi
1806 1614 1932 1655 amici
1962 1621 2093 1664 nostri,
2125 1633 2192 1667 per
2223 1623 2348 1658 omnia

148 1688 362 1723 satisfacere
395 1689 613 1724 studuimus.
675 1689 753 1724 Hac
784 1689 900 1734 igitur
930 1690 1077 1725 ratione
1101 1689 1251 1725 omnino
1274 1689 1372 1724 uniti
1398 1691 1566 1724 nostram
1589 1689 1783 1734 utriusque
1806 1689 2047 1724 dilectionem
2067 1691 2347 1728 rationabiliter

148 1757 424 1791 observavimus
465 1760 501 1792 et
534 1758 572 1792 in
603 1758 731 1792 multis
763 1758 983 1803 magnisque
1015 1759 1180 1804 negociis
1219 1758 1378 1803 publicis
1411 1770 1453 1793 ac
1493 1758 1651 1803 privatis
1685 1757 1763 1793 eius
1806 1758 1989 1793 sinceram
2025 1758 2266 1796 dilectionem
2304 1773 2348 1797 ac

146 1826 351 1870 preclaram
385 1827 609 1871 sapientiam
639 1827 796 1871 imperio
827 1829 956 1861 nostro
989 1830 1027 1862 et
1057 1827 1165 1862 nobis
1196 1827 1411 1872 nostrisque
1442 1828 1612 1862 fidelibus
1644 1827 1776 1862 utilem
1805 1827 1964 1862 existere
1995 1827 2246 1880 probavimus.
2297 1829 2346 1865 Et

148 1895 235 1938 quia
266 1895 381 1940 ipsius
413 1895 467 1930 rei
499 1896 685 1930 efficatiac
717 1898 755 1931 et
786 1889 1025 1940 sapientumd
1056 1896 1192 1932 iudicio
1231 1897 1379 1942 sapiens
1411 1899 1525 1941 atque
1557 1897 1739 1932 discretus
1761 1896 1932 1931 Venetici
1963 1897 2069 1942 regni
2100 1900 2223 1933 rector
2254 1899 2345 1934 exti-

146 1963 205 2005 tit,
249 1966 284 1998 et
327 1964 477 2010 egregia
515 1965 604 2000 fides
644 1967 682 1999 et
722 1977 813 2010 pure
853 1965 1065 2000 dilectionis
1114 1965 1305 2009 exibitioss,
1354 1978 1466 2011 quam
1506 1977 1652 2011 semper
1693 1977 1781 2011 erga
1822 1977 1889 2001 nos
1926 1966 2060 2001 habuit
2101 1968 2138 2002 et
2178 1969 2349 2003 nostrum

147 2032 354 2077 imperium,
395 2044 478 2067 eum
487 2026 500 2050 f

536 2033 575 2067 in
615 2033 786 2068 omnibus
823 2034 932 2069 nobis
974 2035 1307 2070 commendabilem
1349 2035 1503 2078 exibuit,
1547 2035 1681 2080 dignus
1721 2034 1799 2070 eius
1831 2037 1869 2069 et
1905 2035 2084 2070 honestus
2114 2035 2349 2072 interventus

149 2102 247 2146 apud
278 2104 445 2137 nostram
478 2097 670 2150 regalem
702 2102 940 2138 maiestatem
971 2104 1095 2138 locum
1126 2106 1259 2149 utpote
1281 2104 1392 2139 amici
1422 2103 1611 2138 karissimi
1641 2106 1679 2138 et
1703 2103 1771 2138 viri
1793 2103 2061 2148 sapientissimi
2085 2105 2350 2141 venerabiliter

148 2170 323 2214 optinuit.
384 2170 505 2215 Igitur
536 2165 709 2205 nuntios
744 2165 877 2220 ipsius
911 2165 1150 2221 Rugerium
1184 2167 1481 2208 Permarinum
1517 2171 1559 2208 et
1591 2166 1803 2207 Marinum
1839 2166 2129 2218 Dandulum1,
2164 2182 2270 2223 quos
2294 2169 2349 2210 ad

148 2239 336 2273 nostram
370 2233 604 2274 destinavit
636 2236 915 2289 presentiam,
957 2249 1006 2276 eo
1040 2249 1122 2290 quo
1158 2236 1303 2276 decuit
1341 2236 1502 2277 honore
1537 2235 1839 2289 suscipientes,
1874 2241 1920 2275 ob
1958 2241 2141 2277 sinceram
2172 2244 2211 2277 et
2242 2255 2349 2279 vene-

148 2307 303 2342 rabilem
335 2307 413 2343 eius
445 2309 685 2343 dilectionem
716 2309 894 2354 quicquid
930 2310 1009 2355 ipse
1047 2310 1121 2344 dux
1163 2312 1201 2345 et
1231 2310 1403 2345 Venetici
1440 2310 1596 2345 ducatus
1634 2309 1789 2357 ecclesie
1823 2311 1861 2344 et
1896 2310 2085 2355 populus&
2115 2322 2160 2346 ex
2191 2312 2347 2357 antiquo

148 2388 213 2420 per
244 2377 381 2412 multos
414 2389 530 2412 annos
562 2371 627 2412 inh

658 2378 807 2423 imperii
837 2378 957 2413 nostri
988 2381 1179 2423 potestate
1208 2379 1411 2414 secundum
1432 2379 1532 2423 quod
1553 2378 1592 2412 in
1613 2378 1801 2423 preceptis
1822 2380 2036 2414 nostrorum
2058 2381 2346 2424 antecessorum,

148 2445 415 2490 imperatorum
447 2448 483 2480 et
515 2457 655 2491 regum,
689 2446 904 2481 continetur
935 2449 973 2482 et
1003 2447 1042 2481 in
1073 2449 1184 2492 pacto
1208 2447 1368 2490 Ottonis,
1401 2440 1586 2482 Heinricii
1618 2439 1688 2481 ack
1710 2446 1880 2481 Lotharii
1903 2449 1941 2482 et
1961 2441 2188 2482 Fridericil*
2219 2448 2349 2484 inclite

148 2514 416 2549 recordationis
447 2515 717 2560 imperatorum
747 2515 896 2561 legitur,
928 2516 1026 2551 iuste
1058 2518 1097 2551 et
1128 2516 1337 2561 legaliterm
1368 2516 1493 2552 tenuit
1524 2518 1562 2550 et
1581 2515 1725 2558 habuit,
1759 2527 1826 2560 per
1846 2516 1943 2550 hanc
1964 2518 2133 2551 nostram
2154 2511 2347 2566 regalem

148 2583 325 2628 paginam
355 2595 576 2618 renovamus
609 2586 646 2618 et
678 2585 947 2627 confirmamus,
979 2584 1034 2619 ita
1066 2585 1227 2629 quidem,
1260 2587 1302 2619 ut
1332 2597 1418 2630 pars
1450 2584 1551 2629 parti
1580 2584 1698 2619 nichil
1727 2584 1934 2630 malignum
1964 2586 2030 2620 aut
2059 2585 2251 2629 iniustum,
2283 2586 2348 2621 sed

149 2662 294 2695 semper
337 2652 437 2695 quod
473 2654 616 2687 rectum
661 2654 727 2695 est,
772 2652 811 2686 in
851 2652 1021 2687 omnibus
1065 2653 1275 2688 actionibus
1315 2656 1353 2688 et
1391 2653 1500 2688 rebus
1540 2653 1662 2688 facere
1699 2655 1891 2698 presumat
1935 2655 1972 2688 et
2011 2653 2051 2696 si,
2094 2654 2194 2698 quod
2237 2654 2346 2698 absit,

150 2719 274 2763 aliqua
315 2720 459 2754 malitia
492 2721 551 2755 vel
590 2720 682 2756 lesio
714 2720 814 2755 inter
844 2723 970 2766 partes
1003 2721 1160 2756 comissa
1191 2722 1342 2764 sueritn,
1384 2734 1450 2767 per
1486 2721 1596 2756 huius
1628 2721 1763 2756 federis
1795 2722 1945 2757 decreta
1976 2723 2147 2767 tergatur
2173 2734 2216 2758 ac
2247 2723 2348 2758 facta

150 2788 406 2823 satisfactione
439 2800 459 2822 a
490 2788 622 2823 rebelli
654 2790 691 2823 et
722 2792 997 2834 transgressore
1028 2792 1135 2835 parte
1167 2791 1239 2824 ad⁰
1271 2792 1423 2835 pactum
1447 2790 1719 2825 observandum
1746 2791 1814 2825 hec
1835 2790 1948 2826 series
1969 2790 2105 2826 federis
2126 2802 2193 2836 per
2214 2794 2348 2827 cuncta

150 2856 419 2891 inviolabiliter
449 2868 631 2892 annorum
664 2858 846 2892 curricula
879 2870 1024 2904 semper
1053 2862 1215 2901 maneat,
1247 2861 1392 2894 remota
1423 2859 1698 2894 contraditione
1721 2860 1778 2894 vel
1811 2859 2096 2905 impugnatione
2119 2862 2197 2894 tam
2217 2863 2347 2896 nostra

151 2936 261 2967 quam
294 2925 458 2960 omnium
489 2938 742 2961 successorum
772 2928 996 2961 nostrorum.

292 2993 385 3035 Quia
423 2995 603 3029 iniustum
636 2995 793 3037 videtur,
832 2998 873 3030 ut
906 2995 1041 3040 aliquis
1074 2996 1129 3031 vel
1163 2996 1238 3030 suis
1270 2997 1329 3031 vel
1361 2996 1465 3040 equis
1503 2996 1760 3032 sanctionibus
1794 3007 2011 3042 oppugnare
2042 2996 2197 3040 nitatur,
2237 2999 2276 3033 et
2305 2999 2348 3032 ut

151 3062 309 3096 maxime
341 3065 520 3097 notent-ur
551 3064 764 3108 specialiter
796 3064 910 3098 vicini
941 3064 1072 3109 populi
1103 3067 1181 3100 tam
1213 3077 1257 3100 ex
1288 3067 1417 3100 nostro
1450 3077 1565 3110 regno
1597 3077 1710 3110 quam
1742 3077 1786 3100 ex
1818 3065 1986 3110 predicto
2018 3066 2156 3101 ducatu
2175 3066 2344 3110 Venetie,

151 3142 170 3163 a
203 3130 335 3173 quibus
369 3132 579 3167 omnimodo
589 3134 606 3156 Ρ
637 3133 733 3167 hanc
753 3133 939 3177 pactionis
962 3134 1241 3170 institutionem
1264 3134 1533 3169 observandam
1557 3146 1636 3169 esse
1664 3134 1895 3170 decernimus
1905 3136 1933 3177 q,
1965 3134 2018 3168 hii
2041 3136 2128 3169 sunt
2149 3146 2193 3170 ex
2216 3137 2345 3170 nostro

152 3198 292 3233 scilicet
325 3199 419 3234 iure:
450 3200 661 3245 Papienses,
694 3201 1002 3246 Mediolanenses,
1036 3203 1312 3246 Cremonenses,
1346 3204 1538 3246 Lucenses,
1561 3203 1697 3246 Pisani,
1720 3204 1932 3246 Ianuenses,
1954 3203 2173 3247 Placentini,
2197 3204 2343 3240 Floren-

289 3317 349 3352 3'2.
383 3320 413 3360 ³)
440 3321 585 3352 utilitate
613 3321 639 3353 1.
785 3322 815 3363 b)
848 3335 910 3355 om.
939 3323 968 3356 1.
995 3322 1027 3364 2,
1063 3325 1174 3365 suppl.
1206 3335 1222 3356 e
1248 3323 1352 3356 Paeto
1378 3323 1535 3356 Ileinriei
1560 3324 1614 3356 VI.
1647 3329 1677 3356 et
1701 3324 1805 3356 Paeto
1831 3323 2004 3356 Friderici
2029 3323 2083 3355 II.
2214 3322 2244 3365 ⁰)
2270 3324 2340 3356 effi-

151 3377 262 3408 cantia
289 3376 317 3408 1.
450 3374 480 3416 d)
508 3378 674 3419 sapienter
701 3377 728 3410 l.
754 3377 784 3410 2.
919 3379 947 3422 e)
974 3380 1100 3412 exibito
1128 3379 1155 3411 1.
1288 3378 1319 3421 f)
1347 3381 1419 3412 eius
1446 3380 1474 3412 1.
1599 3381 1632 3421 8)
1657 3381 1788 3413 Venff.
1815 3380 1896 3412 add.
1915 3380 1945 3412 2.
2064 3378 2096 3421 ¹¹)
2122 3385 2154 3413 et
2182 3380 2219 3420 1;
2245 3391 2287 3413 ex
2311 3379 2341 3413 2.

151 3431 173 3471 i)
200 3432 348 3473 octonis,
374 3434 513 3465 Hem-ici
540 3433 566 3466 1.
684 3433 719 3475 k)
745 3441 778 3468 et
803 3435 833 3468 2.
949 3436 974 3479 1)
1000 3448 1041 3470 ac
1065 3438 1233 3470 Frederici
1257 3436 1288 3470 2.
1407 3438 1448 3478 ¹¹¹)
1474 3438 1644 3479 legalitate
1673 3438 1700 3469 1.
1726 3441 1732 3447 ’
1810 3437 1842 3479 ¹¹)
1869 3442 1902 3470 et
1927 3437 2009 3469 add.
2029 3436 2056 3468 1.
2153 3438 2185 3478 ⁰)
2209 3442 2341 3480 partem

152 3487 233 3519 add.
259 3487 290 3520 Ξ.
407 3488 441 3530 Ρ)
467 3490 633 3522 omimodo
661 3490 687 3522 1.
808 3491 839 3534 (1)
865 3494 935 3526 dec.
963 3504 1035 3525 esse
1061 3494 1192 3526 observ.
1217 3492 1247 3526 2.

294 3591 306 3622 1
315 3603 325 3631 )
356 3589 429 3630 Cfr.
448 3590 612 3624 Andreae
631 3591 799 3625 Dcmclu'li
821 3592 1018 3627 Chronicon
1039 3594 1137 3637 apud
1158 3594 1402 3628 Muratorinm
1420 3594 1630 3637 ‘scriptores’
1651 3593 1750 3635 XII,
1777 3604 1810 3636 p.
1827 3597 1902 3636 336,
1929 3593 1989 3626 ubi
2008 3593 2179 3637 Royerins
2198 3594 2342 3628 Prema-

152 3646 253 3680 rinus
278 3647 486 3689 appellatur.

2383 1217 2415 1242 10

2384 1560 2414 1584 15

2383 1902 2416 1928 20

2384 2594 2417 2620 30

2382 2938 2414 2962 35

2377 3330 2410 3355 40

2376 3659 2410 3684 45
