2558 3970
0 0 32 242 ouva-ou

113 941 144 966 10

111 1291 142 1316 15

110 2032 142 2058 25

317 190 592 227 CLEMENTIS
618 191 678 227 1V.
707 191 853 227 EPIST.
880 193 940 226 ns
968 193 1101 228 Nova
1131 195 1268 230 lisois
1296 197 1565 234 ΕΜιυίἰυΝκ
1596 200 1916 235 νιωιιιυιςΝιι-κ.
1960 204 2056 237 mes.
2092 203 2245 238 N1·.40s.
2297 208 2379 245 539

180 307 430 348 intentionis
473 307 658 348 ecclesie
705 307 841 362 ipsius
883 313 956 348 aut
999 315 1144 350 nostre
1178 325 1379 367 umquam
1413 315 1555 355 extitit
1591 316 1683 356 vel·¹
1717 317 1876 358 existit.
1914 318 1978 358 ius
2013 318 2223 369 eligendi,
2268 319 2376 373 quod

179 375 255 417 tibi
288 379 332 417 et
363 374 528 417 eisdem
560 375 826 431 principibus
860 381 1107 431 competere
1141 392 1224 419 non
1267 395 1496 435 negamus,
1531 384 1833 438 quoquomodo
1868 386 2059 427 minuere
2093 392 2166 427 aut
2200 387 2275 427 tibi
2311 387 2378 427 vel

182 445 286 501 ipsis
327 445 456 487 circa
478 444 583 486 illud
615 448 690 486 aut
721 445 813 486 eius
853 445 1099 487 libertatem
1134 448 1173 488 in
1208 449 1350 505 aliquo
1384 451 1616 505 derogare:
1659 453 1759 507 quin
1792 454 1933 507 potius
1968 455 2007 494 iu
2043 455 2149 494 votis
2191 456 2380 508 gerimus

182 517 225 554 et
256 512 374 554 cordi
406 513 554 555 nobis*
585 517 654 555 est
685 513 928 566 admodum,
964 515 1022 555 sie
1055 515 1158 556 iliud
1193 517 1316 558 vobis
1350 534 1607 561 conservare
1643 521 1855 573 integrum
1891 524 2082 576 penitus‘·
2116 529 2156 564 et
2193 524 2378 568 illesum.

181 582 295 638 quod
328 583 420 624 sive
452 583 703 626 alterutram
742 583 1035 638 predictarum
1069 585 1327 627 electionum
1362 589 1602 630 confirmari
1637 589 1727 630 sive
1761 596 1986 646 utramque
2021 593 2180 633 cassari
2217 593 2376 633 iustitia

180 655 362 705 cogente
402 652 640 706 contingat,
683 651 796 693 idem
841 653 908 694 ius
949 653 1150 709 perind02
1182 657 1357 697 omnino
1400 658 1686 699 inminutum¹¹
1721 659 1917 701 habeatis
1952 668 1993 702 vt
2029 662 2229 705 liberum.
2271 663 2381 702 sicut

178 720 257 762 tibi
291 724 334 762 et
365 720 481 762 illisv
513 721 757 776 vestrisque
798 720 1180 777 predecessoribus
1213 727 1476 780 competisse
1509 727 1746 768 dinoscitur
1779 728 1832 768 ab
1865 729 2054 783 antiquo,
2175 732 2240 783 (ti)
2279 731 2377 771 l’w-

178 789 309 830 missa
340 803 511 845 quoque
545 790 579 831 si
613 791 874 832 excellentie
908 795 981 832 tue
1014 791 1243 846 prudentia
1275 793 1423 834 debito
1448 794 1725 835 discussisset
1757 796 1971 842 examine,
2007 803 2078 837 tua
2104 800 2231 839 etium
2255 799 2377 839 ‹lubi-

178 859 298 910 tatio,
333 872 415 914 que
448 863 629 901 tamenw
662 859 803 901 filialis
837 859 1080 902 devotionis
1105 862 1229 916 signa
1253 863 1518 917 pretendens
1542 863 1594 905 ad
1626 870 1866 918 paternum,
1903 865 2010 905 sieut
2034 866 2191 909 deruit.
2226 868 2380 908 ‹lovon-

184 928 446 970 recurrendo
481 928 721 980 consilium,
754 929 795 970 in
830 943 880 970 eo
913 929 1166 984 potissimex
1199 936 1323 985 grata
1356 933 1577 987 pervenit,
1611 932 1723 987 quod
1757 933 1996 987 gaudemus
2031 942 2071 975 ct
2108 936 2302 976 volumus
2339 942 2378 976 t«-

177 998 219 1038 in
269 998 352 1039 tuis
397 997 684 1053 beneplacitis
725 997 778 1038 ad
828 1012 904 1039 nos
945 1013 1040 1040 cum
1082 1000 1198 1040 omni
1241 1001 1476 1042 securitate
1529 1015 1771 1046 recurrere,
1814 1002 2085 1056 quievissetf.
2162 1005 2378 1059 Siquidem

178 1068 376 1122 ignorare
416 1080 502 1108 non
544 1066 702 1119 debes,
746 1067 859 1122 quod
893 1081 987 1108 cum
1033 1068 1075 1108 in
1109 1073 1339 1124 utrumque
1374 1069 1583 1110 dictorum
1619 1070 1853 1111 electorum
1888 1075 1961 1110 tua
1995 1076 2112 1114 vota.
2156 1072 2249 1112 livet
2284 1088 2377 1113 suv-

178 1136 360 1186 eessive,
395 1135 620 1188 direxeris,
654 1135 823 1178 illorum
858 1137 1011 1178 saltem
1044 1137 1299 1179 alterutrum
1336 1138 1475 1179 velut²
1509 1139 1664 1180 efficax
1697 1139 1789 1190 tibi,
1824 1140 1950 1180 tertio
1983 1141 2303 1182 consentiendo.
2342 1143 2379 1182 iu

179 1205 360 1246 alterum
396 1218 600 1247 revocare
634 1218 718 1246 non
750 1205 872 1247 licet:
919 1210 986 1247 set
1017 1211 1085 1248 est
1118 1207 1278 1262 potius,
1331 1207 1431 1248 dum
1465 1208 1518 1249 de
1552 1209 1720 1249 illorum
1755 1208 1920 1249 iuribus
1964 1209 2125 1263 pendet
2157 1210 2380 1250 discussio.

180 1274 234 1316 ab
266 1274 507 1316 electiones
538 1274 651 1316 tertii
685 1279 729 1316 et
760 1279 937 1330 propter
969 1276 1072 1316 iuris
1107 1277 1374 1331 exigentiam
1409 1281 1451 1317 et
1483 1283 1658 1333 propter
1691 1278 1819 1318 ctiam
1853 1277 2093 1318 decentiam
2127 1278 2381 1318 omnimodis

178 1342 496 1386 abstinendum.
617 1342 711 1399 (10)
750 1343 963 1392 Quocirca
1005 1345 1284 1386 serenitatem
1326 1346 1486 1401 regiam
1529 1360 1752 1401 rogamus,
1794 1347 2047 1388 monemus¹’
2080 1352 2123 1388 ct
2158 1348 2379 1388 hortamur

177 1417 353 1464 attente,
387 1426 492 1454 sano
526 1412 601 1454 tibi
634 1413 817 1454 consilio
852 1413 1102 1466 suadentes,
1135 1415 1336 1470 quatinus
1370 1415 1575 1471 provide⁰
1607 1415 1838 1471 pensans⁴¹,
1874 1416 1987 1470 quod
2022 1415 2265 1457 huiusmodi
2294 1422 2377 1457 tum

177 1486 511 1539 presumptuosa
544 1482 772 1524 conamina
803 1483 967 1524 nullum
1002 1483 1144 1524 sortiri
1177 1488 1355 1539 possent
1388 1485 1612 1536 effectum,
1646 1499 1773 1526 aures
1808 1485 1991 1525 sinistris
2030 1485 2302 1526 suasionibus
2340 1492 2380 1526 t«-

179 1551 230 1593 ad
265 1552 326 1593 sic
358 1565 558 1593 enormes
590 1551 942 1607 presumptiones
975 1551 1298 1607 impellentibus
1330 1567 1414 1594 non
1449 1554 1642 1604 inclines,
1677 1559 1744 1595 set
1776 1554 1829 1594 ab
1863 1554 1946 1594 illis
1981 1558 2065 1594 tum
2101 1558 2218 1594 tuum
2253 1568 2378 1608 quam

183 1622 377 1673 aliorum,
409 1625 617 1676 quantum
649 1621 691 1662 in
723 1625 766 1662 te
793 1621 939 1674 fuerit,
972 1622 1140 1663 animos
1164 1622 1307 1663 studio
1331 1626 1498 1664 attente
1528 1623 1831 1664 sollicitudinis
1857 1627 1899 1663 et
1923 1622 2102 1663 sollicite
2127 1624 2377 1664 attentionis

177 1694 369 1742 avertas,
409 1695 455 1731 ut
492 1690 755 1744 devotionis,
795 1704 922 1745 quam
962 1690 1088 1732 nobis
1131 1695 1174 1732 et
1207 1691 1346 1733 eidem
1391 1692 1575 1733 ecclesie
1616 1692 1867 1747 frequenter
1900 1692 2053 1732 litteris
2087 1692 2303 1741 obtulisti,
2339 1699 2380 1732 t«-

177 1760 379 1816 operibus
413 1764 737 1816 prosecutorem
763 1759 985 1810 exhibeas,
1020 1764 1064 1802 et
1086 1759 1185 1801 dum
1210 1774 1318 1811 eam,
1353 1761 1394 1801 in
1429 1761 1523 1801 aliis
1547 1762 1675 1801 ctiam
1703 1761 1818 1801 illam
1844 1760 2128 1816 procurando,
2161 1767 2378 1816 promptus

179 1829 423 1885 exequeris,
457 1829 570 1885 apud
603 1843 682 1870 nos
715 1829 892 1870 meritos
925 1828 1067 1870 laudis
1100 1829 1249 1870 titulos
1283 1831 1546 1884 assequaris,

321 1898 424 1941 Dat.
456 1897 657 1951 Viterbii,
690 1897 792 1940 VII.
828 1898 892 1939 Id.
926 1897 1179 1950 Novembr„
1212 1898 1489 1954 pontificatus
1524 1900 1657 1940 nostri
1691 1913 1802 1939 anno
1835 1902 2002 1954 quarto.

315 2023 402 2060 408.
436 2024 469 2069 (Ι)
495 2031 563 2059 ext.
592 2026 644 2059 vel
670 2026 737 2058 (les.
751 2026 783 2059 3.
913 2027 939 2067 r)
964 2031 1080 2059 nostro
1105 2026 1135 2059 3.
1268 2026 1296 2067 s)
1324 2038 1399 2070 pon.
1426 2038 1518 2060 cons,
1545 2028 1604 2060 int.
1632 2026 1662 2059 3.
1794 2027 1820 2068 ῑ)
1847 2027 1985 2069 proinde
2010 2026 2042 2059 3.
2168 2032 2200 2068 ¹¹)
2229 2028 2381 2059 hominu

175 2085 295 2117 mitum
319 2083 352 2117 3.
468 2083 501 2127 V)
526 2085 618 2117 illius
643 2095 732 2118 corr.
761 2084 790 2116 1.
909 2083 953 2125 w)
977 2096 1055 2117 cum
1082 2084 1115 2117 3.
1232 2084 1267 2126 x)
1293 2086 1504 2127 potissimum
1532 2084 1563 2117 2.
1591 2084 1622 2115 3.
1742 2090 1774 2123 5)
1801 2085 1991 2127 quieuisses‘
2023 2084 2047 2115 l.
2171 2088 2197 2120 z)
2227 2085 2324 2116 velud
2353 2086 2382 2116 2.

175 2140 207 2183 ¹¹)
232 2143 431 2175 electionem
457 2153 545 2175 corr.
570 2140 601 2174 2.
719 2140 752 2182 b)
779 2152 957 2173 monemus
983 2153 1142 2184 rogamus·
1169 2140 1200 2174 ⁴2.
1321 2142 1352 2183 c)
1378 2142 1467 2174 deest
1491 2142 1522 2173 3.
1644 2140 1676 2183 (Ι)
1704 2142 1854 2184 pensatis
1880 2140 1911 2174 53.

2031 3770 2104 3804 68*
