<?xml version="1.0" encoding="UTF-8"?>
<!DOCTYPE html PUBLIC "-//W3C//DTD XHTML 1.0 Transitional//EN"
    "http://www.w3.org/TR/xhtml1/DTD/xhtml1-transitional.dtd">
<html xmlns="http://www.w3.org/1999/xhtml" xml:lang="en" lang="en">
 <head>
  <title>
</title>
<meta http-equiv="Content-Type" content="text/html;charset=utf-8" />
  <meta name='ocr-system' content='tesseract 3.04.00' />
  <meta name='ocr-capabilities' content='ocr_page ocr_carea ocr_par ocr_line ocrx_word'/>
</head>
<body>
  <div class='ocr_page' id='page_1' title='image "./monumentager02geseuoft/monumentager02geseuoft_0374.png"; bbox 0 0 2558 3970; ppageno 0'>
   <div class='ocr_carea' id='block_1_1' title="bbox 207 161 1918 211">
    <p class='ocr_par' dir='ltr' id='par_1_1' title="bbox 207 161 1918 211">
     <span class='ocr_line' id='line_1_1' title="bbox 207 161 1918 211; baseline -0.002 -12"><span class='ocrx_word' id='word_1_1' title='bbox 207 171 287 211; x_wconf 78' lang='lat'>326</span> <span class='ocrx_word' id='word_1_2' title='bbox 692 164 932 199; x_wconf 74' lang='lat' dir='ltr'>FRIDERICI</span> <span class='ocrx_word' id='word_1_3' title='bbox 959 163 1004 197; x_wconf 94' lang='lat'>11.</span> <span class='ocrx_word' id='word_1_4' title='bbox 1030 161 1458 197; x_wconf 70' lang='lat' dir='ltr'>CONSTITL&#39;TIONES.</span> <span class='ocrx_word' id='word_1_5' title='bbox 1509 161 1607 196; x_wconf 75' lang='lat'>1242.</span> <span class='ocrx_word' id='word_1_6' title='bbox 1657 162 1720 196; x_wconf 87' lang='lat' dir='ltr'>Nr.</span> <span class='ocrx_word' id='word_1_7' title='bbox 1737 162 1814 197; x_wconf 77' lang='lat'><strong>236.</strong></span> <span class='ocrx_word' id='word_1_8' title='bbox 1840 162 1918 196; x_wconf 74' lang='lat'><strong>237.</strong></span> 
     </span>
    </p>
   </div>
   <div class='ocr_carea' id='block_1_2' title="bbox 260 416 2331 609">
    <p class='ocr_par' dir='ltr' id='par_1_2' title="bbox 260 416 2331 609">
     <span class='ocr_line' id='line_1_2' title="bbox 809 416 1785 490; baseline -0.002 -1"><span class='ocrx_word' id='word_1_9' title='bbox 809 421 1127 490; x_wconf 68' lang='lat'>236-238.</span> <span class='ocrx_word' id='word_1_10' title='bbox 1182 416 1785 489; x_wconf 76' lang='lat' dir='ltr'>EPISTOLAE</span> 
     </span>
     <span class='ocr_line' id='line_1_3' title="bbox 260 518 2331 609; baseline -0.003 -14"><span class='ocrx_word' id='word_1_11' title='bbox 260 524 402 594; x_wconf 72' lang='lat' dir='ltr'>AD</span> <span class='ocrx_word' id='word_1_12' title='bbox 456 520 1168 594; x_wconf 74' lang='lat' dir='ltr'>CARDINALES</span> <span class='ocrx_word' id='word_1_13' title='bbox 1225 520 1368 591; x_wconf 89' lang='lat' dir='ltr'>DE</span> <span class='ocrx_word' id='word_1_14' title='bbox 1420 518 1990 609; x_wconf 74' lang='lat' dir='ltr'>ELIGENDO</span> <span class='ocrx_word' id='word_1_15' title='bbox 2043 519 2331 589; x_wconf 82' lang='lat' dir='ltr'>PAPA.</span> 
     </span>
    </p>
   </div>
   <div class='ocr_carea' id='block_1_3' title="bbox 1026 643 1570 703">
    <p class='ocr_par' dir='ltr' id='par_1_3' title="bbox 1026 643 1570 703">
     <span class='ocr_line' id='line_1_4' title="bbox 1026 643 1570 703; baseline -0.007 -11"><span class='ocrx_word' id='word_1_16' title='bbox 1026 645 1196 703; x_wconf 66' lang='lat'>(1242.</span> <span class='ocrx_word' id='word_1_17' title='bbox 1235 645 1375 692; x_wconf 83' lang='lat' dir='ltr'>Mart.</span> <span class='ocrx_word' id='word_1_18' title='bbox 1398 669 1438 674; x_wconf 97' lang='lat'>—</span> <span class='ocrx_word' id='word_1_19' title='bbox 1460 643 1570 700; x_wconf 91' lang='lat' dir='ltr'>Iul.)</span> 
     </span>
    </p>
   </div>
   <div class='ocr_carea' id='block_1_4' title="bbox 205 785 2457 1199">
    <p class='ocr_par' dir='ltr' id='par_1_4' title="bbox 834 785 1769 840">
     <span class='ocr_line' id='line_1_5' title="bbox 834 785 1769 840; baseline -0.002 -10"><span class='ocrx_word' id='word_1_20' title='bbox 834 786 936 830; x_wconf 72' lang='lat'><strong>236.</strong></span> <span class='ocrx_word' id='word_1_21' title='bbox 974 787 1281 830; x_wconf 85' lang='lat' dir='ltr'><strong><em>EPISTOLA</em></strong></span> <span class='ocrx_word' id='word_1_22' title='bbox 1321 786 1540 830; x_wconf 80' lang='lat' dir='ltr'><strong><em>PRIMA.</em></strong></span> <span class='ocrx_word' id='word_1_23' title='bbox 1592 785 1769 840; x_wconf 73' lang='lat' dir='ltr'>(Mart.)</span> 
     </span>
    </p>

    <p class='ocr_par' dir='ltr' id='par_1_5' title="bbox 205 866 2457 1199">
     <span class='ocr_line' id='line_1_6' title="bbox 344 866 2457 923; baseline -0.002 -10"><span class='ocrx_word' id='word_1_24' title='bbox 344 871 533 913; x_wconf 77' lang='lat' dir='ltr'>Primam.</span> <span class='ocrx_word' id='word_1_25' title='bbox 571 870 853 923; x_wconf 62' lang='lat' dir='ltr'>epistolarum,</span> <span class='ocrx_word' id='word_1_26' title='bbox 885 869 933 910; x_wconf 75' lang='lat' dir='ltr'>de</span> <span class='ocrx_word' id='word_1_27' title='bbox 963 882 1140 921; x_wconf 72' lang='lat' dir='ltr'>quarum</span> <span class='ocrx_word' id='word_1_28' title='bbox 1172 870 1346 919; x_wconf 73' lang='lat' dir='ltr'>tempore.</span> <span class='ocrx_word' id='word_1_29' title='bbox 1379 866 1517 908; x_wconf 70' lang='lat' dir='ltr'>videas</span> <span class='ocrx_word' id='word_1_30' title='bbox 1547 880 1595 908; x_wconf 80' lang='lat' dir='ltr'>ea</span> <span class='ocrx_word' id='word_1_31' title='bbox 1625 880 1729 919; x_wconf 70' lang='lat' dir='ltr'>qia-ac</span> <span class='ocrx_word' id='word_1_32' title='bbox 1760 866 1957 907; x_wconf 73' lang='lat' dir='ltr'>disseruit</span> <span class='ocrx_word' id='word_1_33' title='bbox 1987 867 2051 907; x_wconf 77' lang='lat' dir='ltr'>vir</span> <span class='ocrx_word' id='word_1_34' title='bbox 2082 867 2130 908; x_wconf 79' lang='lat' dir='ltr'>cl.</span> <span class='ocrx_word' id='word_1_35' title='bbox 2157 866 2309 909; x_wconf 81' lang='lat' dir='ltr'>Ficker</span> <span class='ocrx_word' id='word_1_36' title='bbox 2339 868 2387 908; x_wconf 81' lang='lat' dir='ltr'>in</span> <span class='ocrx_word' id='word_1_37' title='bbox 2441 891 2457 916; x_wconf 77' lang='lat'><strong>5</strong></span> 
     </span>
     <span class='ocr_line' id='line_1_7' title="bbox 205 934 2392 993; baseline -0.002 -12"><span class='ocrx_word' id='word_1_38' title='bbox 205 941 390 993; x_wconf 62' lang='lat' dir='ltr'>Reycstis</span> <span class='ocrx_word' id='word_1_39' title='bbox 423 940 597 992; x_wconf 71' lang='lat' dir='ltr'>imperii,</span> <span class='ocrx_word' id='word_1_40' title='bbox 631 939 885 993; x_wconf 71' lang='lat' dir='ltr'>proferimus</span> <span class='ocrx_word' id='word_1_41' title='bbox 916 951 986 989; x_wconf 69' lang='lat' dir='ltr'>ope</span> <span class='ocrx_word' id='word_1_42' title='bbox 1031 936 1068 981; x_wconf 65' lang='grc' dir='ltr'>Η</span> <span class='ocrx_word' id='word_1_43' title='bbox 1102 936 1250 978; x_wconf 72' lang='lat' dir='ltr'>codicis</span> <span class='ocrx_word' id='word_1_44' title='bbox 1281 935 1475 976; x_wconf 79' lang='lat' dir='ltr'>Parisini</span> <span class='ocrx_word' id='word_1_45' title='bbox 1506 935 1578 976; x_wconf 70' lang='lat' dir='ltr'>lat.</span> <span class='ocrx_word' id='word_1_46' title='bbox 1604 935 1743 975; x_wconf 82' lang='lat'><em>13059</em></span> <span class='ocrx_word' id='word_1_47' title='bbox 1774 934 1837 987; x_wconf 88' lang='lat' dir='ltr'>(S.</span> <span class='ocrx_word' id='word_1_48' title='bbox 1872 935 2075 977; x_wconf 79' lang='lat' dir='ltr'>Germain</span> <span class='ocrx_word' id='word_1_49' title='bbox 2095 934 2266 990; x_wconf 77' lang='lat' dir='ltr'>Harlay</span> <span class='ocrx_word' id='word_1_50' title='bbox 2287 936 2392 990; x_wconf 77' lang='lat'><em>455)</em></span> 
     </span>
     <span class='ocr_line' id='line_1_8' title="bbox 206 1003 2394 1062; baseline -0.001 -14"><span class='ocrx_word' id='word_1_51' title='bbox 206 1010 246 1049; x_wconf 80' lang='lat' dir='ltr'>in</span> <span class='ocrx_word' id='word_1_52' title='bbox 272 1013 395 1060; x_wconf 72' lang='lat' dir='ltr'>parte</span> <span class='ocrx_word' id='word_1_53' title='bbox 420 1009 446 1049; x_wconf 92' lang='lat' dir='ltr'><strong><em>I</em></strong></span> <span class='ocrx_word' id='word_1_54' title='bbox 478 1007 556 1062; x_wconf 83' lang='lat' dir='ltr'>fol.</span> <span class='ocrx_word' id='word_1_55' title='bbox 581 1010 646 1057; x_wconf 75' lang='lat'>16,</span> <span class='ocrx_word' id='word_1_56' title='bbox 691 1020 809 1060; x_wconf 76' lang='lat' dir='ltr'>quem</span> <span class='ocrx_word' id='word_1_57' title='bbox 847 1009 886 1047; x_wconf 75' lang='lat' dir='ltr'>ci</span> <span class='ocrx_word' id='word_1_58' title='bbox 927 1006 1010 1059; x_wconf 71' lang='lat' dir='ltr'>ipse</span> <span class='ocrx_word' id='word_1_59' title='bbox 1040 1004 1300 1046; x_wconf 74' lang='lat' dir='ltr'>Huillurdzcs</span> <span class='ocrx_word' id='word_1_60' title='bbox 1340 1003 1552 1054; x_wconf 72' lang='lat' dir='ltr'>adhibuit;</span> <span class='ocrx_word' id='word_1_61' title='bbox 1598 1004 1640 1058; x_wconf 81' lang='lat'>2)</span> <span class='ocrx_word' id='word_1_62' title='bbox 1674 1003 1822 1045; x_wconf 79' lang='lat' dir='ltr'>codicis</span> <span class='ocrx_word' id='word_1_63' title='bbox 1856 1003 2179 1057; x_wconf 73' lang='lat' dir='ltr'>Guelferbytani</span> <span class='ocrx_word' id='word_1_64' title='bbox 2207 1004 2316 1058; x_wconf 71' lang='lat' dir='ltr'>Auq.</span> <span class='ocrx_word' id='word_1_65' title='bbox 2340 1006 2394 1045; x_wconf 77' lang='lat'>4⁰</span> 
     </span>
     <span class='ocr_line' id='line_1_9' title="bbox 206 1071 2393 1128; baseline -0.001 -10"><span class='ocrx_word' id='word_1_66' title='bbox 206 1077 345 1118; x_wconf 81' lang='lat' dir='ltr'><strong><em>XIII.</em></strong></span> <span class='ocrx_word' id='word_1_67' title='bbox 371 1080 408 1126; x_wconf 77' lang='lat'>3,</span> <span class='ocrx_word' id='word_1_68' title='bbox 441 1077 511 1128; x_wconf 78' lang='lat' dir='ltr'>fol.</span> <span class='ocrx_word' id='word_1_69' title='bbox 539 1077 632 1118; x_wconf 69' lang='lat'>501.</span> <span class='ocrx_word' id='word_1_70' title='bbox 693 1075 886 1127; x_wconf 75' lang='lat' dir='ltr'>Epistola</span> <span class='ocrx_word' id='word_1_71' title='bbox 928 1075 971 1115; x_wconf 80' lang='lat' dir='ltr'>in</span> <span class='ocrx_word' id='word_1_72' title='bbox 1006 1075 1090 1125; x_wconf 70' lang='lat' dir='ltr'>sine</span> <span class='ocrx_word' id='word_1_73' title='bbox 1131 1073 1278 1114; x_wconf 58' lang='lat' dir='ltr'>»aidila</span> <span class='ocrx_word' id='word_1_74' title='bbox 1319 1085 1402 1114; x_wconf 77' lang='lat' dir='ltr'>esse-</span> <span class='ocrx_word' id='word_1_75' title='bbox 1442 1072 1616 1113; x_wconf 71' lang='lat' dir='ltr'>videtur.</span> <span class='ocrx_word' id='word_1_76' title='bbox 1649 1097 1703 1102; x_wconf 83' lang='lat'>—-</span> <span class='ocrx_word' id='word_1_77' title='bbox 1734 1071 2191 1114; x_wconf 58' lang='lat' dir='ltr'>Huillard-Breholles</span> <span class='ocrx_word' id='word_1_78' title='bbox 2231 1072 2305 1125; x_wconf 88' lang='lat' dir='ltr'>VI,</span> <span class='ocrx_word' id='word_1_79' title='bbox 2325 1075 2393 1116; x_wconf 89' lang='grc'>35.</span> 
     </span>
     <span class='ocr_line' id='line_1_10' title="bbox 205 1140 2253 1199; baseline -0.002 -11"><span class='ocrx_word' id='word_1_80' title='bbox 205 1145 397 1188; x_wconf 75' lang='grc' dir='ltr'><em>ΒϋῙιηιεν.</em></span> <span class='ocrx_word' id='word_1_81' title='bbox 429 1145 527 1199; x_wconf 61' lang='lat' dir='ltr'>Rea.</span> <span class='ocrx_word' id='word_1_82' title='bbox 563 1146 657 1199; x_wconf 69' lang='lat' dir='ltr'>imp.</span> <span class='ocrx_word' id='word_1_83' title='bbox 690 1144 733 1193; x_wconf 73' lang='grc' dir='ltr'>Γ,</span> <span class='ocrx_word' id='word_1_84' title='bbox 757 1145 880 1184; x_wconf 73' lang='grc'><em>3280.</em></span> <span class='ocrx_word' id='word_1_85' title='bbox 2040 1140 2111 1193; x_wconf 90' lang='lat' dir='ltr'>(P.</span> <span class='ocrx_word' id='word_1_86' title='bbox 2133 1142 2253 1193; x_wconf 84' lang='lat'><em>339.)</em></span> 
     </span>
    </p>
   </div>
   <div class='ocr_carea' id='block_1_5' title="bbox 203 1266 2464 1794">
    <p class='ocr_par' dir='ltr' id='par_1_6' title="bbox 203 1266 2464 1794">
     <span class='ocr_line' id='line_1_11' title="bbox 347 1266 2464 1322; baseline -0.001 -9"><span class='ocrx_word' id='word_1_87' title='bbox 347 1271 620 1313; x_wconf 73' lang='lat' dir='ltr'>Fridericusa</span> <span class='ocrx_word' id='word_1_88' title='bbox 652 1274 732 1312; x_wconf 90' lang='lat' dir='ltr'>etc.</span> <span class='ocrx_word' id='word_1_89' title='bbox 767 1268 1058 1310; x_wconf 79' lang='lat' dir='ltr'>cardinalibus</span> <span class='ocrx_word' id='word_1_90' title='bbox 1093 1272 1171 1309; x_wconf 88' lang='lat' dir='ltr'>etc.</span> <span class='ocrx_word' id='word_1_91' title='bbox 1291 1266 1399 1308; x_wconf 84' lang='lat' dir='ltr'>Cum</span> <span class='ocrx_word' id='word_1_92' title='bbox 1434 1266 1486 1308; x_wconf 88' lang='lat' dir='ltr'>ad</span> <span class='ocrx_word' id='word_1_93' title='bbox 1520 1266 1751 1308; x_wconf 89' lang='lat' dir='ltr'>unanimen</span> <span class='ocrx_word' id='word_1_94' title='bbox 1785 1270 1828 1308; x_wconf 90' lang='lat' dir='ltr'>et</span> <span class='ocrx_word' id='word_1_95' title='bbox 1858 1267 2075 1308; x_wconf 83' lang='lat' dir='ltr'>salubrem</span> <span class='ocrx_word' id='word_1_96' title='bbox 2105 1268 2394 1322; x_wconf 84' lang='lat' dir='ltr'>provisionem</span> <span class='ocrx_word' id='word_1_97' title='bbox 2430 1290 2464 1314; x_wconf 84' lang='lat'>10</span> 
     </span>
     <span class='ocr_line' id='line_1_12' title="bbox 205 1335 2397 1395; baseline -0.002 -12"><span class='ocrx_word' id='word_1_98' title='bbox 205 1342 388 1383; x_wconf 75' lang='lat' dir='ltr'>ecclesie</span> <span class='ocrx_word' id='word_1_99' title='bbox 432 1340 646 1395; x_wconf 88' lang='lat' dir='ltr'>generalis</span> <span class='ocrx_word' id='word_1_100' title='bbox 690 1344 910 1393; x_wconf 81' lang='lat' dir='ltr'><strong>tamquam</strong></span> <span class='ocrx_word' id='word_1_101' title='bbox 949 1337 1173 1378; x_wconf 83' lang='lat' dir='ltr'>Romanus</span> <span class='ocrx_word' id='word_1_102' title='bbox 1214 1350 1335 1378; x_wconf 87' lang='lat' dir='ltr'>cesar</span> <span class='ocrx_word' id='word_1_103' title='bbox 1373 1339 1416 1377; x_wconf 89' lang='lat' dir='ltr'>et</span> <span class='ocrx_word' id='word_1_104' title='bbox 1456 1335 1685 1391; x_wconf 86' lang='lat' dir='ltr'>princepsb</span> <span class='ocrx_word' id='word_1_105' title='bbox 1731 1335 1968 1376; x_wconf 86' lang='lat' dir='ltr'>catholicus</span> <span class='ocrx_word' id='word_1_106' title='bbox 2011 1336 2306 1389; x_wconf 81' lang='lat' dir='ltr'>intendamus,</span> <span class='ocrx_word' id='word_1_107' title='bbox 2349 1341 2397 1379; x_wconf 80' lang='lat' dir='ltr'>ut</span> 
     </span>
     <span class='ocr_line' id='line_1_13' title="bbox 204 1404 2394 1460; baseline -0.001 -9"><span class='ocrx_word' id='word_1_108' title='bbox 204 1410 367 1450; x_wconf 82' lang='lat' dir='ltr'>omnisc</span> <span class='ocrx_word' id='word_1_109' title='bbox 401 1410 574 1450; x_wconf 89' lang='lat' dir='ltr'>omnino</span> <span class='ocrx_word' id='word_1_110' title='bbox 614 1407 810 1449; x_wconf 90' lang='lat' dir='ltr'>defectus</span> <span class='ocrx_word' id='word_1_111' title='bbox 844 1411 886 1447; x_wconf 86' lang='lat' dir='ltr'>et</span> <span class='ocrx_word' id='word_1_112' title='bbox 917 1406 1099 1446; x_wconf 89' lang='lat' dir='ltr'>materia</span> <span class='ocrx_word' id='word_1_113' title='bbox 1133 1404 1326 1445; x_wconf 82' lang='lat' dir='ltr'>scandali</span> <span class='ocrx_word' id='word_1_114' title='bbox 1358 1405 1402 1444; x_wconf 91' lang='lat' dir='ltr'>in</span> <span class='ocrx_word' id='word_1_115' title='bbox 1434 1404 1742 1445; x_wconf 78' lang='lat' dir='ltr'>substitutione</span> <span class='ocrx_word' id='word_1_116' title='bbox 1775 1405 1873 1445; x_wconf 77' lang='lat' dir='ltr'>novi</span> <span class='ocrx_word' id='word_1_117' title='bbox 1912 1405 2126 1460; x_wconf 87' lang='lat' dir='ltr'>pontificis</span> <span class='ocrx_word' id='word_1_118' title='bbox 2159 1405 2394 1458; x_wconf 88' lang='lat' dir='ltr'>auferatur,</span> 
     </span>
     <span class='ocr_line' id='line_1_14' title="bbox 205 1471 2396 1530; baseline -0.001 -13"><span class='ocrx_word' id='word_1_119' title='bbox 205 1478 498 1520; x_wconf 79' lang='lat' dir='ltr'>venerabilem</span> <span class='ocrx_word' id='word_1_120' title='bbox 519 1473 850 1518; x_wconf 83' lang='lat' dir='ltr'>Penestrinumd</span> <span class='ocrx_word' id='word_1_121' title='bbox 874 1475 1124 1530; x_wconf 89' lang='lat' dir='ltr'>episcopum</span> <span class='ocrx_word' id='word_1_122' title='bbox 1151 1478 1194 1515; x_wconf 88' lang='lat' dir='ltr'>et</span> <span class='ocrx_word' id='word_1_123' title='bbox 1217 1472 1448 1514; x_wconf 72' lang='lat' dir='ltr'>ottonem0</span> <span class='ocrx_word' id='word_1_124' title='bbox 1472 1471 1643 1514; x_wconf 79' lang='lat' dir='ltr'>Sanctif</span> <span class='ocrx_word' id='word_1_125' title='bbox 1663 1471 1864 1514; x_wconf 87' lang='lat' dir='ltr'>Nicholai</span> <span class='ocrx_word' id='word_1_126' title='bbox 1892 1473 1936 1514; x_wconf 92' lang='lat' dir='ltr'>in</span> <span class='ocrx_word' id='word_1_127' title='bbox 1961 1472 2144 1515; x_wconf 84' lang='lat' dir='ltr'>Carcere</span> <span class='ocrx_word' id='word_1_128' title='bbox 2167 1473 2396 1516; x_wconf 66' lang='lat' dir='ltr'>Tullianos</span> 
     </span>
     <span class='ocr_line' id='line_1_15' title="bbox 203 1541 2393 1599; baseline -0.002 -10"><span class='ocrx_word' id='word_1_129' title='bbox 203 1547 428 1588; x_wconf 80' lang='lat' dir='ltr'>diaconem</span> <span class='ocrx_word' id='word_1_130' title='bbox 462 1545 736 1588; x_wconf 79' lang='lat' dir='ltr'>cardinalem.</span> <span class='ocrx_word' id='word_1_131' title='bbox 770 1544 841 1599; x_wconf 89' lang='lat' dir='ltr'>qui</span> <span class='ocrx_word' id='word_1_132' title='bbox 864 1542 915 1584; x_wconf 89' lang='lat' dir='ltr'>de</span> <span class='ocrx_word' id='word_1_133' title='bbox 940 1543 1142 1584; x_wconf 90' lang='lat' dir='ltr'>mandato</span> <span class='ocrx_word' id='word_1_134' title='bbox 1166 1546 1312 1583; x_wconf 89' lang='lat' dir='ltr'>nostro</span> <span class='ocrx_word' id='word_1_135' title='bbox 1338 1541 1487 1597; x_wconf 86' lang='lat' dir='ltr'>Capue</span> <span class='ocrx_word' id='word_1_136' title='bbox 1510 1546 1839 1593; x_wconf 79' lang='lat' dir='ltr'>commorantur,</span> <span class='ocrx_word' id='word_1_137' title='bbox 1874 1541 2093 1583; x_wconf 87' lang='lat' dir='ltr'>offerimus</span> <span class='ocrx_word' id='word_1_138' title='bbox 2118 1555 2194 1583; x_wconf 89' lang='lat' dir='ltr'>nos</span> <span class='ocrx_word' id='word_1_139' title='bbox 2217 1547 2393 1598; x_wconf 87' lang='lat' dir='ltr'>paratos</span> 
     </span>
     <span class='ocr_line' id='line_1_16' title="bbox 205 1609 2461 1668; baseline -0.001 -11"><span class='ocrx_word' id='word_1_140' title='bbox 205 1616 257 1657; x_wconf 88' lang='lat' dir='ltr'>ad</span> <span class='ocrx_word' id='word_1_141' title='bbox 292 1629 364 1657; x_wconf 70' lang='lat' dir='ltr'>vos</span> <span class='ocrx_word' id='word_1_142' title='bbox 395 1616 568 1656; x_wconf 88' lang='lat' dir='ltr'>mittere</span> <span class='ocrx_word' id='word_1_143' title='bbox 601 1613 775 1663; x_wconf 69' lang='lat' dir='ltr'>liberos,</span> <span class='ocrx_word' id='word_1_144' title='bbox 807 1616 854 1652; x_wconf 89' lang='lat' dir='ltr'>ut</span> <span class='ocrx_word' id='word_1_145' title='bbox 887 1611 1086 1652; x_wconf 79' lang='lat' dir='ltr'>intersint</span> <span class='ocrx_word' id='word_1_146' title='bbox 1118 1611 1318 1653; x_wconf 89' lang='lat' dir='ltr'>electioni</span> <span class='ocrx_word' id='word_1_147' title='bbox 1350 1609 1546 1666; x_wconf 77' lang='lat' dir='ltr'>predicte</span> <span class='ocrx_word' id='word_1_148' title='bbox 1578 1611 1622 1650; x_wconf 90' lang='lat' dir='ltr'>in</span> <span class='ocrx_word' id='word_1_149' title='bbox 1652 1610 1746 1651; x_wconf 88' lang='lat' dir='ltr'>loco</span> <span class='ocrx_word' id='word_1_150' title='bbox 1771 1613 1863 1652; x_wconf 88' lang='lat' dir='ltr'>tuto</span> <span class='ocrx_word' id='word_1_151' title='bbox 1886 1614 1929 1651; x_wconf 91' lang='lat' dir='ltr'>et</span> <span class='ocrx_word' id='word_1_152' title='bbox 1951 1610 2142 1665; x_wconf 70' lang='lat' dir='ltr'>ydoneo:</span> <span class='ocrx_word' id='word_1_153' title='bbox 2174 1611 2257 1653; x_wconf 78' lang='lat' dir='ltr'>neh</span> <span class='ocrx_word' id='word_1_154' title='bbox 2286 1612 2392 1668; x_wconf 86' lang='lat' dir='ltr'>ipsis</span> <span class='ocrx_word' id='word_1_155' title='bbox 2430 1630 2461 1655; x_wconf 84' lang='lat'>15</span> 
     </span>
     <span class='ocr_line' id='line_1_17' title="bbox 203 1678 2398 1737; baseline -0.002 -11"><span class='ocrx_word' id='word_1_156' title='bbox 203 1684 455 1726; x_wconf 84' lang='lat' dir='ltr'>absentibus</span> <span class='ocrx_word' id='word_1_157' title='bbox 489 1687 531 1725; x_wconf 89' lang='lat' dir='ltr'>et</span> <span class='ocrx_word' id='word_1_158' title='bbox 561 1683 670 1724; x_wconf 84' lang='lat' dir='ltr'>intra</span> <span class='ocrx_word' id='word_1_159' title='bbox 712 1681 976 1737; x_wconf 83' lang='lat' dir='ltr'>provinciam</span> <span class='ocrx_word' id='word_1_160' title='bbox 1011 1680 1377 1723; x_wconf 83' lang='lat' dir='ltr'>commorantibus</span> <span class='ocrx_word' id='word_1_161' title='bbox 1419 1693 1498 1721; x_wconf 90' lang='lat' dir='ltr'>nec</span> <span class='ocrx_word' id='word_1_162' title='bbox 1530 1679 1714 1731; x_wconf 80' lang='lat' dir='ltr'>vocatis,</span> <span class='ocrx_word' id='word_1_163' title='bbox 1757 1678 1953 1721; x_wconf 87' lang='lat' dir='ltr'>defectus</span> <span class='ocrx_word' id='word_1_164' title='bbox 1997 1680 2134 1735; x_wconf 83' lang='lat' dir='ltr'>possit</span> <span class='ocrx_word' id='word_1_165' title='bbox 2165 1680 2321 1736; x_wconf 88' lang='lat' dir='ltr'>aliquis</span> <span class='ocrx_word' id='word_1_166' title='bbox 2354 1681 2398 1722; x_wconf 89' lang='lat' dir='ltr'>in</span> 
     </span>
     <span class='ocr_line' id='line_1_18' title="bbox 204 1750 616 1794; baseline -0.002 -1"><span class='ocrx_word' id='word_1_167' title='bbox 204 1753 414 1794; x_wconf 85' lang='lat' dir='ltr'>electione</span> <span class='ocrx_word' id='word_1_168' title='bbox 448 1750 616 1793; x_wconf 56' lang='lat' dir='ltr'>notarii.</span> 
     </span>
    </p>
   </div>
   <div class='ocr_carea' id='block_1_6' title="bbox 819 1881 1780 1935">
    <p class='ocr_par' dir='ltr' id='par_1_7' title="bbox 819 1881 1780 1935">
     <span class='ocr_line' id='line_1_19' title="bbox 819 1881 1780 1935; baseline -0.004 -9"><span class='ocrx_word' id='word_1_169' title='bbox 819 1883 920 1928; x_wconf 67' lang='lat'>237.</span> <span class='ocrx_word' id='word_1_170' title='bbox 961 1881 1263 1925; x_wconf 86' lang='lat' dir='ltr'><strong><em>EPISTOLA</em></strong></span> <span class='ocrx_word' id='word_1_171' title='bbox 1301 1882 1564 1924; x_wconf 84' lang='lat' dir='ltr'><strong><em>ALTERA.</em></strong></span> <span class='ocrx_word' id='word_1_172' title='bbox 1626 1881 1780 1935; x_wconf 74' lang='lat' dir='ltr'>(Mai.)</span> 
     </span>
    </p>
   </div>
   <div class='ocr_carea' id='block_1_7' title="bbox 199 1942 2464 2158">
    <p class='ocr_par' dir='ltr' id='par_1_8' title="bbox 199 1942 2464 2158">
     <span class='ocr_line' id='line_1_20' title="bbox 349 1942 2395 2016; baseline -0 -10"><span class='ocrx_word' id='word_1_173' title='bbox 349 1965 550 2007; x_wconf 76' lang='lat' dir='ltr'>Praebuit</span> <span class='ocrx_word' id='word_1_174' title='bbox 591 1965 714 2007; x_wconf 57' lang='lat' dir='ltr'>codem</span> <span class='ocrx_word' id='word_1_175' title='bbox 752 1964 980 2007; x_wconf 75' lang='lat' dir='ltr'>Parisinus</span> <span class='ocrx_word' id='word_1_176' title='bbox 1019 1965 1088 2006; x_wconf 74' lang='lat' dir='ltr'>lat.</span> <span class='ocrx_word' id='word_1_177' title='bbox 1122 1965 1261 2004; x_wconf 87' lang='grc'><em>13059</em></span> <span class='ocrx_word' id='word_1_178' title='bbox 1304 1963 1370 2016; x_wconf 81' lang='lat' dir='ltr'>(S.</span> <span class='ocrx_word' id='word_1_179' title='bbox 1404 1963 1608 2006; x_wconf 73' lang='lat' dir='ltr'>Germain</span> <span class='ocrx_word' id='word_1_180' title='bbox 1643 1962 1812 2016; x_wconf 75' lang='lat' dir='ltr'>Harlay</span> <span class='ocrx_word' id='word_1_181' title='bbox 1838 1963 1942 2016; x_wconf 78' lang='lat'><em>455)</em></span> <span class='ocrx_word' id='word_1_182' title='bbox 1975 1976 2082 2015; x_wconf 78' lang='lat' dir='ltr'>pars</span> <span class='ocrx_word' id='word_1_183' title='bbox 2109 1964 2206 2015; x_wconf 89' lang='lat' dir='ltr'>III,</span> <span class='ocrx_word' id='word_1_184' title='bbox 2246 1942 2314 2007; x_wconf 62' lang='grc' dir='ltr'>ἢν.</span> <span class='ocrx_word' id='word_1_185' title='bbox 2341 1966 2395 2006; x_wconf 87' lang='grc'>90</span> 
     </span>
     <span class='ocr_line' id='line_1_21' title="bbox 199 2031 2464 2091; baseline 0 -14"><span class='ocrx_word' id='word_1_186' title='bbox 199 2036 278 2091; x_wconf 80' lang='lat' dir='ltr'>fol.</span> <span class='ocrx_word' id='word_1_187' title='bbox 308 2035 394 2086; x_wconf 79' lang='lat'>40¹,</span> <span class='ocrx_word' id='word_1_188' title='bbox 435 2049 514 2088; x_wconf 77' lang='lat' dir='ltr'>quo</span> <span class='ocrx_word' id='word_1_189' title='bbox 553 2047 654 2077; x_wconf 46' lang='lat' dir='ltr'>‘usus</span> <span class='ocrx_word' id='word_1_190' title='bbox 690 2038 749 2078; x_wconf 71' lang='lat' dir='ltr'>est</span> <span class='ocrx_word' id='word_1_191' title='bbox 787 2037 910 2077; x_wconf 77' lang='lat' dir='ltr'>etiam</span> <span class='ocrx_word' id='word_1_192' title='bbox 948 2034 1219 2076; x_wconf 75' lang='lat' dir='ltr'>Huillardus.</span> <span class='ocrx_word' id='word_1_193' title='bbox 1253 2059 1308 2064; x_wconf 91' lang='lat'>—</span> <span class='ocrx_word' id='word_1_194' title='bbox 1339 2032 1795 2074; x_wconf 76' lang='lat' dir='ltr'>HzcilIard-Bre&#39;holles</span> <span class='ocrx_word' id='word_1_195' title='bbox 1834 2031 1906 2083; x_wconf 83' lang='lat' dir='ltr'>VI,</span> <span class='ocrx_word' id='word_1_196' title='bbox 1927 2034 1994 2075; x_wconf 70' lang='lat'>44.</span> <span class='ocrx_word' id='word_1_197' title='bbox 2056 2032 2256 2085; x_wconf 69' lang='lat' dir='ltr'>Bc&#39;ilcmer,</span> <span class='ocrx_word' id='word_1_198' title='bbox 2289 2034 2391 2088; x_wconf 74' lang='lat' dir='ltr'>Rey.</span> <span class='ocrx_word' id='word_1_199' title='bbox 2430 2052 2464 2078; x_wconf 82' lang='lat'>20</span> 
     </span>
     <span class='ocr_line' id='line_1_22' title="bbox 207 2101 2255 2158; baseline 0 -13"><span class='ocrx_word' id='word_1_200' title='bbox 207 2106 299 2158; x_wconf 74' lang='lat' dir='ltr'>imp.</span> <span class='ocrx_word' id='word_1_201' title='bbox 333 2104 377 2155; x_wconf 79' lang='lat' dir='ltr'>V,</span> <span class='ocrx_word' id='word_1_202' title='bbox 401 2105 525 2146; x_wconf 73' lang='lat'><em>3292.</em></span> <span class='ocrx_word' id='word_1_203' title='bbox 2020 2101 2090 2155; x_wconf 81' lang='lat' dir='ltr'>(P.</span> <span class='ocrx_word' id='word_1_204' title='bbox 2113 2102 2255 2154; x_wconf 71' lang='lat' dir='ltr'>deest.)</span> 
     </span>
    </p>
   </div>
   <div class='ocr_carea' id='block_1_8' title="bbox 205 2226 2466 3243">
    <p class='ocr_par' dir='ltr' id='par_1_9' title="bbox 205 2226 2466 3243">
     <span class='ocr_line' id='line_1_23' title="bbox 349 2226 2390 2284; baseline 0 -14"><span class='ocrx_word' id='word_1_205' title='bbox 349 2229 394 2270; x_wconf 87' lang='lat' dir='ltr'>Si</span> <span class='ocrx_word' id='word_1_206' title='bbox 439 2244 569 2284; x_wconf 89' lang='lat' dir='ltr'>super</span> <span class='ocrx_word' id='word_1_207' title='bbox 608 2229 717 2270; x_wconf 90' lang='lat' dir='ltr'>duce</span> <span class='ocrx_word' id='word_1_208' title='bbox 762 2229 990 2284; x_wconf 87' lang='lat' dir='ltr'>prudentia</span> <span class='ocrx_word' id='word_1_209' title='bbox 1031 2242 1158 2269; x_wconf 88' lang='lat' dir='ltr'>casus</span> <span class='ocrx_word' id='word_1_210' title='bbox 1204 2227 1488 2282; x_wconf 85' lang='lat' dir='ltr'>proscribitur</span> <span class='ocrx_word' id='word_1_211' title='bbox 1529 2231 1572 2267; x_wconf 90' lang='lat' dir='ltr'>et</span> <span class='ocrx_word' id='word_1_212' title='bbox 1609 2226 1686 2267; x_wconf 91' lang='lat' dir='ltr'>ubi</span> <span class='ocrx_word' id='word_1_213' title='bbox 1724 2227 1842 2281; x_wconf 73' lang='lat' dir='ltr'>viget</span> <span class='ocrx_word' id='word_1_214' title='bbox 1885 2227 2110 2268; x_wconf 91' lang='lat' dir='ltr'>consilium</span> <span class='ocrx_word' id='word_1_215' title='bbox 2151 2228 2390 2283; x_wconf 90' lang='lat' dir='ltr'>periculum</span> 
     </span>
     <span class='ocr_line' id='line_1_24' title="bbox 205 2294 2392 2351; baseline -0 -12"><span class='ocrx_word' id='word_1_216' title='bbox 205 2298 443 2339; x_wconf 86' lang='lat' dir='ltr'>abdicatur.</span> <span class='ocrx_word' id='word_1_217' title='bbox 477 2304 594 2339; x_wconf 91' lang='lat' dir='ltr'>tanto</span> <span class='ocrx_word' id='word_1_218' title='bbox 629 2299 863 2339; x_wconf 89' lang='lat' dir='ltr'>communis</span> <span class='ocrx_word' id='word_1_219' title='bbox 896 2299 968 2338; x_wconf 92' lang='lat' dir='ltr'>illa</span> <span class='ocrx_word' id='word_1_220' title='bbox 1001 2302 1140 2338; x_wconf 87' lang='lat' dir='ltr'>mater</span> <span class='ocrx_word' id='word_1_221' title='bbox 1171 2297 1283 2337; x_wconf 88' lang='lat' dir='ltr'>inter</span> <span class='ocrx_word' id='word_1_222' title='bbox 1315 2296 1441 2337; x_wconf 89' lang='lat' dir='ltr'>flatus</span> <span class='ocrx_word' id='word_1_223' title='bbox 1476 2301 1518 2336; x_wconf 92' lang='lat' dir='ltr'>et</span> <span class='ocrx_word' id='word_1_224' title='bbox 1550 2295 1703 2336; x_wconf 89' lang='lat' dir='ltr'>fluctus</span> <span class='ocrx_word' id='word_1_225' title='bbox 1736 2294 1913 2336; x_wconf 85' lang='lat' dir='ltr'>deberet</span> <span class='ocrx_word' id='word_1_226' title='bbox 1946 2296 2151 2351; x_wconf 82' lang='lat' dir='ltr'>navigare</span> <span class='ocrx_word' id='word_1_227' title='bbox 2185 2297 2392 2350; x_wconf 87' lang='lat' dir='ltr'>securius,</span> 
     </span>
     <span class='ocr_line' id='line_1_25' title="bbox 205 2363 2394 2422; baseline -0 -14"><span class='ocrx_word' id='word_1_228' title='bbox 205 2373 363 2422; x_wconf 88' lang='lat' dir='ltr'>quanto</span> <span class='ocrx_word' id='word_1_229' title='bbox 395 2368 536 2408; x_wconf 84' lang='lat' dir='ltr'>nautis</span> <span class='ocrx_word' id='word_1_230' title='bbox 571 2366 868 2408; x_wconf 87' lang='lat' dir='ltr'>solertioribus</span> <span class='ocrx_word' id='word_1_231' title='bbox 901 2365 1181 2420; x_wconf 87' lang='lat' dir='ltr'>gubernatur.</span> <span class='ocrx_word' id='word_1_232' title='bbox 1242 2364 1563 2405; x_wconf 78' lang='lat' dir='ltr'>Providendum</span> <span class='ocrx_word' id='word_1_233' title='bbox 1602 2368 1747 2404; x_wconf 81' lang='lat' dir='ltr'>tamen</span> <span class='ocrx_word' id='word_1_234' title='bbox 1780 2368 1846 2405; x_wconf 90' lang='lat' dir='ltr'>est</span> <span class='ocrx_word' id='word_1_235' title='bbox 1875 2364 2004 2405; x_wconf 91' lang='lat' dir='ltr'>immo</span> <span class='ocrx_word' id='word_1_236' title='bbox 2039 2363 2297 2417; x_wconf 86' lang='lat' dir='ltr'>cavendum,</span> <span class='ocrx_word' id='word_1_237' title='bbox 2339 2379 2394 2407; x_wconf 90' lang='lat' dir='ltr'>ne</span> 
     </span>
     <span class='ocr_line' id='line_1_26' title="bbox 205 2433 2464 2491; baseline -0.001 -14"><span class='ocrx_word' id='word_1_238' title='bbox 205 2445 333 2477; x_wconf 88' lang='lat' dir='ltr'>naute</span> <span class='ocrx_word' id='word_1_239' title='bbox 371 2435 620 2491; x_wconf 85' lang='lat' dir='ltr'>remigando</span> <span class='ocrx_word' id='word_1_240' title='bbox 653 2435 912 2477; x_wconf 87' lang='lat' dir='ltr'>dissentiant</span> <span class='ocrx_word' id='word_1_241' title='bbox 945 2440 1004 2477; x_wconf 80' lang='lat' dir='ltr'>et.</span> <span class='ocrx_word' id='word_1_242' title='bbox 1045 2433 1145 2475; x_wconf 91' lang='lat' dir='ltr'>dum</span> <span class='ocrx_word' id='word_1_243' title='bbox 1178 2434 1288 2474; x_wconf 90' lang='lat' dir='ltr'>alter</span> <span class='ocrx_word' id='word_1_244' title='bbox 1320 2434 1364 2474; x_wconf 91' lang='lat' dir='ltr'>in</span> <span class='ocrx_word' id='word_1_245' title='bbox 1397 2447 1565 2474; x_wconf 89' lang='lat' dir='ltr'>eurum.</span> <span class='ocrx_word' id='word_1_246' title='bbox 1609 2433 1718 2474; x_wconf 83' lang='lat' dir='ltr'>alter</span> <span class='ocrx_word' id='word_1_247' title='bbox 1758 2433 1801 2473; x_wconf 93' lang='lat' dir='ltr'>in</span> <span class='ocrx_word' id='word_1_248' title='bbox 1833 2433 2055 2488; x_wconf 87' lang='lat' dir='ltr'>zephirum</span> <span class='ocrx_word' id='word_1_249' title='bbox 2087 2433 2265 2475; x_wconf 90' lang='lat' dir='ltr'>tendere</span> <span class='ocrx_word' id='word_1_250' title='bbox 2297 2434 2394 2474; x_wconf 88' lang='lat' dir='ltr'>vela</span> <span class='ocrx_word' id='word_1_251' title='bbox 2431 2448 2464 2474; x_wconf 77' lang='lat'>25</span> 
     </span>
     <span class='ocr_line' id='line_1_27' title="bbox 205 2501 2390 2557; baseline -0.001 -12"><span class='ocrx_word' id='word_1_252' title='bbox 205 2504 486 2545; x_wconf 86' lang='lat' dir='ltr'>contenderit.</span> <span class='ocrx_word' id='word_1_253' title='bbox 520 2504 587 2545; x_wconf 74' lang='lat' dir='ltr'>vel</span> <span class='ocrx_word' id='word_1_254' title='bbox 621 2503 825 2545; x_wconf 86' lang='lat' dir='ltr'>obruatur</span> <span class='ocrx_word' id='word_1_255' title='bbox 856 2503 1058 2544; x_wconf 90' lang='lat' dir='ltr'>fluctibus</span> <span class='ocrx_word' id='word_1_256' title='bbox 1091 2503 1160 2543; x_wconf 81' lang='lat' dir='ltr'>vel</span> <span class='ocrx_word' id='word_1_257' title='bbox 1193 2501 1247 2543; x_wconf 90' lang='lat' dir='ltr'>ad</span> <span class='ocrx_word' id='word_1_258' title='bbox 1279 2508 1426 2543; x_wconf 87' lang='lat' dir='ltr'>cautes</span> <span class='ocrx_word' id='word_1_259' title='bbox 1458 2516 1545 2542; x_wconf 93' lang='lat' dir='ltr'>non</span> <span class='ocrx_word' id='word_1_260' title='bbox 1579 2502 1670 2542; x_wconf 88' lang='lat' dir='ltr'>sine</span> <span class='ocrx_word' id='word_1_261' title='bbox 1693 2501 2029 2556; x_wconf 87' lang='lat' dir='ltr'>gubernatorum</span> <span class='ocrx_word' id='word_1_262' title='bbox 2052 2502 2245 2557; x_wconf 91' lang='lat' dir='ltr'>periculo</span> <span class='ocrx_word' id='word_1_263' title='bbox 2268 2502 2390 2543; x_wconf 86' lang='lat' dir='ltr'>navi-</span> 
     </span>
     <span class='ocr_line' id='line_1_28' title="bbox 209 2569 2395 2626; baseline -0.001 -13"><span class='ocrx_word' id='word_1_264' title='bbox 209 2573 303 2614; x_wconf 84' lang='lat' dir='ltr'>cula</span> <span class='ocrx_word' id='word_1_265' title='bbox 337 2572 575 2614; x_wconf 87' lang='lat' dir='ltr'>collidatur.</span> <span class='ocrx_word' id='word_1_266' title='bbox 639 2571 752 2619; x_wconf 86' lang='lat' dir='ltr'>Quid</span> <span class='ocrx_word' id='word_1_267' title='bbox 785 2573 897 2613; x_wconf 90' lang='lat' dir='ltr'>enim</span> <span class='ocrx_word' id='word_1_268' title='bbox 930 2573 1053 2612; x_wconf 89' lang='lat' dir='ltr'>matri</span> <span class='ocrx_word' id='word_1_269' title='bbox 1086 2571 1247 2626; x_wconf 87' lang='lat' dir='ltr'>profuit</span> <span class='ocrx_word' id='word_1_270' title='bbox 1280 2572 1481 2625; x_wconf 90' lang='lat' dir='ltr'>genuisse</span> <span class='ocrx_word' id='word_1_271' title='bbox 1515 2570 1626 2611; x_wconf 87' lang='lat' dir='ltr'>filios</span> <span class='ocrx_word' id='word_1_272' title='bbox 1659 2569 1816 2610; x_wconf 90' lang='lat' dir='ltr'>mundo</span> <span class='ocrx_word' id='word_1_273' title='bbox 1850 2571 2131 2625; x_wconf 71' lang='lat' dir='ltr'>spectabiles,</span> <span class='ocrx_word' id='word_1_274' title='bbox 2173 2571 2395 2625; x_wconf 84' lang='lat' dir='ltr'>speciosos</span> 
     </span>
     <span class='ocr_line' id='line_1_29' title="bbox 205 2637 2395 2696; baseline -0.001 -15"><span class='ocrx_word' id='word_1_275' title='bbox 205 2655 280 2696; x_wconf 91' lang='lat' dir='ltr'>pre</span> <span class='ocrx_word' id='word_1_276' title='bbox 319 2641 418 2681; x_wconf 87' lang='lat' dir='ltr'>filiis</span> <span class='ocrx_word' id='word_1_277' title='bbox 459 2641 679 2681; x_wconf 90' lang='lat' dir='ltr'>hominum</span> <span class='ocrx_word' id='word_1_278' title='bbox 719 2648 763 2682; x_wconf 91' lang='lat' dir='ltr'>et</span> <span class='ocrx_word' id='word_1_279' title='bbox 799 2641 842 2681; x_wconf 91' lang='lat' dir='ltr'>in</span> <span class='ocrx_word' id='word_1_280' title='bbox 881 2640 1058 2681; x_wconf 86' lang='lat' dir='ltr'>aliorum</span> <span class='ocrx_word' id='word_1_281' title='bbox 1099 2639 1304 2680; x_wconf 77' lang='lat' dir='ltr'>invidiam</span> <span class='ocrx_word' id='word_1_282' title='bbox 1345 2639 1582 2694; x_wconf 76' lang='lat' dir='ltr'>graciosos,</span> <span class='ocrx_word' id='word_1_283' title='bbox 1632 2639 1667 2679; x_wconf 88' lang='lat' dir='ltr'>si</span> <span class='ocrx_word' id='word_1_284' title='bbox 1708 2637 1762 2678; x_wconf 89' lang='lat' dir='ltr'>ab</span> <span class='ocrx_word' id='word_1_285' title='bbox 1804 2638 1866 2678; x_wconf 91' lang='lat' dir='ltr'>eis</span> <span class='ocrx_word' id='word_1_286' title='bbox 1900 2637 2014 2679; x_wconf 90' lang='lat' dir='ltr'>nuda</span> <span class='ocrx_word' id='word_1_287' title='bbox 2045 2637 2252 2688; x_wconf 85' lang='lat' dir='ltr'>illuditur,</span> <span class='ocrx_word' id='word_1_288' title='bbox 2291 2651 2395 2693; x_wconf 89' lang='lat' dir='ltr'>egra</span> 
     </span>
     <span class='ocr_line' id='line_1_30' title="bbox 205 2705 2397 2764; baseline -0.001 -14"><span class='ocrx_word' id='word_1_289' title='bbox 205 2710 537 2764; x_wconf 87' lang='lat' dir='ltr'>contempnitur.</span> <span class='ocrx_word' id='word_1_290' title='bbox 583 2723 661 2751; x_wconf 91' lang='lat' dir='ltr'>nec</span> <span class='ocrx_word' id='word_1_291' title='bbox 703 2710 781 2750; x_wconf 88' lang='lat' dir='ltr'>sibi</span> <span class='ocrx_word' id='word_1_292' title='bbox 826 2710 868 2750; x_wconf 92' lang='lat' dir='ltr'>in</span> <span class='ocrx_word' id='word_1_293' title='bbox 911 2710 996 2750; x_wconf 91' lang='lat' dir='ltr'>suis</span> <span class='ocrx_word' id='word_1_294' title='bbox 1038 2708 1370 2750; x_wconf 87' lang='lat' dir='ltr'>necessitatibus</span> <span class='ocrx_word' id='word_1_295' title='bbox 1413 2707 1685 2758; x_wconf 87' lang='lat' dir='ltr'>subvenitur,</span> <span class='ocrx_word' id='word_1_296' title='bbox 1732 2707 1860 2747; x_wconf 89' lang='lat' dir='ltr'>immo</span> <span class='ocrx_word' id='word_1_297' title='bbox 1900 2720 1995 2747; x_wconf 88' lang='lat' dir='ltr'>cum</span> <span class='ocrx_word' id='word_1_298' title='bbox 2034 2705 2397 2748; x_wconf 87' lang='lat' dir='ltr'>subsannantibus</span> 
     </span>
     <span class='ocr_line' id='line_1_31' title="bbox 206 2775 2466 2834; baseline -0.001 -15"><span class='ocrx_word' id='word_1_299' title='bbox 206 2792 299 2820; x_wconf 90' lang='lat' dir='ltr'>eam</span> <span class='ocrx_word' id='word_1_300' title='bbox 334 2787 375 2820; x_wconf 88' lang='lat' dir='ltr'>et</span> <span class='ocrx_word' id='word_1_301' title='bbox 408 2785 535 2834; x_wconf 86' lang='lat' dir='ltr'>caput</span> <span class='ocrx_word' id='word_1_302' title='bbox 567 2778 838 2819; x_wconf 77' lang='lat' dir='ltr'>moventibus</span> <span class='ocrx_word' id='word_1_303' title='bbox 871 2777 1097 2818; x_wconf 80' lang='lat' dir='ltr'>irridetur?</span> <span class='ocrx_word' id='word_1_304' title='bbox 1160 2775 1218 2817; x_wconf 91' lang='lat' dir='ltr'>Ut</span> <span class='ocrx_word' id='word_1_305' title='bbox 1251 2785 1396 2817; x_wconf 88' lang='lat' dir='ltr'>autem</span> <span class='ocrx_word' id='word_1_306' title='bbox 1428 2775 1690 2816; x_wconf 89' lang='lat' dir='ltr'>confidenter</span> <span class='ocrx_word' id='word_1_307' title='bbox 1721 2776 1873 2830; x_wconf 90' lang='lat' dir='ltr'>loquar</span> <span class='ocrx_word' id='word_1_308' title='bbox 1904 2775 2044 2815; x_wconf 77' lang='lat' dir='ltr'>vobis:</span> <span class='ocrx_word' id='word_1_309' title='bbox 2078 2775 2122 2815; x_wconf 94' lang='lat' dir='ltr'>in</span> <span class='ocrx_word' id='word_1_310' title='bbox 2146 2789 2219 2816; x_wconf 87' lang='lat' dir='ltr'>vos</span> <span class='ocrx_word' id='word_1_311' title='bbox 2249 2775 2393 2816; x_wconf 86' lang='lat' dir='ltr'>huius·</span> <span class='ocrx_word' id='word_1_312' title='bbox 2433 2789 2466 2815; x_wconf 77' lang='lat'>³0</span> 
     </span>
     <span class='ocr_line' id='line_1_32' title="bbox 206 2843 2397 2901; baseline -0.002 -14"><span class='ocrx_word' id='word_1_313' title='bbox 206 2847 319 2888; x_wconf 90' lang='lat' dir='ltr'>modi</span> <span class='ocrx_word' id='word_1_314' title='bbox 352 2860 435 2888; x_wconf 93' lang='lat' dir='ltr'>non</span> <span class='ocrx_word' id='word_1_315' title='bbox 468 2853 685 2888; x_wconf 73' lang='lat' dir='ltr'>vertatur⁸</span> <span class='ocrx_word' id='word_1_316' title='bbox 716 2847 877 2887; x_wconf 89' lang='lat' dir='ltr'>crimen</span> <span class='ocrx_word' id='word_1_317' title='bbox 909 2859 986 2887; x_wconf 92' lang='lat' dir='ltr'>nec</span> <span class='ocrx_word' id='word_1_318' title='bbox 1021 2845 1295 2901; x_wconf 74' lang='lat' dir='ltr'>opprobium,</span> <span class='ocrx_word' id='word_1_319' title='bbox 1340 2844 1439 2885; x_wconf 89' lang='lat' dir='ltr'>dum</span> <span class='ocrx_word' id='word_1_320' title='bbox 1473 2843 1606 2885; x_wconf 80' lang='lat' dir='ltr'>sicutb</span> <span class='ocrx_word' id='word_1_321' title='bbox 1646 2843 1760 2884; x_wconf 83' lang='lat' dir='ltr'>fama</span> <span class='ocrx_word' id='word_1_322' title='bbox 1791 2843 1979 2898; x_wconf 87' lang='lat' dir='ltr'>loquitur</span> <span class='ocrx_word' id='word_1_323' title='bbox 2010 2849 2052 2884; x_wconf 88' lang='lat' dir='ltr'>et</span> <span class='ocrx_word' id='word_1_324' title='bbox 2084 2843 2397 2898; x_wconf 87' lang='lat' dir='ltr'>quodammodo</span> 
     </span>
     <span class='ocr_line' id='line_1_33' title="bbox 207 2911 2397 2965; baseline -0.001 -10"><span class='ocrx_word' id='word_1_325' title='bbox 207 2929 272 2956; x_wconf 85' lang='lat' dir='ltr'>res</span> <span class='ocrx_word' id='word_1_326' title='bbox 314 2915 501 2965; x_wconf 63' lang='lat' dir='ltr'>indicite,</span> <span class='ocrx_word' id='word_1_327' title='bbox 542 2916 654 2956; x_wconf 90' lang='lat' dir='ltr'>inter</span> <span class='ocrx_word' id='word_1_328' title='bbox 693 2916 824 2956; x_wconf 79' lang='lat' dir='ltr'>vestri</span> <span class='ocrx_word' id='word_1_329' title='bbox 862 2923 963 2956; x_wconf 72' lang='lat' dir='ltr'>vota</span> <span class='ocrx_word' id='word_1_330' title='bbox 1000 2928 1084 2955; x_wconf 92' lang='lat' dir='ltr'>non</span> <span class='ocrx_word' id='word_1_331' title='bbox 1126 2913 1237 2954; x_wconf 90' lang='lat' dir='ltr'>idem</span> <span class='ocrx_word' id='word_1_332' title='bbox 1275 2913 1509 2954; x_wconf 73' lang='lat' dir='ltr'>volentium</span> <span class='ocrx_word' id='word_1_333' title='bbox 1556 2919 1598 2954; x_wconf 93' lang='lat' dir='ltr'>et</span> <span class='ocrx_word' id='word_1_334' title='bbox 1638 2926 1790 2953; x_wconf 85' lang='lat' dir='ltr'>manus</span> <span class='ocrx_word' id='word_1_335' title='bbox 1834 2911 1887 2952; x_wconf 89' lang='lat' dir='ltr'>ad</span> <span class='ocrx_word' id='word_1_336' title='bbox 1930 2911 2099 2952; x_wconf 87' lang='lat' dir='ltr'>diversa</span> <span class='ocrx_word' id='word_1_337' title='bbox 2136 2912 2397 2953; x_wconf 88' lang='lat' dir='ltr'>trahentium</span> 
     </span>
     <span class='ocr_line' id='line_1_34' title="bbox 206 2979 2396 3037; baseline -0.001 -14"><span class='ocrx_word' id='word_1_338' title='bbox 206 2984 462 3024; x_wconf 86' lang='lat' dir='ltr'>miserabilis</span> <span class='ocrx_word' id='word_1_339' title='bbox 496 2992 631 3024; x_wconf 86' lang='lat' dir='ltr'>mater</span> <span class='ocrx_word' id='word_1_340' title='bbox 662 2985 736 3024; x_wconf 89' lang='lat' dir='ltr'>illa</span> <span class='ocrx_word' id='word_1_341' title='bbox 770 2984 1009 3024; x_wconf 89' lang='lat' dir='ltr'>collabitur.</span> <span class='ocrx_word' id='word_1_342' title='bbox 1044 2982 1236 3037; x_wconf 88' lang='lat' dir='ltr'>collapsa</span> <span class='ocrx_word' id='word_1_343' title='bbox 1270 2982 1503 3036; x_wconf 88' lang='lat' dir='ltr'>negligitur</span> <span class='ocrx_word' id='word_1_344' title='bbox 1536 2986 1578 3021; x_wconf 91' lang='lat' dir='ltr'>et</span> <span class='ocrx_word' id='word_1_345' title='bbox 1610 2980 1687 3022; x_wconf 87' lang='lat' dir='ltr'>sub</span> <span class='ocrx_word' id='word_1_346' title='bbox 1718 2981 1794 3020; x_wconf 87' lang='lat' dir='ltr'>tali</span> <span class='ocrx_word' id='word_1_347' title='bbox 1816 2981 2082 3034; x_wconf 87' lang='lat' dir='ltr'>negligentia</span> <span class='ocrx_word' id='word_1_348' title='bbox 2114 2979 2396 3035; x_wconf 75' lang='lat' dir='ltr'>proteritur?d</span> 
     </span>
     <span class='ocr_line' id='line_1_35' title="bbox 206 3048 2395 3107; baseline -0.001 -16"><span class='ocrx_word' id='word_1_349' title='bbox 206 3050 379 3092; x_wconf 69' lang='lat' dir='ltr'>Utinam</span> <span class='ocrx_word' id='word_1_350' title='bbox 413 3051 509 3092; x_wconf 89' lang='lat' dir='ltr'>talis</span> <span class='ocrx_word' id='word_1_351' title='bbox 543 3053 732 3107; x_wconf 86' lang='lat' dir='ltr'>parentis</span> <span class='ocrx_word' id='word_1_352' title='bbox 766 3053 919 3093; x_wconf 88' lang='lat' dir='ltr'>iniuria</span> <span class='ocrx_word' id='word_1_353' title='bbox 951 3052 993 3092; x_wconf 91' lang='lat' dir='ltr'>in</span> <span class='ocrx_word' id='word_1_354' title='bbox 1026 3060 1244 3106; x_wconf 87' lang='lat' dir='ltr'>posterum</span> <span class='ocrx_word' id='word_1_355' title='bbox 1278 3050 1384 3090; x_wconf 89' lang='lat' dir='ltr'>filios</span> <span class='ocrx_word' id='word_1_356' title='bbox 1416 3064 1501 3090; x_wconf 92' lang='lat' dir='ltr'>non</span> <span class='ocrx_word' id='word_1_357' title='bbox 1533 3057 1716 3097; x_wconf 74' lang='lat' dir='ltr'>accuset,</span> <span class='ocrx_word' id='word_1_358' title='bbox 1751 3055 1795 3090; x_wconf 86' lang='lat' dir='ltr'>et</span> <span class='ocrx_word' id='word_1_359' title='bbox 1823 3055 1969 3103; x_wconf 91' lang='lat' dir='ltr'>preter</span> <span class='ocrx_word' id='word_1_360' title='bbox 1996 3048 2051 3100; x_wconf 92' lang='lat' dir='ltr'>id,</span> <span class='ocrx_word' id='word_1_361' title='bbox 2084 3048 2197 3103; x_wconf 91' lang='lat' dir='ltr'>quod</span> <span class='ocrx_word' id='word_1_362' title='bbox 2229 3062 2285 3090; x_wconf 82' lang='lat' dir='ltr'>ex</span> <span class='ocrx_word' id='word_1_363' title='bbox 2315 3048 2395 3089; x_wconf 89' lang='lat' dir='ltr'>hoc</span> 
     </span>
     <span class='ocr_line' id='line_1_36' title="bbox 208 3116 2462 3176; baseline -0.001 -17"><span class='ocrx_word' id='word_1_364' title='bbox 208 3134 261 3160; x_wconf 78' lang='lat' dir='ltr'>ex</span> <span class='ocrx_word' id='word_1_365' title='bbox 303 3121 518 3161; x_wconf 86' lang='lat' dir='ltr'>hominum</span> <span class='ocrx_word' id='word_1_366' title='bbox 552 3123 706 3176; x_wconf 86' lang='lat' dir='ltr'>linguis</span> <span class='ocrx_word' id='word_1_367' title='bbox 740 3122 977 3171; x_wconf 70' lang='lat' dir='ltr'>incurritur,</span> <span class='ocrx_word' id='word_1_368' title='bbox 1012 3120 1064 3161; x_wconf 90' lang='lat' dir='ltr'>de</span> <span class='ocrx_word' id='word_1_369' title='bbox 1098 3120 1294 3160; x_wconf 88' lang='lat' dir='ltr'>manibus</span> <span class='ocrx_word' id='word_1_370' title='bbox 1328 3120 1710 3160; x_wconf 75' lang='lat' dir='ltr'>committentiume</span> <span class='ocrx_word' id='word_1_371' title='bbox 1742 3119 1783 3159; x_wconf 91' lang='lat' dir='ltr'>in</span> <span class='ocrx_word' id='word_1_372' title='bbox 1807 3116 1990 3172; x_wconf 79' lang='lat' dir='ltr'>scriptof</span> <span class='ocrx_word' id='word_1_373' title='bbox 2018 3117 2168 3158; x_wconf 85' lang='lat' dir='ltr'>saltem</span> <span class='ocrx_word' id='word_1_374' title='bbox 2191 3117 2392 3158; x_wconf 82' lang='lat' dir='ltr'>examine</span> <span class='ocrx_word' id='word_1_375' title='bbox 2431 3135 2462 3162; x_wconf 76' lang='lat'>³⁵</span> 
     </span>
     <span class='ocr_line' id='line_1_37' title="bbox 207 3190 957 3243; baseline 0.001 -15"><span class='ocrx_word' id='word_1_376' title='bbox 207 3190 376 3230; x_wconf 77' lang='lat' dir='ltr'>mininie</span> <span class='ocrx_word' id='word_1_377' title='bbox 412 3191 668 3243; x_wconf 76' lang='lat' dir='ltr'>requiratur!</span> <span class='ocrx_word' id='word_1_378' title='bbox 732 3190 844 3231; x_wconf 89' lang='lat' dir='ltr'>Ecce</span> <span class='ocrx_word' id='word_1_379' title='bbox 878 3199 957 3230; x_wconf 89' lang='lat' dir='ltr'>etc.</span> 
     </span>
    </p>
   </div>
   <div class='ocr_carea' id='block_1_9' title="bbox 206 3309 2464 3541">
    <p class='ocr_par' dir='ltr' id='par_1_10' title="bbox 207 3309 2395 3412">
     <span class='ocr_line' id='line_1_38' title="bbox 342 3309 2395 3356; baseline -0.001 -10"><span class='ocrx_word' id='word_1_380' title='bbox 342 3313 427 3348; x_wconf 70' lang='lat'>236.</span> <span class='ocrx_word' id='word_1_381' title='bbox 461 3320 477 3337; x_wconf 61' lang='grc' dir='ltr'><strong>ὃ</strong></span> <span class='ocrx_word' id='word_1_382' title='bbox 519 3316 709 3348; x_wconf 75' lang='lat' dir='ltr'>fridericus</span> <span class='ocrx_word' id='word_1_383' title='bbox 734 3325 795 3348; x_wconf 88' lang='lat' dir='ltr'>etc.</span> <span class='ocrx_word' id='word_1_384' title='bbox 823 3316 914 3348; x_wconf 84' lang='lat' dir='ltr'>card.</span> <span class='ocrx_word' id='word_1_385' title='bbox 940 3322 1001 3348; x_wconf 86' lang='lat' dir='ltr'>etc.</span> <span class='ocrx_word' id='word_1_386' title='bbox 1030 3315 1098 3347; x_wconf 74' lang='lat' dir='ltr'>des.</span> <span class='ocrx_word' id='word_1_387' title='bbox 1118 3315 1147 3347; x_wconf 90' lang='grc'>1.</span> <span class='ocrx_word' id='word_1_388' title='bbox 1288 3313 1321 3355; x_wconf 84' lang='lat' dir='ltr'>b)</span> <span class='ocrx_word' id='word_1_389' title='bbox 1345 3315 1514 3356; x_wconf 83' lang='lat' dir='ltr'>principes</span> <span class='ocrx_word' id='word_1_390' title='bbox 1540 3313 1571 3346; x_wconf 89' lang='lat'>1.</span> <span class='ocrx_word' id='word_1_391' title='bbox 1711 3314 1740 3351; x_wconf 80' lang='lat' dir='ltr'>c)</span> <span class='ocrx_word' id='word_1_392' title='bbox 1767 3312 1856 3344; x_wconf 82' lang='lat' dir='ltr'>deest</span> <span class='ocrx_word' id='word_1_393' title='bbox 1881 3311 1910 3343; x_wconf 76' lang='grc'>’2.</span> <span class='ocrx_word' id='word_1_394' title='bbox 2045 3309 2077 3351; x_wconf 79' lang='lat' dir='ltr'>d)</span> <span class='ocrx_word' id='word_1_395' title='bbox 2102 3312 2338 3344; x_wconf 81' lang='lat' dir='ltr'>Prenestinum</span> <span class='ocrx_word' id='word_1_396' title='bbox 2364 3310 2395 3344; x_wconf 77' lang='lat'>2.</span> 
     </span>
     <span class='ocr_line' id='line_1_39' title="bbox 207 3365 2047 3412; baseline -0.002 -9"><span class='ocrx_word' id='word_1_397' title='bbox 207 3377 235 3412; x_wconf 47' lang='grc' dir='ltr'>θ)</span> <span class='ocrx_word' id='word_1_398' title='bbox 263 3373 301 3404; x_wconf 87' lang='grc' dir='ltr'>Ο.</span> <span class='ocrx_word' id='word_1_399' title='bbox 331 3374 358 3403; x_wconf 93' lang='lat' dir='ltr'>l.</span> <span class='ocrx_word' id='word_1_400' title='bbox 475 3371 487 3394; x_wconf 76' lang='lat' dir='ltr'>f</span> <span class='ocrx_word' id='word_1_401' title='bbox 532 3374 647 3405; x_wconf 75' lang='lat' dir='ltr'>Sancti</span> <span class='ocrx_word' id='word_1_402' title='bbox 676 3391 716 3396; x_wconf 90' lang='lat'>—</span> <span class='ocrx_word' id='word_1_403' title='bbox 743 3374 918 3406; x_wconf 88' lang='lat' dir='ltr'>diaconem</span> <span class='ocrx_word' id='word_1_404' title='bbox 945 3373 1011 3405; x_wconf 71' lang='lat' dir='ltr'>des.</span> <span class='ocrx_word' id='word_1_405' title='bbox 1035 3373 1063 3404; x_wconf 94' lang='lat'>1.</span> <span class='ocrx_word' id='word_1_406' title='bbox 1181 3374 1213 3411; x_wconf 75' lang='lat' dir='ltr'>S)</span> <span class='ocrx_word' id='word_1_407' title='bbox 1240 3371 1327 3404; x_wconf 79' lang='lat' dir='ltr'>titul·</span> <span class='ocrx_word' id='word_1_408' title='bbox 1355 3370 1384 3403; x_wconf 79' lang='grc'>’2.</span> <span class='ocrx_word' id='word_1_409' title='bbox 1505 3369 1536 3409; x_wconf 75' lang='lat'>¹¹)</span> <span class='ocrx_word' id='word_1_410' title='bbox 1562 3377 1594 3403; x_wconf 84' lang='lat' dir='ltr'>et</span> <span class='ocrx_word' id='word_1_411' title='bbox 1621 3370 1650 3403; x_wconf 92' lang='lat'>1.</span> <span class='ocrx_word' id='word_1_412' title='bbox 1675 3369 1706 3403; x_wconf 78' lang='lat'>2.</span> <span class='ocrx_word' id='word_1_413' title='bbox 1823 3368 1848 3411; x_wconf 81' lang='lat' dir='ltr'>i)</span> <span class='ocrx_word' id='word_1_414' title='bbox 1875 3368 1989 3401; x_wconf 79' lang='lat' dir='ltr'>uocari</span> <span class='ocrx_word' id='word_1_415' title='bbox 2015 3365 2047 3399; x_wconf 78' lang='grc'>2.</span> 
     </span>
    </p>

    <p class='ocr_par' dir='ltr' id='par_1_11' title="bbox 206 3421 2464 3541">
     <span class='ocr_line' id='line_1_40' title="bbox 342 3421 2395 3481; baseline -0.002 -10"><span class='ocrx_word' id='word_1_416' title='bbox 342 3438 426 3472; x_wconf 73' lang='grc'>237.</span> <span class='ocrx_word' id='word_1_417' title='bbox 462 3445 490 3479; x_wconf 66' lang='lat'>⁸:</span> <span class='ocrx_word' id='word_1_418' title='bbox 519 3451 618 3472; x_wconf 58' lang='lat' dir='ltr'>neat*v</span> <span class='ocrx_word' id='word_1_419' title='bbox 634 3453 680 3473; x_wconf 81' lang='lat' dir='ltr'>c.:</span> <span class='ocrx_word' id='word_1_420' title='bbox 716 3453 778 3473; x_wconf 71' lang='lat' dir='ltr'>roa:</span> <span class='ocrx_word' id='word_1_421' title='bbox 802 3442 940 3473; x_wconf 80' lang='lat' dir='ltr'>incerta.</span> <span class='ocrx_word' id='word_1_422' title='bbox 1070 3439 1102 3479; x_wconf 78' lang='lat' dir='ltr'>b)</span> <span class='ocrx_word' id='word_1_423' title='bbox 1129 3421 1187 3471; x_wconf 64' lang='grc' dir='ltr'>ξε.</span> <span class='ocrx_word' id='word_1_424' title='bbox 1299 3439 1329 3481; x_wconf 92' lang='lat' dir='ltr'>c)</span> <span class='ocrx_word' id='word_1_425' title='bbox 1355 3439 1471 3471; x_wconf 87' lang='lat' dir='ltr'>incidit</span> <span class='ocrx_word' id='word_1_426' title='bbox 1497 3450 1521 3470; x_wconf 91' lang='lat' dir='ltr'>c.</span> <span class='ocrx_word' id='word_1_427' title='bbox 1633 3436 1666 3479; x_wconf 25' lang='lat' dir='ltr'>dl)</span> <span class='ocrx_word' id='word_1_428' title='bbox 1692 3438 1872 3480; x_wconf 84' lang='lat' dir='ltr'>preteritur</span> <span class='ocrx_word' id='word_1_429' title='bbox 1895 3448 1922 3469; x_wconf 81' lang='lat' dir='ltr'>c.</span> <span class='ocrx_word' id='word_1_430' title='bbox 2032 3435 2062 3476; x_wconf 59' lang='grc' dir='ltr'>Β)</span> <span class='ocrx_word' id='word_1_431' title='bbox 2089 3437 2323 3468; x_wconf 85' lang='lat' dir='ltr'>comitentium</span> <span class='ocrx_word' id='word_1_432' title='bbox 2347 3446 2395 3474; x_wconf 87' lang='lat' dir='ltr'>c.,·</span> 
     </span>
     <span class='ocr_line' id='line_1_41' title="bbox 206 3495 2464 3541; baseline -0.002 -12"><span class='ocrx_word' id='word_1_433' title='bbox 206 3498 423 3529; x_wconf 81' lang='lat' dir='ltr'>renitentium</span> <span class='ocrx_word' id='word_1_434' title='bbox 448 3499 582 3529; x_wconf 70' lang='lat' dir='ltr'>coniecit</span> <span class='ocrx_word' id='word_1_435' title='bbox 609 3498 653 3529; x_wconf 80' lang='lat' dir='ltr'>H.</span> <span class='ocrx_word' id='word_1_436' title='bbox 747 3497 771 3538; x_wconf 62' lang='lat' dir='ltr'>f)</span> <span class='ocrx_word' id='word_1_437' title='bbox 798 3498 975 3541; x_wconf 65' lang='lat' dir='ltr'>legendum</span> <span class='ocrx_word' id='word_1_438' title='bbox 1002 3508 1069 3530; x_wconf 71' lang='lat' dir='ltr'>esse</span> <span class='ocrx_word' id='word_1_439' title='bbox 1095 3497 1226 3529; x_wconf 70' lang='lat' dir='ltr'>videtur</span> <span class='ocrx_word' id='word_1_440' title='bbox 1251 3498 1367 3528; x_wconf 87' lang='lat' dir='ltr'>stricto</span> <span class='ocrx_word' id='word_1_441' title='bbox 1394 3496 1414 3528; x_wconf 80' lang='lat' dir='ltr'>i.</span> <span class='ocrx_word' id='word_1_442' title='bbox 1433 3507 1460 3528; x_wconf 82' lang='lat' dir='ltr'>e.</span> <span class='ocrx_word' id='word_1_443' title='bbox 1486 3495 1563 3527; x_wconf 78' lang='lat' dir='ltr'>Dei.</span> <span class='ocrx_word' id='word_1_444' title='bbox 2429 3498 2464 3524; x_wconf 79' lang='lat'>4⁰</span> 
     </span>
    </p>
   </div>
   <div class='ocr_carea' id='block_1_10' title="bbox 345 3586 791 3629">
    <p class='ocr_par' dir='ltr' id='par_1_12' title="bbox 345 3586 791 3629">
     <span class='ocr_line' id='line_1_42' title="bbox 345 3586 791 3629; baseline 0.007 -11"><span class='ocrx_word' id='word_1_445' title='bbox 345 3589 376 3619; x_wconf 81' lang='lat'>1·</span> <span class='ocrx_word' id='word_1_446' title='bbox 411 3586 446 3620; x_wconf 74' lang='lat' dir='ltr'>V.</span> <span class='ocrx_word' id='word_1_447' title='bbox 472 3587 627 3621; x_wconf 67' lang='lat' dir='ltr'>‘Archiv’</span> <span class='ocrx_word' id='word_1_448' title='bbox 656 3587 693 3629; x_wconf 76' lang='lat' dir='ltr'>V,</span> <span class='ocrx_word' id='word_1_449' title='bbox 715 3592 791 3622; x_wconf 70' lang='lat'><em>393.</em></span> 
     </span>
    </p>
   </div>
  </div>
 </body>
</html>
