2558 3970
228 173 307 210 450
763 165 976 200 coNRADl
1004 165 1062 198 lv.
1090 164 1514 199 CONSTITUTIONES.
1565 165 1662 199 1253.
1712 164 1866 199 N1·.343.

267 429 400 494 343.
455 420 1253 493 PROMULGATIO
1299 421 1709 491 VICARH
1752 419 2367 492 GENERALIS

607 536 815 606 PER
868 535 1230 607 TOTAM
1282 534 2031 605 LOMBARDIAM.

1114 659 1255 706 1253.
1295 660 1438 707 Febr.
1468 659 1545 706 aa.

373 805 609 856 chelimns
650 803 863 844 editionem
904 802 987 841 <riri
1025 801 1071 842 cl.
1096 801 1141 842 F
1142 801 1248 842 ickcr
1279 801 1586 854 ‘Forsdeunqon
1623 815 1700 842 zm·
1732 801 1898 843 Reicies·
1928 802 2016 842 wid
2045 802 2411 855 Rechtsyeschiclzte

230 875 416 915 Italicus·
445 873 524 917 111
559 886 620 912 ην.
646 874 740 921 423,
773 872 844 923 qni
874 871 1017 911 evole-it
1040 870 1210 911 codicem
1245 869 1504 911 bibliothecae
1526 870 1720 921 publicae
1741 870 1987 911 Parmensis
2017 883 2119 912 saec.
2142 870 2240 921 XV,
2271 871 2414 912 Histo-

233 943 337 982 riam
371 942 678 982 Pall‹1z.·e'ce'nam
709 940 991 989 confinentem,
1017 939 1097 992 fol.
1119 940 1158 980 S.
1223 938 1448 979 Confectus
1478 938 1685 990 discrepat
1714 952 1741 978 ιι
1762 940 1951 980 contextu
1972 941 2192 979 ceterorum
2213 939 2414 980 similium

230 1011 449 1051 ι’(ῖίσίυνιυη
491 1013 527 1050 ct
568 1009 874 1058 ›nan‹l‹1t0re‹m.‚
916 1020 1020 1059 quas
1059 1020 1189 1059 snpra
1218 1009 1255 1048 ct
1293 1006 1409 1058 infra
1443 1006 1700 1060 proferimus
1730 1007 1805 1048 sub
1845 1020 1910 1049 nr.
1940 1009 2037 1048 216.
2065 1008 2161 1048 217.
2190 1009 2288 1050 266.
2315 1009 2414 1050 270.

230 1081 325 1119 272.
349 1081 444 1119 273.
468 1081 562 1119 334.
629 1076 828 1128 Conscras
862 1076 977 1117 celim
1007 1076 1219 1128 epistolam
1250 1076 1297 1115 in
1329 1075 1432 1116 libro
1462 1075 1732 1116 dictaminum
1762 1076 1879 1117 Petri
1900 1075 1947 1116 de
1978 1075 2118 1117 Vincis
2138 1076 2165 1117 l.
2187 1076 2275 1127 III,
2307 1090 2337 1118 c.
2360 1078 2414 1117 79

230 1148 465 1188 missensem
507 1147 718 1199 (B‹‘›'Izmcr‚
751 1146 847 1197 chy.
880 1145 1094 1195 134593),
1131 1158 1207 1196 per
1245 1157 1368 1197 quam
1406 1158 1480 1185 rea·
1523 1143 1862 1187 Cremonensibus
1909 1159 2064 1198 quoque
2103 1145 2327 1198 siginificat,
2373 1158 2414 1186 se

232 1217 502 1257 marchionem
537 1215 847 1256 Pallaz·icinnm
891 1214 1089 1255 vicarimn
1127 1213 1357 1267 yeneralem
1389 1213 1592 1255 statuisse.
1634 1239 1688 1243 —
1728 1213 1920 1265 Bo'limer,
1953 1214 2054 1267 Regy.
2086 1214 2184 1265 imp
2214 1213 2258 1264 V,
2286 1214 2412 1257 4592.

2038 1282 2108 1335 (P.
2133 1282 2271 1336 deest.)

377 1387 567 1427 Coradus
602 1387 684 1428 Dei
723 1387 861 1441 gratia
892 1386 1182 1426 Romanorum
1224 1387 1265 1426 in
1305 1400 1452 1440 regem
1487 1385 1667 1427 ellectus
1701 1400 1872 1441 semper
1904 1390 2135 1440 augustus,
2178 1386 2440 1427 Ierusalem<

234 1468 273 1497 ct
317 1456 460 1497 Sicilie
503 1470 579 1496 rex
628 1456 804 1510 prelatis
845 1455 1145 1505 ecclesiarum,
1189 1454 1531 1504 marchionibus,
1578 1455 1822 1506 comitibus,
1864 1455 2173 1509 potestatibus,
2212 1455 2416 1506 consiliis,

234 1524 550 1566 communibus.
592 1525 843 1565 baronibus.
884 1523 1087 1564 militibus
1120 1527 1162 1564 et
1192 1523 1404 1564 universis
1438 1538 1515 1578 per
1545 1526 1679 1564 totam
1711 1522 2015 1564 Lombardiam
2048 1527 2135 1565 tam
2167 1538 2192 1565 a
2221 1524 2407 1566 Lambro

233 1595 427 1649 superius
475 1608 599 1649 quam
646 1593 821 1634 inferius
868 1593 1131 1643 constitutis,
1176 1592 1342 1633 dilectis
1387 1592 1586 1633 fidelibus
1630 1593 1739 1643 suis,
1787 1592 1969 1647 gratiam
2012 1606 2132 1634 suam
2174 1596 2217 1634 et
2256 1593 2412 1634 bonam

232 1663 509 1704 voluntatem.

376 1732 494 1773 Inter
533 1746 658 1772 curas
700 1736 742 1771 et
785 1730 1086 1771 meditationes
1119 1729 1336 1781 assiduas,
1377 1729 1532 1784 quibus
1566 1743 1748 1770 acumen
1787 1730 1921 1771 nostri
1955 1744 2105 1771 sensus
2138 1731 2337 1786 evigilat,
2370 1730 2413 1772 id

236 1802 421 1841 occurrit
461 1801 714 1856 precipuum
747 1800 855 1840 votis
889 1799 1069 1849 nostris,
1110 1803 1156 1838 ut
1189 1799 1343 1839 solium
1377 1799 1495 1853 regie
1528 1798 1775 1853 dignitatis,
1817 1798 1928 1853 quod
1960 1800 2087 1840 armis
2119 1799 2203 1840 iam
2233 1800 2412 1854 insigni-

234 1871 386 1921 vimus,
419 1884 633 1910 armemus
667 1869 833 1923 legibus
866 1872 908 1909 et
940 1868 1056 1908 cultu
1088 1867 1249 1908 iustitie
1281 1867 1547 1915 decoremus,
1580 1871 1627 1908 ut
1659 1867 1972 1909 alternantibus
2006 1882 2051 1908 se
2074 1882 2215 1909 rerum
2239 1872 2282 1910 et
2302 1872 2412 1910 tem-

236 1952 385 1993 porum
418 1939 592 1979 vicibus.
626 1938 724 1978 dum
758 1941 856 1992 apte
888 1937 968 1977 sibi
1001 1937 1078 1977 sub
1111 1936 1285 1991 provido
1316 1936 1488 1991 preside
1520 1937 1642 1992 leges
1674 1940 1716 1977 et
1739 1951 1857 1978 arma
1879 1937 2152 1990 conveniunt,
2185 1941 2412 1993 utrumque

234 2014 400 2063 tempus
441 2008 681 2048 necessario
720 2006 1009 2047 moderamine
1051 2006 1352 2060 gubernemur,
1395 2019 1573 2060 quorum
1612 2019 1738 2046 usum
1779 2005 1838 2046 sic
1876 2006 2001 2047 nobis
2035 2007 2233 2061 congruis
2266 2006 2415 2048 decre-

237 2078 371 2117 vimus
412 2076 616 2131 adaptare
655 2075 941 2131 temporibus,
984 2079 1031 2115 ut
1068 2074 1167 2115 dum
1208 2075 1327 2129 leges
1359 2074 1579 2115 condimus
1612 2079 1654 2115 et
1686 2074 1892 2115 iustitiam
1925 2089 2235 2131 propagamus,
2267 2075 2416 2117 fideles

238 2153 279 2187 et
312 2146 410 2186 boni
445 2145 521 2186 sub
554 2159 656 2199 rege
696 2145 875 2199 pacifico
910 2144 1053 2185 effecti
1091 2144 1209 2198 pacis
1252 2148 1295 2185 et
1336 2143 1499 2184 iustitie
1543 2157 1794 2198 posessores
1827 2144 1870 2184 in
1903 2145 2018 2184 omni
2050 2145 2194 2198 quiete
2227 2148 2270 2186 et
2300 2149 2416 2185 tran-

240 2214 448 2268 quillitate
482 2215 705 2268 respirent,
739 2213 931 2254 infideles
965 2217 1007 2254 et
1031 2213 1274 2263 facinorosi,
1307 2213 1378 2267 qui
1400 2217 1639 2253 nostrorum
1662 2216 1806 2254 roseta
1840 2212 2028 2254 fidelium
2050 2213 2209 2268 proprii
2232 2213 2419 2268 contagii

242 2284 491 2337 spinositate
531 2282 791 2334 deformant,
834 2281 886 2323 de
930 2281 1147 2335 regiminis
1188 2282 1321 2321 nostri
1361 2281 1525 2322 rosario
1557 2280 1691 2322 seduli
1723 2282 1898 2322 cultoris
1932 2281 2074 2322 officio
2108 2281 2309 2322 radicitus
2342 2296 2417 2323 ex-

239 2352 462 2406 tirpentur.
530 2352 598 2392 Ad
639 2351 751 2406 quod
794 2351 1027 2392 efficaciter
1069 2349 1395 2405 exequendum,
1440 2350 1521 2391 etsi
1559 2351 1752 2405 quelibet
1799 2351 1916 2405 regio
1953 2355 2040 2392 tam
2078 2365 2156 2406 per
2193 2351 2431 2407 imperium

241 2435 366 2474 quam
400 2434 531 2474 regna
565 2425 711 2461 nostra
741 2424 887 2461 nostro
921 2420 1118 2461 subiecta
1149 2419 1348 2474 regimini
1381 2419 1499 2474 regie
1531 2419 1788 2460 beneficium
1819 2420 2074 2474 provisionis
2106 2419 2330 2474 imploret,
2364 2419 2418 2460 ad

237 2503 331 2529 eam
374 2493 515 2529 tamen
555 2494 700 2530 nostre
741 2489 1134 2543 circumspectionis
1179 2489 1323 2529 oculos
1356 2488 1602 2543 specialiter
1638 2487 1900 2542 providimus
1933 2487 2198 2543 dirigendos,
2242 2502 2323 2543 que
2354 2489 2418 2530 sui

236 2557 481 2612 placiditate
524 2573 601 2599 nos
642 2558 774 2599 allicit
817 2562 859 2598 et
900 2558 1073 2598 culmini
1118 2561 1260 2598 nostro
1304 2571 1381 2612 pro
1422 2558 1577 2598 ceteris
1620 2557 1879 2611 obsequiosa
1917 2558 2077 2612 pariter
2119 2560 2161 2598 et
2199 2557 2420 2598 fructuosa

239 2627 445 2668 consistit.
516 2626 626 2666 Sane
671 2627 752 2666 etsi
801 2640 983 2680 persone
1031 2625 1306 2666 individuitas
1352 2626 1524 2666 minime
1573 2625 1779 2680 paciatur,
1823 2626 1934 2680 quod
1977 2626 2135 2681 ubique
2176 2626 2300 2666 simul
2342 2640 2417 2681 pro

241 2704 338 2735 voto
373 2701 609 2735 nostrorum
652 2695 840 2736 fidelium
878 2696 1090 2750 possimus
1126 2709 1200 2735 nos
1234 2695 1409 2736 exibere
1442 2698 1691 2749 presentes,
1736 2694 1789 2735 ad
1821 2694 2065 2736 huiusmodi
2096 2698 2239 2735 tamen
2271 2699 2417 2749 partes

240 2764 538 2804 sollicitudinis
582 2764 675 2803 illas
719 2764 987 2804 decrevimus
1027 2763 1337 2813 admittendos,
1384 2777 1489 2818 quos
1539 2763 1645 2804 fides
1686 2767 1867 2818 experta
1909 2763 2050 2804 reddit
2087 2763 2339 2819 conspicuos
2376 2767 2419 2804 et

239 2832 470 2887 probabilis
503 2832 709 2873 industria
735 2834 1078 2888 circumspectos.
1187 2832 1404 2873 Noveritis
1427 2833 1557 2886 igitur
1579 2831 1690 2886 quod
1714 2846 1792 2873 nos
1817 2832 1965 2873 confisi
1988 2832 2040 2873 de
2064 2831 2160 2882 fide,
2191 2831 2417 2884 industria,

239 2902 456 2955 legalitate
491 2906 532 2941 et
566 2901 830 2942 sufficiencia
863 2901 1012 2942 Uberti
1042 2901 1298 2942 marchionis
1322 2901 1572 2942 Pallavicini
1606 2900 1771 2942 dillecti
1800 2901 2022 2942 familiaris
2045 2904 2087 2941 et
2109 2900 2245 2941 fidelis
2268 2901 2417 2952 nostri,

239 2971 413 3011 attentis
447 2974 532 3009 tam
566 2969 773 3024 dignitate
809 2968 1056 3024 [provincie]
1093 2984 1219 3024 quam
1251 2970 1526 3024 qualitatibus
1567 2970 1844 3019 incollarum,
1888 2983 1984 3010 eum
2016 2984 2094 3024 per
2124 2973 2257 3010 totam
2287 2968 2415 3009 Lom-

240 3038 429 3078 bardiam
463 3043 548 3079 tam
581 3052 605 3078 a
636 3038 821 3079 Lambro
856 3039 1051 3093 superius
1083 3053 1208 3093 quam
1249 3038 1425 3079 inferius
1455 3038 1702 3092 generalem
1733 3038 1938 3078 vicarium
1970 3039 2079 3079 sacri
2111 3037 2278 3092 imperii
2310 3037 2417 3079 deli-

241 3107 460 3147 beratione
500 3107 677 3161 provida
718 3107 916 3147 duximus
960 3107 1253 3158 statuendum,
1304 3111 1351 3146 ut
1395 3106 1467 3147 ubi
1510 3120 1686 3147 concors
1728 3106 1857 3147 fuerit
1895 3106 2110 3160 prelature
2153 3105 2336 3160 paritas,
2377 3109 2419 3146 et

242 3176 428 3230 prelatus
473 3177 562 3230 ipse
607 3183 693 3215 tam
726 3176 876 3216 nobili.
922 3181 1005 3215 tam
1040 3175 1168 3229 digne
1201 3176 1417 3230 provincie
1452 3189 1625 3230 preesse
1660 3189 1704 3215 se
1738 3174 1943 3229 gaudeat,
1990 3175 2169 3229 ipsaque
2201 3173 2419 3229 provincia

243 3245 318 3284 sub
352 3250 438 3285 tam
471 3244 666 3285 industrii
699 3245 877 3299 prefecti
909 3244 1200 3285 moderamine
1232 3245 1457 3299 glorietur;
1492 3244 1778 3285 concedentes
1812 3244 1950 3285 eidem
1984 3256 2149 3283 merum
2172 3248 2215 3283 et
2236 3243 2417 3283 mixtum

244 3313 465 3367 imperium
499 3319 541 3353 et
564 3313 693 3367 gladii
726 3317 997 3368 potestatem,
1031 3327 1113 3367 quo
1138 3313 1271 3368 possit
1293 3313 1335 3353 in
1358 3313 1621 3353 facinorosos
1645 3312 1876 3354 decernere
1901 3316 1945 3353 et
1968 3310 2173 3352 excessus
2198 3311 2414 3365 corrigere

244 3383 525 3436 singulorum:
574 3382 805 3423 adiecimus
845 3382 1144 3423 nichilominus
1187 3383 1226 3423 ei
1266 3383 1467 3423 universa
1510 3386 1553 3423 et
1595 3381 1763 3436 singula
1801 3395 1884 3435 que
1921 3380 1975 3420 ad
2011 3379 2226 3434 generalis
2258 3379 2417 3420 vicarie

243 3451 428 3491 officium
468 3452 682 3505 pertinere
726 3456 970 3501 noscuntur,
1014 3450 1371 3504 quemadmodum
1411 3463 1486 3504 per
1517 3449 1661 3489 divum
1693 3445 1922 3503 augustum
1954 3448 2192 3502 genitorem
2223 3451 2416 3488 nostrum

243 3519 378 3558 felicis
422 3519 624 3559 memorie
667 3519 859 3573 predicta
897 3519 1037 3559 omnia
1075 3518 1314 3571 dilligentie
1358 3532 1433 3558 sue
1466 3532 1491 3558 a
1522 3517 1709 3558 Lambro
1742 3516 1920 3557 inferius
1953 3516 2179 3556 commissa
2209 3515 2415 3556 hactenus

247 3588 493 3628 extiterunt.
613 3586 885 3642 Quapropter
923 3587 1135 3628 universis
1171 3585 1244 3642 [et]
1278 3586 1457 3641 singulis
1500 3585 1577 3626 sub
1609 3585 1788 3626 obtentu
1818 3585 1955 3639 gratie
1988 3588 2133 3625 nostre
2166 3583 2342 3625 firmiter
2373 3586 2416 3624 et

2451 1228 2482 1252 10

2451 1607 2482 1631 15

2451 1950 2484 1975 20

2453 2297 2485 2323 25

2455 2641 2488 2666 30

2453 2983 2484 3010 35

249 3655 437 3695 districte
470 3655 742 3709 precipiendo
775 3656 1042 3706 mandamus,
1077 3663 1286 3709 quatenus
1320 3654 1372 3696 de
1405 3654 1600 3695 omnibus
1632 3653 1685 3694 ad
1717 3653 1903 3695 officium
1937 3652 2093 3694 vicarie
2125 3652 2260 3707 ipsius
2293 3663 2412 3706 spec·
2449 3669 2479 3696 4⁵
