2558 3970
594 201 845 236 MANFREDI
873 201 1010 236 REGIS
1038 202 1269 238 EPISTULA
1299 204 1361 238 AD
1389 204 1634 241 ROMANOS.
1687 208 1782 242 1205.
1834 208 1992 243 N1·.424.
2309 212 2390 249 5ϋῦ

187 316 445 371 proveniens
480 317 704 371 sanguine,
740 317 944 358 victoria⁰
976 331 1025 358 ac
1060 318 1290 374 triumpho,
1325 324 1396 361 tue
1431 322 1613 363 sollicite
1638 323 1905 374 obediencie,
1940 324 2085 364 inclita
2110 323 2212 364 urbs
2238 323 2389 366 Roma.

187 385 419 426 annunciat
451 385 564 440 quod
598 391 663 427 est
697 386 923 442 scriptum:
958 386 1123 427 ‘vobisp
1156 388 1268 428 enirn
1303 388 1449 429 datum
1484 395 1551 431 est
1584 405 1708 431 nosse
1743 393 1980 433 misterium
2006 393 2125 447 regni
2155 391 2263 436 Doi',
2297 396 2384 432 tani

188 454 356 509 imperii
390 454 662 495 restaurandi
695 468 821 510 quam
855 459 927 496 tue
961 455 1196 510 reipupliee
1231 457 1491 502 resanande,
1527 461 1697 500 *ceteris
1732 467 1876 502 autern
1907 462 2002 502 aliis
2038 463 2076 502 in
2113 459 2389 517 1›arabolis“·.

187 522 293 570 Quis
326 522 626 576 Germanicus,
660 524 754 579 quis
777 523 996 579 Yspanus‚
1030 524 1123 579 quis
1147 525 1392 579 Anglieus‘,
1428 528 1521 581 quis
1546 528 1753 579 Francus,
1787 531 1880 584 quis
1907 530 2203 575 provincialis,
2237 530 2387 585 quisve

130 609 144 632 5
188 591 419 633 cuiuslibet
450 593 636 647 generis,
670 593 859 633 nacionis
892 593 1017 633 nobis
1051 593 1296 634 nolentibus
1332 595 1407 635 tibi
1435 595 1568 637 Rome
1599 599 1754 652 poterit
1779 599 1988 640 dominari
2013 606 2054 640 et
2087 600 2145 639 tui
2170 599 2387 652 regiminis

117 954 146 977 10

112 1297 142 1320 15

106 1644 140 1670 20

103 1993 135 2019 25

101 2394 135 2420 30

99 2740 132 2766 35

97 3027 131 3051 40

96 3310 129 3336 45

184 660 417 702 salubriter
467 661 712 703 ministrare
759 661 946 702 officium
993 675 1042 702 ac
1091 662 1281 716 regimen
1332 664 1392 704 tui
1441 665 1586 719 populi
1635 672 1677 706 et
1720 672 1924 707 senatus?
1988 668 2157 722 Quippe
2200 666 2386 707 nonduin

187 730 383 786 spiritum
406 729 610 785 produxit
633 730 673 770 in
697 734 871 771 ortum⁸.
925 729 1019 778 Quo
1043 744 1203 785 genera
1228 731 1446 772 hominum
1472 733 1802 776 advenientibus
1827 741 1969 776 nostre
1995 737 2195 791 potencie
2220 736 2385 790 magnis

181 798 402 854 paratibus
443 799 648 840 resistere
694 803 915 854 poterunt,
959 799 1079 854 quin‘
1112 804 1254 840 nostro
1288 801 1466 841 arbitrio
1498 803 1746 857 capitolium
1778 805 2093 846 ascendamus?
2164 805 2385 859 Incognita

183 882 357 924 prorsus
399 872 498 909 sunt
541 869 698 924 populo
741 868 993 910 christiano.
1057 867 1190 909 Cuius
1233 870 1433 924 potencie
1475 870 1650 912 brachia
1692 873 1905 914 cadavera
1948 879 2043 918 tua.
2088 874 2268 928 singulis
2311 888 2386 913 sue

184 938 511 979 denervacionis
554 936 1003 993 conglutinaeionibus
1049 937 1279 990 dissoluta,
1324 939 1517 980 iacencia
1550 946 1788 995 prostrata,
1830 942 1991 983 dudum
2024 943 2278 997 deslwrata,v
2313 957 2387 997 per

180 1007 375 1062 singulos
416 1007 672 1062 recolligere
712 1006 870 1061 illaque
911 1006 1207 1061 recolligendo
1249 1021 1402 1049 sanare
1438 1007 1699 1066 {poterunth
1749 1012 1849 1066 quin
1883 1012 2077 1052 eiusdem
2114 1011 2165 1051 de
2201 1011 2310 1051 malo
2345 1012 2383 1050 in

178 1076 300 1131 peius
324 1076 509 1118 obducte
531 1077 688 1117 iterum
712 1079 890 1131 pateant
909 1075 1160 1117 cicatrices?
1210 1075 1465 1132 Respondet
1484 1078 1630 1119 mundi
1651 1079 1891 1135 deposcens
1914 1069 2202 1121 neccessitas:
2229 1087 2383 1120 n‹·n1‹›·¹

179 1145 259 1185 nisi
291 1145 468 1186 maximi
501 1145 616 1186 filius
650 1145 825 1196 cesaris,
859 1145 927 1186 cui
958 1144 1155 1200 predicta
1189 1144 1372 1187 feliciter
1404 1161 1534 1202 agere
1568 1152 1721 1190 natura
1744 1163 1799 1190 cx
1831 1151 2042 1205 sanguine
2079 1150 2243 1205 imperii
2269 1149 2383 1189 edita

178 1219 266 1254 tam
299 1214 646 1255 antonomasicev
680 1227 808 1269 quam
847 1213 1098 1254 evidencius
1141 1214 1438 1256 amministrat.
1559 1216 1654 1272 (23)
1694 1217 1838 1266 Quare
1872 1233 1946 1260 vos
1993 1220 2110 1260 cives
2144 1224 2188 1259 et
2222 1219 2384 1259 incolas

181 1282 326 1324 inclite
374 1283 485 1324 alme
520 1282 671 1335 Urbis,
719 1283 790 1337 qui
834 1287 1108 1323 vestrorumw
1156 1283 1311 1324 civium
1355 1283 1666 1327 Brancaleonis
1710 1286 2042 1340 Bononiensis1,
2088 1287 2300 1328 Manuelis
2333 1287 2385 1327 de

178 1351 334 1405 Mai02,
366 1351 600 1394 Boncontis
623 1351 1004 1394 U1·beveterani1·³
1035 1366 1204 1394 necnon
1227 1352 1407 1394 illustris
1433 1354 1602 1395 comitis
1625 1355 1933 1412 R(ic}1ardi)›··⁴
1968 1357 2202 1412 regiminez
2227 1356 2382 1412 proba-

178 1422 298 1463 vistis
338 1420 701 1463 diminucionem³
742 1425 872 1476 atque
916 1420 1133 1462 defectum
1177 1422 1308 1462 vestri
1353 1426 1529 1464 senatus
1574 1425 1722 1479 pocius
1755 1439 1882 1480 quam
1925 1430 2223 1481 augmentum,
2271 1425 2383 1480 quod

176 1490 401 1547 patenterb
435 1490 679 1532 ostenditur
710 1495 797 1532 tam
832 1495 1073 1532 vestrorum
1107 1490 1405 1532 hedificiorum
1439 1492 1562 1533 ruina
1595 1507 1723 1548 quam
1746 1495 1839 1535 aliis
1863 1496 2038 1536 maximi
2072 1499 2249 1537 senatus
2284 1508 2382 1549 pre-

176 1560 313 1602 coniis
345 1559 567 1601 diminutis
599 1563 730 1615 atque
762 1559 928 1615 sopitis,
962 1560 1179 1601 attencius
1210 1560 1469 1615 requirimus
1501 1565 1544 1603 et
1566 1566 1768 1615 ortamur,
1801 1569 2014 1618 quatenus
2049 1566 2159 1606 sicut
2182 1577 2381 1618 umquam

177 1630 356 1686 diligitis
380 1634 539 1672 statum
561 1634 704 1672 vestre
728 1629 965 1685 reipuplice
993 1628 1338 1681 restaurandum,
1370 1637 1481 1671 nonc
1504 1634 1648 1672 autem
1671 1632 1847 1673 nostred
1871 1634 2194 1689 magnificencie
2219 1632 2382 1675 aculeis

172 1699 458 1741 affliccionum
499 1698 642 1740 acrius
675 1712 725 1740 ac
765 1698 1038 1754 frequencius
1077 1698 1410 1751 stimulandum,
1452 1700 1530 1741 sub
1576 1701 1763 1743 tuicione
1808 1702 1971 1743 alarum
2016 1708 2162 1744 nostre
2195 1702 2383 1743 tonantis

172 1769 374 1824 potencie
407 1769 699 1824 quamtocius⁰
731 1767 1006 1819 accedentes,
1041 1767 1143 1809 dicti
1176 1768 1346 1809 comitis
1379 1768 1616 1811 licencietis
1640 1771 1847 1812 vicarium
1881 1776 1923 1813 et
1955 1772 2214 1814 exaltacioni
2248 1771 2381 1812 nostri

170 1838 353 1879 nominis
392 1837 585 1879 totaliter
625 1836 921 1889 intendentes,
970 1836 1075 1878 illud
1116 1836 1317 1878 Codicis⁵
1357 1837 1411 1879 ad
1455 1843 1642 1880 vestram
1688 1841 1940 1882 memoriam
1990 1841 2229 1882 reducatis:
2271 1840 2381 1882 ‘ideo

172 1921 196 1948 e
229 1907 322 1949 celo
354 1905 475 1948 Deus
507 1905 699 1948 divinum
731 1906 955 1962 proposuit
984 1907 1232 1962 imperium,
1273 1910 1319 1948 ut
1351 1906 1490 1948 eidem
1523 1909 1694 1964 singule
1719 1908 1972 1951 subiaceant
2004 1909 2241 1962 naciones',
2274 1924 2377 1965 quo-

173 1975 312 2018 niams
340 1990 418 2032 pro
450 1976 564 2017 iamss
593 1975 710 2017 dicta
741 1976 1065 2018 restauracione
1097 1975 1265 2032 imperii
1297 1990 1347 2018 ac
1378 1977 1614 2033 reipuplice
1646 1978 1939 2020 Romanorum
1972 1979 2026 2020 ad
2060 1980 2171 2021 sacri
2205 1993 2378 2020 sumen-

169 2043 300 2087 dum¹²
331 2044 544 2101 dyadema
574 2044 743 2100 imperii
776 2045 1034 2087 auctoritate
1067 2045 1132 2086 sui
1165 2056 1356 2097 senatuS,
1388 2047 1537 2102 populi
1571 2051 1613 2089 et
1645 2048 1837 2089 comunis
1862 2046 1994 2104 [cum]
2018 2050 2209 2090 maxime
2236 2052 2380 2089 nostre

168 2114 370 2170 potencie
403 2114 671 2168 commitiva,
704 2113 866 2156 Christi
897 2114 1070 2156 nomine
1103 2115 1317 2168 invocato,
1349 2115 1556 2158 advenire
1582 2114 1670 2174 [ad]
1696 2121 1738 2159 te
1761 2116 1946 2159 Romam
1970 2121 2151 2160 matrem
2176 2120 2219 2159 et
2241 2116 2379 2172 capud

169 2184 339 2240 imperii
370 2197 668 2240 properamus.

312 2252 430 2296 Data
460 2252 612 2309 Fogie,
643 2251 838 2295 XXIIII.
871 2252 1019 2305 Madii,
1052 2257 1208 2296 octave
1240 2252 1508 2296 indiecionis.

309 2377 396 2414 424.
428 2381 460 2423 ⁰)
484 2381 625 2414 victorie
649 2380 689 2413 P.
796 2379 828 2421 P)
854 2380 953 2413 nobis
979 2378 1017 2412 P.
1041 2379 1075 2413 O.
1182 2378 1214 2422 q)
1240 2380 1315 2413 aliis
1340 2381 1539 2424 inparabilis
1557 2380 1597 2413 P.
1705 2381 1733 2421 r)
1760 2382 1836 2423 quis
1862 2383 2029 2426 Anglicus
2046 2383 2114 2415 (les.
2135 2382 2172 2414 P.
2276 2381 2304 2423 Β)
2332 2381 2379 2412 in-

169 2442 278 2470 ortum
305 2437 352 2476 P,·
387 2443 534 2472 mortum
562 2438 598 2471 Ο.
737 2437 764 2479 t)
797 2441 982 2480 potuerunt
1012 2437 1071 2479 qui
1096 2436 1144 2474 P,·
1182 2437 1216 2469 in
1251 2437 1333 2470 add.
1352 2449 1378 2470 c.
1520 2438 1555 2480 ι1)
1589 2439 1781 2471 necessario
1809 2439 1845 2472 C.
1988 2438 2019 2481 V)
2050 2439 2316 2473 antonomastice
2345 2439 2377 2470 (ι’.

167 2495 207 2536 W)
233 2500 425 2528 nostrorum
451 2508 478 2529 c.
593 2495 627 2536 x)
660 2495 746 2528 urbe
778 2499 928 2528 veteram
956 2494 996 2528 P.
1113 2493 1145 2537 δ’)
1176 2496 1213 2528 B.
1241 2505 1292 2536 c.,·
1321 2500 1369 2528 est
1398 2495 1592 2528 Riclzardus
1627 2496 1668 2529 cle
1694 2496 1867 2529 cornubia
1892 2508 1963 2530 reas.
2082 2503 2112 2539 Ζ)
2145 2497 2312 2541 regimina
2338 2495 2377 2528 P.

167 2552 199 2594 a)
225 2552 459 2586 diminutionis
488 2558 591 2596 atque
623 2553 776 2586 defectus
800 2563 834 2585 v.
857 2563 884 2585 s.
908 2563 940 2595 p.
963 2563 996 2594 q.
1021 2553 1196 2596 augmenti
1222 2563 1249 2585 c.
1390 2550 1424 2595 b)
1456 2557 1611 2596 potenter
1638 2553 1673 2586 C.
1815 2554 1847 2594 c)
1879 2564 1942 2587 nec
1969 2553 2003 2586 Ο.
2145 2552 2177 2596 (¹)
2205 2554 2326 2587 vestris
2351 2564 2377 2585 c.

167 2608 199 2651 e)
225 2620 330 2653 quam
355 2611 462 2644 cicius
490 2610 524 2645 Ο.
643 2608 672 2653 f)
697 2621 804 2654 quum
833 2610 867 2643 0.
987 2607 1020 2651 8)
1045 2615 1116 2642 tam
1142 2610 1182 2643 P.
1302 2608 1336 2653 11)
1363 2611 1602 2644 summendum
1628 2610 1669 2643 P.

308 2724 341 2765 l)
379 2723 576 2758 Bramaleo
609 2722 652 2757 de
683 2721 829 2757 Αηᾱαῐό
865 2734 897 2757 α.
922 2726 1009 2758 1253
1041 2723 1130 2765 (non
1156 2733 1234 2758 vero
1262 2724 1358 2767 1252)
1388 2734 1432 2758 m.
1457 2724 1549 2768 Any.
1583 2726 1725 2758 senator
1759 2727 1898 2758 erectus
1929 2724 1970 2758 in
2000 2724 2210 2767 triennium,
2244 2734 2277 2757 a.
2300 2727 2378 2757 1255

165 2792 210 2816 m.
236 2780 328 2817 Nov.
353 2785 497 2826 captus,
531 2792 564 2816 a.
588 2785 670 2816 1256
700 2791 728 2815 c.
752 2791 797 2815 m.
816 2780 908 2824 Aug.
941 2780 1107 2815 leberatus
1139 2784 1171 2815 et
1201 2792 1234 2815 α.
1254 2785 1336 2816 1257
1362 2791 1389 2815 e.
1407 2791 1451 2816 m.
1473 2781 1564 2816 Mai.
1596 2781 1724 2815 iterum
1757 2785 1910 2825 creatus,
1948 2793 1980 2815 a.
2006 2786 2091 2816 1258
2121 2784 2282 2815 mortuus
2313 2783 2378 2821 cst;

164 2849 195 2874 υ.
223 2838 359 2873 Mathei
385 2838 606 2873 Parisiensis
633 2837 809 2873 Chronica
832 2837 975 2872 maiora
1006 2837 1067 2873 SS.
1096 2838 1181 2873 XX
1189 2838 1296 2883 VIII,
1316 2842 1388 2874 332.
1406 2842 1482 2874 356.
1499 2843 1572 2874 359.
1589 2842 1665 2874 361.
1683 2843 1756 2874 377.
1774 2843 1838 2874 385
1863 2850 1943 2874 eum
1967 2839 2079 2882 notis;
2111 2837 2378 2873 Schirrmaeher

167 2895 382 2932 ‘Geschichte
409 2896 473 2932 der
488 2897 610 2932 letzte‘n
625 2895 916 2939 Hohenstaufen’
937 2901 984 2931 44
995 2907 1056 2940 sq„
1086 2896 1321 2941 Gregyo‘rovius
1347 2896 1558 2932 ‘Gesehichte
1575 2895 1636 2930 der
1653 2895 1758 2930 Stadt
1779 2896 1871 2931 Rom
1888 2897 1935 2930 im
1953 2896 2176 2931 Mittelalce70
2198 2895 2236 2939 V,
2249 2899 2320 2930 280
2328 2905 2375 2938 sq.

166 2953 253 2989 Post
269 2953 529 2989 Branealeonis
551 2957 694 2989 mortem
718 2954 939 2989 ammomum
966 2953 1044 2988 eius
1067 2957 1266 2989 senatorem
1291 2957 1451 2990 creatam
1475 2963 1553 2998 esse,
1579 2956 1707 2988 auctor
1722 2956 1772 2987 est
1789 2952 1956 2988 Matheus
1974 2964 2011 2998 1²·
2029 2958 2102 2998 385,
2128 2963 2229 2997 quem
2248 2952 2375 2987 Castel-

166 3012 291 3046 Zcmum
314 3011 354 3046 cle
378 3011 526 3047 Andalo
548 3012 660 3054 fuisse
683 3011 807 3047 dicant
834 3011 1070 3056 Greqmvvius
1095 3014 1127 3046 et
1150 3011 1420 3047 Schirrmaeher.
1516 3012 1552 3055 2)
1579 3011 1733 3044 Manuel
1755 3009 1798 3045 (le
1823 3011 1928 3045 BIa'io
1952 3021 2013 3045 sea
2037 3010 2078 3044 (Ie
2095 3010 2220 3045 Madia
2244 3022 2277 3043 a.
2293 3014 2377 3044 1256

164 3069 216 3104 in.
241 3072 382 3104 senator
406 3072 545 3104 creatus
569 3080 593 3103 α
611 3072 721 3113 parce
749 3068 919 3112 Guelftca‚
946 3081 979 3104 a.
999 3073 1082 3104 1257
1102 3068 1250 3113 fugatus
1275 3073 1340 3110 est‚·
1365 3080 1394 3104 r.
1420 3068 1610 3103 Mathemn
1633 3068 1872 3102 Parisiensem
1891 3080 1930 3112 p.
1945 3072 2013 3103 ‚368
2037 3072 2068 3102 et
2092 3073 2157 3103 377
2180 3079 2259 3102 cnm
2282 3067 2376 3101 azotis·

163 3129 194 3160 et
218 3126 326 3161 libros
349 3126 451 3162 modo
475 3125 654 3161 laudatos.
705 3126 942 3171 Greqorovius
967 3125 1008 3168 V,
1026 3130 1087 3161 315
1112 3137 1191 3161 eum
1214 3126 1255 3160 ‘ln
1280 3127 1368 3161 bello
1392 3126 1485 3161 cizili
1510 3137 1544 3161 α.
1563 3130 1649 3160 1257
1676 3125 1827 3160 occisum
1853 3136 1921 3159 esse
1945 3125 2142 3168 contendit,
2178 3129 2216 3159 at
2240 3125 2280 3159 in
2305 3124 2375 3159 Re-

160 3183 264 3228 ,qestis
292 3184 433 3228 imperii
459 3183 497 3227 V,
517 3187 629 3219 14062
660 3183 778 3218 adhuc
807 3195 840 3218 a.
860 3188 947 3219 1258
976 3187 1122 3219 senator
1148 3184 1200 3219 M.
1226 3185 1386 3218 occurrit.
1528 3184 1563 3226 3)
1597 3183 1653 3217 De
1682 3183 1744 3217 hoc
1765 3183 1822 3216 m‘l
1845 3186 2059 3228 compertum
2083 3183 2270 3225 lmbemus;
2300 3182 2373 3224 for-

164 3244 256 3275 tasse
277 3241 352 3284 fuit
376 3244 521 3276 senator
545 3252 568 3274 a
588 3244 696 3285 parte
723 3240 886 3283 Guelftca
905 3244 989 3286 post
1012 3244 1156 3275 mortem
1174 3241 1360 3275 Manuelis
1383 3244 1529 3275 creatus.
1576 3241 1734 3284 Capasso
1752 3251 1791 3284 1).
1810 3244 1875 3275 283
1891 3243 1964 3275 not.
1977 3244 1998 3274 3
2023 3240 2239 3274 Boncontem
2262 3239 2374 3281 fuisse

165 3298 374 3343 suspicatur
402 3297 550 3333 etmdem
580 3301 682 3342 atque
713 3297 912 3333 Iohannem
946 3298 1029 3333 Poli
1063 3298 1179 3333 Come.
1320 3299 1356 3342 4)
1383 3298 1423 3333 V.
1451 3298 1697 3334 Romanorum
1726 3298 1905 3342 epistolam
1936 3297 1986 3331 ad
2012 3297 2236 3332 Riehardum
2266 3307 2374 3341 reyem

163 3365 191 3390 e.
212 3360 303 3391 1261.
326 3366 439 3391 mense
463 3356 553 3400 Apr.
578 3355 714 3399 datam,
740 3366 831 3399 quae
855 3355 959 3399 insta
985 3356 1026 3390 in
1050 3355 1257 3400 Appendice
1281 3355 1470 3390 Variorzcm
1491 3355 1658 3399 prodibit.
1790 3356 1825 3398 5)
1858 3355 1907 3388 Ιη
1934 3354 2086 3398 Corpore
2109 3354 2203 3388 iuris
2227 3354 2374 3398 reperiri

164 3423 241 3446 ‘non
260 3417 409 3457 poterat.

2407 399 2493 426 Maro.
2512 405 2537 427 4.
2557 407 2558 426 1
