2558 3970
0 1459 60 1484 mn.
76 1462 98 1485 δ’.

135 200 216 239 5th
490 190 892 228 coNFoElOEltA'rio
919 189 1053 224 PAOls
1082 188 1329 225 RllENANA.
1377 190 1474 225 1255.
1515 190 1613 225 1256.
1662 190 1726 226 Nr.
1745 189 1812 225 428
1838 201 1975 225 vll-lx.

137 311 437 353 exterminium
471 314 512 348 et
544 308 759 348 fautorum
792 306 906 346 siver
937 304 1235 345 coadiutorum
1269 304 1460 346 ciusdem
1502 305 1647 346 taliter
1678 305 1984 360 procedemus,
2026 310 2072 347 ut
2103 307 2175 348 alii
2209 311 2327 349 metu

137 395 245 436 pene
271 391 487 433 nunquam
512 376 698 417 audeant
723 375 878 416 similia
900 377 1164 429 perpetrare,
1195 374 1335 415 nullas
1362 373 1731 430 [excusationes]⁸
1761 375 1994 430 recepturi,
2027 379 2094 417 set
2119 389 2327 417 excessus

137 464 213 504 per
245 448 385 488 onmia
418 445 703 486 vindicantes
818 441 883 498 (4)
917 442 1147 484 Adiectum
1181 447 1246 483 est
1280 443 1423 495 etiam,
1458 443 1493 484 si
1524 443 1656 498 aliqui
1690 457 1744 484 ex
1768 443 1890 484 nobis
1922 443 2166 485 huiusmodi
2190 445 2324 486 male-

137 516 370 558 factoribus
411 515 568 555 nostris
612 513 755 568 aliqua
795 512 994 553 victualia
1034 512 1102 552 vel
1141 515 1287 553 vestes
1333 512 1450 553 siver
1488 512 1631 566 aliqua
1669 512 1755 552 alia
1794 512 2078 553 mercimonia
2118 511 2325 554 submini-

137 589 342 626 strarent.
384 584 491 624 tales
533 597 557 623 a
600 582 758 623 nostris
799 580 1046 622 civitatibus
1088 594 1183 621 cum
1227 594 1375 622 eorum
1418 581 1583 622 familia
1621 580 1844 633 eiciamus,
1889 581 2036 622 domos
2076 584 2120 623 et
2160 581 2328 623 edificia

138 667 283 695 eorum
317 651 510 693 funditus
543 651 840 706 dirumpentes
874 653 918 690 et
950 663 1024 690 eos
1055 650 1290 704 perpetuot
1321 663 1346 690 a
1378 648 1499 690 nobis
1534 648 1835 691 excludentes.

646 786 752 821 VIII.
784 785 1106 821 GONVENTUS
1129 785 1497 820 COLONIENSIS.
1546 790 1645 821 1256.
1695 786 1776 821 Ian.
1795 791 1825 821 6.

280 892 345 948 (1)
385 892 521 933 Itema
564 890 918 932 convenientibus
957 890 1080 931 nobis
1120 891 1163 931 in
1196 903 1327 930 unum
1367 890 1409 930 in
1441 890 1578 945 primo
1612 889 1852 944 colloquiob
1886 893 2047 931 statuto
2080 891 2122 931 in
2154 890 2328 932 civitate

137 963 338 1003 Coloniac
380 976 491 1002 anno
532 960 707 1001 Domini
741 959 979 1001 MCGLVI.
1014 960 1055 1000 in
1090 960 1321 1015 epiphania
1352 959 1548 1011 Domini,
1593 959 1727 1000 multa
1758 959 1910 1000 utilia‘1
1943 959 1994 1001 de
2028 963 2177 1002 sancte
2209 960 2328 1015 pacis

138 1031 314 1085 negocio
349 1033 665 1085 pertractantes
699 1029 929 1070 statuimus
963 1029 1120 1070 etiam⁰
1152 1028 1331 1070 ibidem:
1366 1028 1503 1083 quodf
1533 1029 1567 1070 si
1591 1028 1761 1082 aliquag
1795 1029 2017 1070 civitatum
2039 1028 2187 1070 federe
2209 1029 2327 1084 pacis

138 1098 491 1141 coniunctai·um¹¹
523 1098 576 1139 ab
609 1099 750 1153 aliquo
779 1098 909 1139 fuerit
931 1101 1125 1152 gravata,
1158 1098 1254 1153 ipsa
1277 1098 1463 1150 civitasi,
1499 1099 1533 1139 si
1565 1098 1736 1153 poterit,
1769 1097 1875 1138 hoce
1907 1112 1985 1153 per
2007 1111 2054 1139 se
2075 1097 2332 1146 vindicabit;

137 1170 201 1210 sin
234 1174 391 1217 autem,
425 1168 655 1209 viciniores
689 1167 770 1208 sibi
805 1166 1059 1208 convocabit
1091 1166 1145 1207 ad
1169 1166 1418 1208 vindictam.
1473 1166 1529 1208 Et
1562 1167 1598 1207 si
1621 1166 1719 1207 talis
1751 1167 1882 1208 fuerit
1904 1166 2190 1219 adversarius,
2222 1167 2334 1222 quod

139 1239 179 1279 in
214 1238 291 1278 hoc
326 1251 407 1277 non
441 1241 644 1292 poterunt
676 1235 912 1291 procedere
945 1235 1224 1288 sufficienter,
1257 1249 1336 1276 nos
1369 1250 1519 1277 omncs
1552 1235 1652 1276 totis
1685 1235 1849 1276 viribus
1883 1236 2041 1277 nostris
2065 1235 2332 1287 coadunatis,

136 1308 244 1348 sicut
278 1307 496 1362 proprium
530 1305 749 1359 diligimus
784 1305 1003 1355 honorem,
1037 1308 1187 1346 contra
1219 1305 1330 1346 tales
1365 1305 1655 1360 insurgemus,
1689 1308 1859 1346 nostras
1892 1305 2068 1346 iniurias
2102 1308 2145 1346 et
2177 1319 2331 1360 grava-

139 1377 251 1416 mina
284 1376 527 1416 eommunia
567 1378 832 1429 reputantes.
954 1371 1019 1428 (2)
1053 1372 1325 1414 Indiximusk
1358 1374 1488 1415 etiam
1529 1373 1688 1414 ibidem
1721 1373 2048 1429 expedicionem
2082 1373 2332 1427 generalem

139 1460 267 1501 super
301 1459 450 1486 omnes
484 1445 628 1500 pacis⁰
662 1443 891 1484 violatores
925 1443 967 1483 in
1000 1445 1155 1484 octava
1187 1446 1333 1484 sancte
1368 1442 1634 1498 Walpurgis.

505 1580 580 1615 IX.
616 1577 940 1614 GONVENTUS
961 1577 1324 1613 MOGUNTINUS
1350 1579 1587 1614 TERTIUS.
1639 1583 1737 1614 1256.
1789 1578 1900 1612 Mart.
1922 1582 1971 1612 12.

282 1685 346 1740 (1)
380 1685 516 1727 Itema
558 1688 654 1739 post
686 1683 850 1724 obitum
893 1683 1158 1724 serenissimi
1191 1682 1351 1723 domini
1389 1684 1526 1724 nostri
1557 1682 1861 1724 Willehelmib
1892 1682 2186 1723 Romanorum
2218 1682 2334 1737 regis

138 1757 205 1811 pie
239 1755 443 1796 memorie
477 1753 753 1794 convenimus
786 1752 1037 1806 Magu11ti00
1070 1765 1181 1792 anno
1206 1751 1382 1793 Domini
1406 1751 1646 1794 MCOLVI.
1680 1751 1893 1793 dominica
1915 1751 2230 1802 Reminiscere,
2262 1751 2336 1792 ubi

142 1826 270 1866 etiam
304 1824 436 1864 multa
470 1828 617 1864 sancte
655 1821 777 1877 pacid
809 1822 933 1862 utilia
964 1822 1260 1864 tractavimus.
1322 1821 1404 1862 Ete
1437 1822 1667 1877 quoniaml
1700 1835 1801 1876 rege
1836 1821 2071 1871 caruimus,
2106 1820 2333 1861 statuimus

38 1919 51 1931 ι·
98 1929 102 1934 .
141 1894 311 1943 ibidem,
346 1892 459 1947 quod
492 1891 685 1947 quelibet
717 1890 891 1932 civitasf
921 1906 967 1932 se
1001 1890 1055 1932 ad
1088 1906 1207 1932 arma
1239 1906 1315 1946 pro
1349 1906 1478 1946 posse
1511 1895 1713 1947 preparet
1745 1896 1789 1933 et
1822 1892 1998 1946 insuper
2021 1890 2261 1931 soldariosg
2293 1893 2337 1931 et

141 1963 369 2018 sagitarios
401 1962 603 2013 haberet,
644 1975 721 2016 per
753 1974 880 2015 quos,
922 1974 1018 2000 cum
1052 1960 1264 2002 neccsseh
1296 1960 1594 2010 habuerimus,
1636 1961 1779 2002 subito
1822 1959 2006 2000 invicem
2048 1959 2091 1999 in
2130 1959 2338 2000 auxilium

38 2056 49 2078 7
81 2056 104 2077 Q,
142 2033 289 2073 venire
313 2032 536 2086 possimus.
630 2032 664 2081 (1
683 2030 726 2083 a)
760 2029 850 2069 Illis
875 2044 975 2071 vero
1000 2029 1199 2081 dominis,
1222 2029 1431 2070 militibus
1456 2029 1565 2070 sivei
1587 2030 1698 2079 aliis,
1731 2030 1803 2085 qui
1825 2043 1977 2085 pacem
2001 2043 2084 2069 non
2105 2029 2338 2080 iurassent,

38 2132 42 2141 .
80 2126 103 2146 -;,
142 2102 305 2142 nullum
348 2101 556 2141 auxilium
599 2104 902 2154 prestaremus.
1024 2097 1089 2153 (2)
1122 2098 1244 2139 Bona
1275 2099 1406 2139 etiam
1439 2098 1627 2152 regalia,
1670 2099 1874 2153 quamdiu
1905 2097 2111 2139 vacaretk
2142 2111 2338 2152 regnum,

144 2171 244 2212 totis
268 2170 430 2210 viribus
455 2169 688 2210 defendere
722 2169 1004 2223 promisinmS,
1038 2169 1270 2223 unicuique
1292 2169 1334 2208 in
1359 2182 1437 2209 sua
1467 2168 1743 2223 possessione
1767 2170 2064 2223 permanente.
2155 2166 2216 2221 (3)
2250 2164 2338 2206 Ad¹

143 2241 325 2281 salutem
359 2240 487 2280 etiam
520 2239 652 2279 totius
686 2239 831 2293 populi
865 2242 908 2279 et
939 2243 1053 2279 terre
1088 2238 1316 2279 statuimus
1350 2241 1393 2278 et
1424 2237 1700 2293 promisimus
1732 2236 1895 2278 ibidem
1931 2236 2010 2277 sub
2042 2235 2188 2277 debito
2222 2235 2338 2275 iura-

144 2309 294 2359 menti,
337 2306 451 2362 quod
486 2307 519 2347 si
552 2306 712 2347 domini
753 2307 992 2362 principes,
1034 2306 1087 2347 ad
1121 2321 1227 2362 quos
1271 2310 1438 2361 spectat
1469 2306 1588 2361 regis
1621 2306 1827 2358 electiom,
1873 2305 2051 2346 forsitan
2082 2305 2178 2360 plus
2212 2317 2339 2359 quam

142 2392 271 2418 unum
316 2378 525 2431 eligerent
564 2377 631 2417 vel
671 2377 853 2431 eligant,
895 2376 1006 2431 quod
1051 2391 1127 2417 nos
1160 2376 1265 2416 nulli
1309 2376 1528 2430 ipsorum¹¹
1561 2374 1798 2416 astabimus
1831 2374 1962 2416 verbo
1996 2374 2065 2414 vel
2099 2387 2229 2428 opere
2263 2376 2338 2413 aut

143 2448 287 2502 aliqua
319 2446 501 2488 servicia
535 2445 838 2487 exhibebimus
871 2447 981 2486 elam
1015 2446 1083 2487 vel
1116 2449 1266 2500 aperte
1299 2449 1374 2485 aut
1405 2448 1600 2485 mutuum
1624 2443 1835 2497 dabimus,
1867 2444 1937 2485 vel
1959 2443 2002 2483 in
2024 2443 2210 2497 aliquam
2234 2442 2337 2482 civi-

43 2541 45 2548 1
83 2534 106 2554 ³.
147 2524 279 2559 tatem
320 2516 664 2556 intromittimus⁰
706 2529 845 2569 neque
888 2515 1139 2556 fidelitatem
1180 2514 1408 2555 iuramenti
1447 2513 1751 2568 prestabimus.
1872 2510 1936 2567 (4)
1982 2511 2026 2552 Si
2062 2524 2163 2552 vero
2195 2510 2339 2564 aliqua

146 2587 366 2627 civitatum
400 2585 506 2625 hoev
541 2585 781 2638 infregerit,
823 2585 994 2638 periura
1027 2588 1070 2625 et
1102 2597 1254 2624 carens
1289 2583 1404 2624 omni
1447 2583 1610 2623 honore
1643 2581 1929 2637 reputabitur,
1970 2584 2013 2621 et
2045 2583 2191 2621 contra
2222 2579 2338 2619 illam

147 2662 188 2697 et
223 2654 309 2710 [adl
345 2654 435 2695 eius
468 2658 722 2709 perpetuam
758 2653 1094 2694 destructionem
1129 2653 1229 2693 totis
1262 2652 1425 2692 viribus
1459 2652 1779 2705 insurgamusq.
1870 2649 1935 2704 (5)
1970 2649 2015 2689 Si
2047 2653 2191 2690 autem
2222 2648 2337 2706 prin-

147 2725 262 2779 cipes
296 2738 425 2763 unum
459 2722 678 2763 dominum
712 2721 753 2761 in
786 2736 933 2775 regem
958 2722 1183 2776 elegerint,
1216 2721 1278 2761 illi
1302 2719 1506 2761 continuo
1530 2720 1623 2760 sine
1648 2719 1763 2760 omni
1786 2717 2128 2759 contradictione
2153 2716 2339 2758 servicia

27 2816 30 2823 ι
86 2809 109 2830 -.·.
148 2794 293 2834 debita
336 2798 379 2833 et
421 2792 603 2832 honores
648 2791 949 2832 exhibebimus
963 2797 987 2831 Γ.
1106 2789 1168 2845 (6)
1210 2789 1390 2844 Insuper
1429 2789 1573 2829 omnia
1612 2791 1759 2829 sancte
1802 2787 1920 2842 pacis
1961 2801 2036 2842 per
2067 2801 2143 2828 nos
2176 2788 2339 2826 statuta

148 2861 306 2902 ibidem
339 2860 647 2901 inviolabiliter
675 2865 871 2902 servareS
903 2859 1194 2914 promisimus.

284 2996 371 3031 42⁸.
405 3000 477 3030 Vll.
504 2998 530 3040 r)
558 2999 611 3030 sui
637 2998 668 3029 2.
787 3000 813 3038 Β)
841 2998 970 3029 [aarum
994 2997 1030 3029 in
1054 2998 1094 3037 23
1121 2997 1209 3030 deest
1237 2997 1271 3029 in
1301 2997 1327 3030 l.
1445 2996 1471 3037 t)
1500 3001 1661 3039 perpetue
1686 2996 1718 3028 2.

288 3080 376 3110 vill.
404 3084 434 3119 ἱ·)
461 3079 495 3109 in
521 3078 638 3110 emlcm
664 3078 755 3110 linea,
782 3090 856 3109 cum
881 3078 974 3119 sigflw
995 3077 1219 3119 parassrapltl
1245 3082 1269 3109 Ι.
1377 3076 1407 3117 b)
1435 3077 1604 3118 colloguio
1630 3076 1660 3108 2.
1763 3075 1791 3115 c)
1817 3074 1925 3106 Coloil
1954 3072 1981 3105 l.
2008 3073 2039 3106 2.
2135 3071 2168 3115 d)
2194 3072 2284 3104 deest
2312 3071 2341 3103 1.

149 3143 177 3167 ‘st
204 3137 291 3167 (lec-st
318 3136 348 3168 2.
444 3134 474 3176 s)
500 3149 564 3177 ltro
591 3137 679 3177 quod
707 3136 828 3177 leyilur
852 3147 967 3168 eorum
993 3136 1217 3177 substanciam
1245 3134 1270 3167 l.
1353 3134 1386 3175 Β)
1415 3135 1532 3178 aliqua
1559 3133 1588 3166 1.
1673 3131 1705 3174 l¹)
1730 3133 1983 3165 eoniuratarum
2008 3131 2040 3164 2.
2124 3127 2148 3172 i)
2173 3129 2282 3162 auitas
2310 3127 2339 3161 1.

150 3192 181 3223 k,
210 3194 408 3233 lnduxinms⁴
438 3192 464 3223 l.

286 3275 342 3305 IX.
377 3279 407 3305 ἢν
435 3274 469 3304 ln
495 3273 612 3305 cadem
638 3274 730 3305 linea
753 3274 824 3306 <sine
848 3274 942 3315 slyno
962 3273 1184 3315 erayrnphi
1214 3272 1239 3304 l.
1381 3271 1414 3312 b)
1442 3273 1494 3305 W.
1520 3272 1552 3304 2.
1693 3271 1723 3311 ⁰)
1756 3270 1928 3312 Mogontie
1952 3269 1984 3301 2.
2125 3266 2158 3309 (Ῑ)
2190 3267 2281 3309 pacis
2308 3264 2337 3297 l.

152 3337 180 3363 ’ἐν
207 3331 294 3362 «Isse-st
320 3332 350 3362 2.
468 3330 497 3365 f)
524 3330 619 3363 muni
650 3330 676 3363 l.
788 3330 821 3372 g)
847 3331 1004 3362 soldanus
1030 3330 1061 3363 2.
1168 3328 1201 3370 ¹¹)
1229 3340 1386 3362 neec-esse
1410 3330 1442 3361 2.
1549 3328 1572 3370 i)
1598 3329 1651 3361 sui
1676 3328 1709 3362 2.
1813 3326 1847 3370 k)
1874 3330 2037 3359 vacarent
2060 3325 2091 3357 2.
2191 3322 2215 3364 l)
2239 3333 2340 3365 prae-

152 3388 235 3420 cedit
261 3388 390 3429 siquam
413 3389 630 3430 parassraplci
659 3389 686 3420 1.
818 3389 860 3430 ¹¹¹)
886 3388 973 3420 elea
999 3388 1030 3420 2.
1161 3387 1194 3428 ¹¹)
1222 3387 1356 3419 illorum
1381 3386 1411 3417 2.
1540 3386 1573 3427 0)
1605 3386 1651 3418 sic
1680 3385 1706 3417 1.
1732 3385 1764 3417 2.
1880 3382 1911 3426 1¹)
1937 3384 1999 3415 hec
2023 3382 2053 3414 2.
2171 3380 2205 3422 (1)
2230 3381 2339 3412 insur-

152 3457 270 3487 gemus·
296 3447 327 3477 2.
446 3451 472 3486 Γ)
499 3447 697 3478 exhibemus
723 3446 754 3478 2.
872 3446 900 3489 S)
927 3457 1128 3478 conservare
1153 3445 1184 3477 2.

295 3569 325 3609 l)
362 3567 505 3609 (Jalula,
537 3579 627 3610 quur:
654 3568 688 3601 in
718 3569 871 3611 mmyinc
896 3568 1125 3611 adnotantur,
1158 3570 1242 3601 siant
1267 3567 1384 3611 capita
1410 3566 1525 3611 ipsius
1550 3577 1702 3602 recessus
1725 3565 1833 3599 hanins
1857 3568 2046 3600 concentus
2072 3564 2173 3607 infra,
2196 3565 2341 3595 senz434.

2368 1039 2399 1063 10

2371 1387 2401 1412 15

2372 1833 2406 1859 20

2375 2175 2406 2201 25

2374 2519 2408 2544 30

2375 2868 2408 2893 35

2374 3276 2408 3300 40
