2558 3970
95 918 126 941 10

93 1265 124 1288 15

95 1928 128 1954 20

97 2438 128 2463 25

95 2789 129 2815 30

99 3136 132 3162 35

99 3487 134 3513 40

302 166 633 201 IURAMENTUM
663 165 937 200 ALBENSll'M
970 166 1169 200 NUNTus
1200 166 1438 200 Flzlmculcl
1469 167 1512 200 ll.
1543 166 1863 200 PRAEs'rl'l'l'M.
1919 168 2014 199 1:113».
2066 165 2127 198 Nr.
2147 165 2224 198 4553.
2279 168 2360 205 (523

164 282 412 338 specialiter
444 284 748 338 suprascriptis
791 283 935 323 comiti
971 282 1137 322 Nat-isio
1172 288 1213 322 et
1250 282 1430 323 Albcrtn
1464 282 1692 323 (jas-ululti.
1738 288 1781 321 ut
1815 282 2113 336 possessiones
2148 282 2263 336 ipsas
2298 280 2358 320 di-

165 353 405 403 mitterent,
438 367 543 407 quas
577 357 725 393 contra
759 351 1021 392 voluntatem
1058 352 1191 406 ipsius
1226 352 1360 403 regis,
1395 358 1439 392 ut
1473 351 1665 393 dim-bat..
1701 351 1965 391 detinebant.
2028 352 2111 397 Qui
2145 351 2227 390 iani
2261 349 2361 390 dicti

165 420 526 463 Mediolanenses,
551 421 807 469 Placentini,
834 419 1101 469 LaudeiiscS,
1126 421 1380 463 Cuiucnscs,
1406 422 1682 463 (Jrcuu-uscs,
1712 420 2016 461 Novarienscs.
2044 420 2362 463 Vercellcuses,

162 490 477 541 Tertonenses‚
510 490 816 537 Alexandrini,
850 503 993 529 comes
1029 488 1208 541 Egidius
1242 496 1285 529 ct
1318 490 1598 544 suprascripti
1633 490 1810 529 comites
1848 489 2044 529 Narisius
2079 495 2121 528 vt
2155 488 2363 528 Albertus

162 558 368 600 Casalolti
410 565 643 601 renuerant
684 565 726 600 et
766 558 1081 614 vilipenderant
1125 558 1465 613 suprascriptum
1513 558 1731 598 ‹loiuiuuui
1773 558 2071 598 'l‘ridontmum
2113 558 2362 612 episcopum

162 642 241 669 nec
285 643 384 669 suas
429 629 596 670 litteras
639 634 681 669 et
722 629 900 669 nuncios
941 628 1132 682 recipcre
1176 627 1416 668 volucrunt.
1481 628 1562 674 Qui
1600 628 1914 682 suprascriptus
1948 627 2145 668 «lominus
2179 626 2362 666 'l'ridcu-

162 698 276 738 tinus
309 698 539 753 episcopus
573 712 622 738 ae
657 697 950 752 suprascripte
985 696 1143 749 regalis
1177 696 1292 736 curie
1320 696 1504 736 vicarius
1538 702 1579 735 et
1617 696 1784 746 legatus
1820 711 1894 751 pro
1929 696 2071 736 officim
2095 710 2177 749 quo
2211 696 2361 747 funge-

163 767 290 808 batur
330 767 552 808 affirmans
595 767 635 806 in
678 767 769 821 ipsa
807 766 1037 809 concione,
1080 780 1181 806 vcra
1227 766 1314 805 fure
1360 764 1595 805 secundum
1645 765 1756 819 quod
1804 766 2123 820 supinis-‹sriptus
2169 765 2365 805 domiuus

162 836 368 877 Albertus
403 836 572 877 dixerat
605 850 705 876 vera
737 836 840 881 fore,
875 834 1166 875 concionando
1200 840 1241 874 et
1274 835 1360 875 alta
1395 849 1512 879 voce,
1547 835 1585 874 iu
1621 835 1711 889 ipsu
1737 835 1942 874 concione
1969 835 2196 889 proiit-iens
2223 849 2359 888 guan-

164 910 251 946 tum
294 905 335 945 in
376 906 463 946 alto
504 904 557 946 de
601 905 775 959 propria
816 918 964 953 manu,
1008 904 1326 959 suprascriptos
1362 903 1711 944 Mediolanenses
1758 918 1832 958 pro
1877 904 2088 943 couniuuui
2132 910 2174 944 ct
2215 903 2366 950 diviso,

162 974 459 1025 Placentinos,
492 973 767 1022 Laudenses,
807 974 1087 1019 Crenienses,
1128 973 1439 1017 Novarieuscs,
1474 973 1801 1021 Vercellenscs,
1836 972 2177 1016 Alexandrinos,
2210 972 2363 1013 'l‘crto-

163 1057 338 1094 nenses,
378 1044 578 1084 comitem
620 1043 824 1098 Egidium
859 1044 1003 1084 Curtis
1038 1043 1181 1089 Nove,
1226 1043 1425 1084 comitem
1460 1042 1696 1087 Nar-isium,
1737 1043 1934 1083 comitem
1970 1041 2197 1081 Albertuui
2233 1044 2364 1081 (lasa-

162 1113 253 1154 lolti
286 1126 340 1154 ex
373 1127 450 1154 sua
486 1118 605 1168 parte
629 1119 672 1154 et
695 1128 750 1154 ex
774 1117 895 1168 parte
921 1113 1213 1168 suprascripte
1239 1113 1356 1165 regie
1383 1112 1620 1153 maiestatis
1646 1113 1685 1152 in
1719 1111 1860 1152 banuo
1886 1112 2020 1166 ipsius
2047 1112 2161 1164 regis
2187 1112 2367 1166 p‹›suit“.

163 1182 242 1223 nisi
275 1196 412 1237 usque
445 1182 499 1222 ad
532 1182 643 1223 diem
678 1182 778 1223 lune
813 1183 1055 1237 proximum
1082 1182 1277 1223 venerint
1311 1187 1425 1222 stare
1460 1187 1502 1222 ct
1533 1181 1757 1221 attendere
1783 1181 1983 1221 omuibus
2008 1181 2095 1220 suis
2130 1180 2366 1234 preceptis:
2399 1187 2503 1215 ⁸¹2¹»ss-

164 1252 205 1292 in
238 1251 313 1292 tali
345 1265 445 1292 vero
479 1252 636 1301 banno,
669 1251 783 1307 quod
817 1251 870 1293 de
905 1253 996 1307 ipso
1030 1265 1248 1306 nunquam
1282 1252 1403 1292 exire
1438 1251 1628 1306 possint,
1664 1251 1742 1291 uisi
1775 1251 1893 1305 prius
1928 1249 2043 1290 mille
2079 1264 2242 1289 marcas
2278 1249 2368 1288 auri

166 1321 286 1376 regie
319 1321 435 1362 curie
469 1322 686 1362 solverint.

306 1390 400 1446 Ego
432 1389 683 1431 Manfredus
706 1389 802 1431 Iata
835 1390 1028 1431 notarius
1062 1390 1171 1431 sacri
1203 1389 1351 1445 palatii
1384 1404 1431 1430 ac
1466 1390 1624 1443 regalis
1648 1390 1766 1431 curie
1800 1388 1974 1430 interfui
1999 1393 2043 1429 ct
2067 1388 2175 1428 hanc
2201 1391 2365 1428 cartam

161 1464 340 1515 rogatus
372 1460 538 1516 scripsi.

450 1792 584 1861 453.
639 1790 1400 1862 IURAMENTUM
1446 1788 2086 1860 ALBENSIUM

270 1906 731 1980 NUNTHS
782 1906 1363 1979 FRIDERICI
1406 1906 1498 1978 ΙΙ.
1544 1902 2265 1977 PRAESTITUM.

1074 2034 1215 2080 1219.
1247 2033 1357 2081 Mai.
1388 2035 1466 2082 31.

309 2169 439 2211 Dedit
469 2168 581 2219 Iaffe'
612 2168 645 2210 b.
669 2182 720 2211 m.
753 2181 773 2209 e
804 2167 977 2222 Reyesto
997 2168 1174 2210 Albensi
1201 2168 1332 2209 codice
1353 2168 1662 2209 membranaceo
1684 2180 1787 2209 saec.
1813 2165 1951 2207 XIII.
1978 2166 2059 2219 fol.
2080 2164 2164 2205 „215
2190 2164 2232 2204 in
2255 2162 2371 2203 taba-

169 2239 278 2281 ίαν-ἑο
309 2238 622 2280 Mediolanensi
651 2241 875 2280 asservato.
1990 2234 2061 2288 (P.
2084 2234 2226 2286 deest.)

316 2358 350 2396 1.
383 2355 433 2397 In
467 2355 637 2396 nomine
661 2353 850 2396 Domini.
912 2353 1039 2395 Anno
1073 2353 1286 2397 dominice
1320 2354 1634 2395 incarnationis
1658 2350 1976 2401 MCCXVIIII,
2010 2349 2241 2391 indictione
2267 2348 2365 2392 VII,

166 2427 318 2467 ultimo
352 2425 420 2468 die
455 2425 618 2466 mensis
642 2423 790 2473 Madii,
823 2427 1089 2478 congregata
1121 2424 1351 2465 credencia
1372 2423 1555 2464 Albensi
1589 2422 1642 2463 ad
1667 2436 1819 2463 sonum
1844 2434 2053 2476 campane
2077 2432 2204 2474 super
2229 2418 2367 2458 voltas

165 2495 293 2537 Beati
324 2495 548 2537 Laurentii
582 2494 697 2534 illius
731 2493 916 2534 civitatis
951 2506 1095 2534 coram
1129 2492 1287 2534 domno
1321 2493 1479 2534 Iacobo
1513 2492 1596 2533 Dei
1629 2492 1771 2547 gratia
1798 2490 2055 2531 Taurinensi
2089 2489 2293 2544 episcopo
2327 2493 2369 2528 et

166 2565 402 2621 imperialis
436 2565 534 2606 aule
569 2563 728 2604 vicario
763 2567 806 2604 et
837 2562 992 2603 domno
1017 2561 1240 2604 Eurardo³
1268 2562 1320 2604 de
1343 2562 1491 2613 Lutre,
1525 2562 1681 2603 nuncio
1712 2560 1857 2602 domni
1880 2558 2101 2600 Frederici
2124 2558 2208 2599 Dei
2231 2558 2370 2612 gratia

164 2633 459 2676 Romanorum
499 2633 614 2688 regis
653 2646 826 2687 semper
867 2632 1041 2686 augusti
1081 2636 1124 2673 et
1161 2632 1275 2686 regis
1309 2631 1472 2683 Sicilie,
1517 2631 1618 2672 dicti
1661 2630 1842 2671 domnus
1875 2628 2060 2669 vicarius
2103 2632 2145 2668 et
2184 2626 2366 2667 domnus

165 2702 417 2746 Eurardusb
457 2718 483 2745 a
518 2707 665 2758 parte⁰
706 2706 750 2743 et
788 2701 957 2742 nomine
1000 2701 1138 2757 ipsius
1177 2702 1292 2757 regis
1332 2700 1648 2743 investiverunt
1689 2698 1982 2741 Catlevarium
2025 2698 2076 2738 de
2110 2698 2256 2738 Ozeno
2289 2697 2365 2738 Al-

164 2773 344 2815 bensem
376 2777 638 2830 potestatem
671 2772 766 2813 viee
801 2775 844 2813 et
884 2771 1057 2812 nomine
1091 2772 1332 2813 communis
1366 2775 1410 2813 et
1446 2770 1744 2812 universitatis
1787 2768 1902 2810 illius
1945 2768 2133 2809 civitatis
2166 2766 2218 2808 de
2254 2770 2370 2807 recto

167 2843 310 2895 feudo,
342 2843 458 2898 quod
490 2856 717 2884 commune
750 2841 866 2882 illius
899 2841 1085 2882 civitatis
1119 2841 1252 2883 habet
1285 2842 1376 2883 sive
1409 2844 1532 2883 tenet
1564 2840 1616 2881 ab
1651 2839 1846 2894 imperio.

312 2915 351 2956 2.
383 2912 552 2954 Ibidem
586 2913 680 2967 ipse
713 2915 908 2967 potestas
942 2925 968 2952 a
998 2910 1149 2966 parted
1183 2915 1226 2951 et
1257 2911 1431 2952 nomine
1467 2909 1703 2951 communis
1741 2909 1858 2949 illius
1892 2907 2078 2948 civitatis
2113 2909 2156 2946 et
2188 2904 2369 2946 creden-

169 2982 276 3024 darii
309 2996 474 3033 omnes,
507 2981 579 3038 qui
603 2985 726 3022 erant
756 2981 799 3021 in
822 2979 897 3021 illa
919 2979 1160 3031 credencia,
1194 2994 1336 3021 coram
1361 2979 1524 3021 eisdem
1548 2979 1705 3020 domno
1730 2977 1889 3018 vicario
1914 2981 1956 3017 et
1980 2975 2136 3017 domno
2161 2973 2371 3022 Eurardo,

166 3052 362 3108 predicto
395 3051 551 3093 domno
584 3049 816 3092 Frederieo
848 3049 1144 3091 Romanorum
1176 3050 1287 3104 regi,
1333 3050 1459 3091 tactis
1494 3048 1782 3090 saerosanctis
1816 3046 2079 3101 euangeliiS,
2118 3043 2370 3085 fidelitatem

170 3123 438 3164 iuraverunt.
499 3121 644 3162 Tenor
677 3120 796 3161 cuius
827 3119 1049 3161 fidelitatis
1080 3119 1179 3161 talis
1213 3124 1296 3160 est:

314 3193 353 3234 3.
386 3191 494 3246 ‘Ego
528 3191 645 3232 iuroe
678 3204 809 3245 supra
840 3193 989 3230 saneta
1020 3188 1105 3230 Dei
1138 3189 1391 3243 euangelia,
1430 3188 1543 3244 quod
1578 3187 1690 3228 bona
1723 3186 1804 3227 fide
1838 3190 1880 3226 et
1913 3186 2003 3226 sine
2036 3183 2186 3225 fraude
2221 3197 2293 3224 ero
2328 3186 2371 3223 et

169 3260 429 3318 permanebo
467 3259 607 3301 fidelis
646 3259 802 3300 domno
844 3257 1076 3300 Frederico
1109 3257 1403 3299 Romanorum
1443 3258 1532 3312 regi
1573 3271 1745 3312 semper
1788 3260 1973 3310 augusto
2013 3259 2056 3295 et
2095 3253 2186 3307 regi
2222 3252 2368 3294 Sicilie

171 3330 469 3381 serenissimo,
512 3334 555 3370 et
594 3328 710 3384 quod
749 3342 833 3369 non
875 3342 948 3369 ero
987 3328 1031 3368 in
1073 3327 1276 3369 conscilio
1318 3342 1397 3369 nec
1441 3328 1576 3377 facto,
1616 3331 1662 3367 ut
1701 3325 1813 3366 idem
1854 3338 1933 3365 rex
1966 3324 2034 3364 vel
2067 3322 2249 3378 aliquiss
2278 3322 2370 3362 eius

169 3400 371 3441 nunctius
403 3398 557 3455 perdat
586 3399 719 3440 vitam
751 3412 831 3439 nec
864 3397 1124 3448 membrum,
1165 3401 1354 3438 mentem
1388 3411 1469 3438 nec
1501 3409 1696 3446 sensum,
1730 3409 1808 3436 nec
1842 3393 1959 3449 quod
1991 3393 2128 3434 honor
2159 3392 2295 3447 ipsius
2329 3391 2370 3431 in

172 3469 315 3524 aliquo
353 3469 638 3516 diminuatur3
682 3471 725 3509 et
761 3467 796 3508 si
835 3467 994 3515 sciero,
1037 3466 1108 3521 qui
1151 3466 1312 3521 aliquid
1354 3467 1504 3508 horum
1543 3466 1687 3507 faeere
1721 3465 1845 3515 velit,
1890 3464 2003 3505 bona
2040 3461 2123 3503 fide
2165 3466 2371 3516 quantum

169 3541 320 3594 potero
363 3537 564 3579 resistam
602 3537 802 3578 omnibus
846 3535 1005 3587 modis,
1054 3539 1098 3576 et
1138 3534 1297 3578 domno
1338 3536 1431 3591 regi
1462 3536 1530 3577 vel
1572 3535 1665 3576 eius
1706 3533 1861 3575 nuncio
1894 3547 2021 3588 quam
2055 3531 2178 3572 citius
2218 3535 2369 3586 potero

307 3639 394 3676 452.
428 3640 458 3684 0)
484 3646 671 3684 posuerunt
696 3653 724 3674 c.

313 3708 401 3749 453.
434 3712 464 3751 ³¹)
491 3711 642 3747 Curardo
668 3723 696 3743 c.
813 3709 847 3752 b)
873 3710 1046 3742 Curardus
1071 3720 1097 3742 c.
1216 3708 1246 3751 0)
1272 3712 1352 3754 par?
1370 3721 1396 3743 c.
1516 3706 1548 3749 d)
1575 3709 1649 3752 pat?
1666 3719 1694 3740 c.
1813 3708 1843 3748 e)
1870 3707 1959 3740 deest
1983 3718 2010 3739 c.
2129 3703 2160 3745 f)
2187 3704 2234 3736 ali
2259 3716 2285 3736 c.
