2558 3970
166 173 248 211 412
614 164 828 199 HEINRICI
854 162 995 197 REGIS
1020 159 1447 196 CONSTITUTIONES.
1498 158 1596 193 1:230.
1644 158 1708 192 Nr.
1724 158 1803 192 297.
1828 157 1905 192 298.

311 282 524 323 Henricus
557 279 641 320 Dei
673 279 817 334 gracia
849 277 1140 318 Romanorum
1174 290 1253 317 rex
1285 289 1454 330 semper
1486 278 1695 328 augustus
1727 273 1925 313 omnibus
1958 272 2012 313 ad
2035 286 2142 327 quos
2170 287 2350 328 presens

171 354 375 407 scriptum
407 349 652 406 pervenerit
684 348 873 402 graciam
907 359 1027 387 suam
1061 352 1104 386 et
1134 358 1258 386 omne
1290 344 1462 385 bonum.
1570 340 1728 383 Notum
1750 341 1944 391 facimus,
1977 341 2089 396 quod
2111 355 2206 383 cum
2228 341 2351 383 Hen-

97 469 102 473 ,
171 422 284 461 ricus
316 420 451 460 maior
491 418 604 458 filius
641 416 819 457 illustris
861 415 1066 470 principis
1099 420 1163 455 ..⁸
1193 413 1314 454 ducis
1346 411 1630 466 Lotharingie
1667 414 1848 451 matrem
1887 410 2087 451 habuerit
2118 414 2161 452 et
2190 410 2266 451 illa
2298 411 2353 452 sit

169 501 351 530 mortua.
384 501 461 543 per
493 486 757 528 sentenciam
790 484 1030 539 principum
1061 483 1105 522 in
1138 482 1256 523 curia
1287 486 1433 523 nostra
1468 484 1533 522 est
1562 479 1806 524 iudicatum,
1840 479 1876 519 si
1906 478 2020 519 idem
2042 478 2131 519 dux
2152 478 2204 520 de
2227 479 2352 520 bonis

169 571 253 612 que
293 555 484 612 possidet
524 553 683 609 aliquid
721 553 910 593 alienare
942 551 1011 592 vel
1051 551 1093 591 in
1123 564 1277 591 manus
1310 549 1542 591 transferre
1575 548 1709 590 vellet
1740 548 1922 597 alienas.
1965 547 2104 588 dictus
2136 547 2352 589 Henricus
2408 569 2422 592 5

175 640 220 666 se
253 625 306 666 de
339 624 501 665 eisdem
533 623 656 664 bonis
690 625 839 677 posset
870 621 1157 661 intromittere
1191 624 1235 661 et
1265 632 1315 660 ea
1348 631 1559 674 occupare
1591 617 1774 658 licenter
1795 615 1849 657 ad
1870 629 1975 656 usus
1999 630 2099 657 suos
2125 621 2169 657 et
2190 620 2355 657 tenere.

313 693 473 734 Datum
496 690 807 745 fridebergeb.
841 703 952 730 anno
974 689 1120 743 gracie
1144 686 1397 729 MCCXXX
1408 694 1437 729 ⁰.
1470 686 1669 742 proxima
1690 685 1825 726 tercia
1846 672 2061 725 dominica
2081 689 2178 739 post
2197 684 2357 726 festum

172 763 345 820 pasche.
380 761 485 802 IIII.
517 759 738 801 Kalendas
771 758 890 800 Maii.
922 757 1155 798 indictione
1189 756 1270 797 III.

176 1175 307 1242 298.
369 1169 563 1242 SEX
582 1165 988 1239 TENTIA
1043 1161 1484 1234 CONTRA
1548 1159 2366 1232 SUCCESSIONEM

176 1274 303 1345 FE
318 1270 833 1344 MINARFM
875 1265 1228 1441 ΙέΤΟΙῈΝἘἸ
1239 1263 2365 1438 ΙΙέΙῙΙῙξΒξΒ-ΙΝΟΙΡΑΙΛΙΒΠὸ

1063 1493 1205 1540 1230.
1247 1493 1381 1552 Sept.
1415 1493 1490 1539 17.

322 1646 450 1687 Dedit
485 1643 689 1696 Roqerius
718 1641 927 1683 Wilmans
965 1652 1015 1679 ezr:
1053 1636 1309 1690 autographo
1350 1635 1554 1677 tabularii
1590 1634 1894 1676 Berolinensis.
1934 1660 1988 1665 -—
2024 1635 2371 1679 Huillard-Bre-

180 1717 305 1758 holles
336 1715 429 1763 HI,
451 1715 548 1755 4:27.
607 1711 801 1761 Biihmer,
834 1709 934 1762 Regi.
969 1709 1064 1759 imp.
1098 1706 1143 1756 V,
1167 1707 1291 1748 4165.
2014 1704 2085 1757 (P,
2108 1706 2228 1758 278.)

324 1842 380 1883 Η.
412 1841 494 1882 Dei
535 1840 680 1894 gracia
715 1836 1012 1878 Romanorum
1053 1847 1131 1874 rex
1171 1838 1212 1873 et
1252 1845 1423 1887 semper
1464 1836 1673 1886 augustus
1711 1831 1925 1872 universis
1963 1831 2130 1887 imperii
2171 1831 2371 1873 fidelibus

184 1912 336 1967 quibus
365 1923 542 1966 presens
573 1908 780 1962 scriptum
815 1904 1056 1946 exhibitum
1096 1901 1228 1943 fuerit
1259 1902 1450 1955 graciam
1484 1914 1604 1941 suam
1637 1905 1680 1941 et
1713 1913 1838 1940 omne
1869 1899 2043 1941 bonum.
2160 1900 2230 1941 Ad
2259 1901 2373 1942 noti-

186 1982 294 2022 ciam
333 1980 628 2020 universorum
671 1976 865 2030 cupimus
909 1972 1154 2028 pervenire.
1196 1969 1307 2025 quod
1351 1969 1403 2010 ad
1444 1969 1766 2024 requisitionem
1804 1968 1904 2010 talis
1947 1983 2091 2010 coram
2132 1969 2255 2011 nobis
2286 1970 2376 2011 lata

184 2051 265 2091 fuit
298 2049 511 2090 sententia
544 2056 586 2087 et
617 2045 669 2086 ab
703 2043 901 2084 omnibus
933 2040 1172 2082 astantibus
1202 2038 1459 2095 approbata:
1493 2037 1608 2093 quod
1639 2038 1757 2078 nulla
1781 2039 1900 2093 virgo
1924 2038 1994 2079 vel
2025 2038 2182 2080 mulier
2211 2039 2256 2079 in
2285 2039 2375 2080 ullo

187 2130 372 2174 quatuor
405 2117 690 2157 officiatorum
722 2111 1043 2169 principalium,
1087 2110 1252 2151 scilicet
1283 2107 1486 2163 dapiferi.
1520 2107 1742 2163 pincerne.
1776 2107 1999 2148 camerarii
2032 2111 2076 2148 et
2105 2107 2376 2159 marschalci,

187 2187 355 2228 ratione
387 2185 639 2227 hereditatis
674 2180 906 2224 succedere
939 2180 1085 2236 possit.
1204 2177 1411 2218 Preterea
1442 2176 1698 2231 requisitum
1729 2176 1811 2217 fuit
1833 2181 1876 2217 et
1899 2176 2227 2217 sententiatum:
2260 2175 2375 2231 quod

187 2257 229 2297 in
263 2254 455 2310 generali
485 2254 603 2295 nulla
636 2252 790 2293 mulier
822 2251 866 2290 in
899 2249 1040 2303 aliquo
1073 2245 1200 2288 feodo
1234 2245 1399 2286 ratione
1430 2244 1686 2285 hereditatis
1718 2244 1841 2285 fratri
1873 2258 1949 2285 suo
1973 2244 2206 2286 succedere
2229 2245 2377 2300 possit.

188 2324 442 2366 Mandamus
488 2325 632 2378 itaque
676 2319 889 2362 universis
940 2316 1171 2358 infeodatis
1220 2319 1264 2356 et
1309 2313 1660 2355 ministerialibus
1713 2313 1898 2355 ecclesie
1937 2314 1982 2354 in
2027 2313 2379 2365 Quitdelenbum,

191 2394 391 2449 quatinus
426 2392 626 2433 dilectam
667 2390 905 2445 principem
938 2392 1128 2428 nostram
1160 2383 1455 2426 venerabilem
1487 2383 1751 2424 abbatissam
1783 2382 1835 2424 de
1867 2380 2206 2429 Quitdelenburc
2236 2383 2380 2424 nullus

191 2477 299 2504 ausu
343 2461 496 2502 ductus
539 2460 767 2502 temerario
807 2466 952 2499 contra
995 2454 1229 2511 prelibatas
1274 2452 1510 2494 sententias
1548 2464 1729 2506 gravare
1766 2451 1836 2492 vel
1876 2452 2106 2492 molestare
2140 2456 2380 2508 presumat;

192 2531 303 2587 quod
335 2531 406 2586 qui
439 2528 778 2584 attemptaverit.
812 2539 988 2581 gravem
1021 2524 1231 2565 offensam
1262 2526 1408 2562 nostre
1442 2520 1709 2562 celsitudinis
1743 2534 1789 2561 se
1821 2520 1990 2561 noverit
2020 2521 2303 2561 incursurum.

335 2599 487 2640 Testes
521 2599 593 2652 qui
625 2596 913 2638 interfuerunt
942 2595 1001 2635 hii
1034 2602 1151 2633 sunt:
1186 2589 1446 2633 venerabilis
1480 2589 1616 2630 abbas
1647 2589 1797 2630 Sancti
1820 2588 1947 2640 Galli,
1981 2588 2033 2630 G.
2056 2588 2109 2629 de
2132 2588 2383 2640 Hohenloh,

191 2669 239 2711 F.
263 2669 315 2710 de
338 2667 688 2722 Truhendingen.
721 2679 866 2706 comes
890 2663 944 2704 H.
969 2663 1021 2704 de
1046 2660 1342 2704 Greffesbach.
1374 2659 1531 2700 fratres
1564 2658 1616 2700 de
1642 2657 1922 2709 Grindelahe‚
1955 2672 2101 2700 comes
2124 2657 2182 2699 H.
2205 2657 2258 2699 de
2275 2657 2383 2699 Val-

194 2738 436 2779 chenstein.
478 2737 681 2791 pincerna
719 2734 770 2775 de
804 2732 1152 2781 Quittelenburc‚
1204 2729 1469 2770 camerarius
1502 2727 1554 2769 de
1588 2726 1945 2778 Quittelenbure‚
1983 2726 2034 2768 B.
2067 2726 2121 2767 de
2151 2726 2385 2780 Dietfurte,

196 2806 245 2847 O.
279 2805 331 2846 de
365 2804 713 2851 Quittelenburc.
755 2801 922 2857 dapifer
954 2799 1006 2840 de
1040 2797 1373 2847 Quitelenburc.
1408 2795 1657 2837 Gerhardus
1689 2795 1742 2837 de
1775 2794 2047 2847 Quernberc,
2078 2794 2297 2836 Iohannes
2329 2795 2382 2837 de

194 2873 461 2916 Witerstete.
494 2873 544 2912 V.
578 2872 630 2913 de
664 2870 1006 2919 Quittelenbure.
1041 2876 1083 2909 et
1116 2868 1186 2908 alii
1218 2880 1348 2921 quam
1379 2865 1540 2920 plures,

338 2942 498 2982 Datum
531 2940 645 2996 apud
676 2939 941 2981 Nurinberc.
976 2950 1087 2978 anno
1121 2935 1334 2976 dominice
1367 2933 1672 2974 incarnationis
1706 2932 1971 2983 MCCXXX,
2011 2932 2108 2973 XV.
2141 2931 2239 2974 Kal.
2273 2931 2385 2985 Oct.,

196 3011 282 3052 ind.
306 3010 387 3052 III.

335 3124 420 3158 295.
451 3131 482 3166 ὃ]
509 3125 628 3157 demut
652 3124 682 3157 2.
799 3122 817 3146 b
859 3123 1047 3163 Frideburg
1073 3120 1102 3152 1.
1221 3120 1249 3159 c)
1275 3118 1455 3150 millesimo
1479 3118 1710 3151 ducentesimo
1734 3118 1902 3150 tricesimo
1927 3115 1960 3149 2.
