2558 3970
103 558 118 582 5

86 1025 118 1049 10

85 1399 116 1424 15

82 2087 113 2114 25

83 2429 116 2454 30

84 2774 116 2800 35

83 3119 117 3145 40

641 155 884 189 ramerum
912 156 954 190 11.
982 156 1411 191 CONSTITU'PIONES.
1464 160 1561 192 1233.
1614 160 1674 192 ΧΓ.
1698 161 1771 193 m.
1801 162 1874 194 17⁸.
2273 168 2346 205 221

160 270 316 310 festum
350 269 467 310 beati
500 268 725 311 Michaelis
758 271 955 325 proximo
989 271 1177 311 futurum
1213 277 1446 326 patentesffl
1482 275 1650 315 mittere
1685 276 1872 316 littei-11⁸⁰
1907 278 2167 318 ‹=x‹·‹·1l‹›nti‹÷
2201 285 2271 318 tui·
2305 296 2353 319 m·
2383 290 2463 322 svm.
2485 296 2526 317 2¹3.

160 351 236 378 suo
268 338 436 393 typario
470 338 712 393 insignitas.

298 405 421 447 Dat.0
454 405 674 451 Lateran„
706 406 818 449 Non.
853 406 978 450 Iunii.
1011 421 1122 447 anno
1154 409 1351 463 septimo.

304 474 353 515 In
397 474 584 516 eundem
623 474 797 516 modum
842 476 1047 531 scriptum
1083 481 1149 516 est
1188 478 1425 517 rectoribus
1461 480 1692 521 societatis
1730 482 1986 522 Lombardi«-
2022 490 2063 522 vt
2104 483 2355 523 ltoinuniole

159 543 301 584 verbis
335 548 632 598 competenter
663 544 848 585 mutatis.

158 712 258 756 178.
291 711 800 754 INTERPRETATIO
833 712 1136 754 ARBITRII
1163 712 1286 754 PER
1320 714 1719 759 PONTJFJGla'M
1739 719 2105 761 Lth'AItDLs'
2141 721 2354 761 Ι·’Λ(”Ι’Λ.

1178 783 1274 823 Ima.
1302 787 1338 823 7.

297 862 452 904 Eodem
482 862 566 912 die,
597 876 676 915 quo
706 862 878 903 arbitrii
909 864 1107 915 seriptum
1130 864 1298 904 nmmfis·
1321 864 1538 906 Samosatis
1565 866 1715 907 Romus·
1737 870 1969 908 emes-titulis
1995 871 2243 911 lra‹lrrwlur‚
2279 871 2356 920 ipsi

144 932 385 984 pontificem
422 931 471 972 dc
513 931 761 984 quibusdam
798 933 887 972 cius
926 933 1123 984 capitulis
1165 933 1545 985 interpellarerunt.
1612 939 1724 989 (gemm
1767 939 2055 989 i12aesae‹i.s·iti0m1.‹
2085 943 2120 978 (Ἰ
2150 940 2356 990 μιιηΙίῘὶι-ῖκ

153 1013 352 1053 responsa
382 1001 646 1041 continentur
679 1000 951 1042 instrumento
974 1001 1162 1053 publico,
1206 1002 1314 1053 quod
1345 1003 1473 1043 Libro
1506 1004 1667 1044 Paleris
1699 1020 1762 1046 ην.
1787 1011 1815 1046 ὲ.)
1847 1007 1908 1045 bis
1949 1009 2109 1047 illalum
2142 1008 2356 1058 aaa-savilio!

155 1070 280 1120 Iaffe',
310 1068 528 1110 ediderunt
558 1068 711 1110 Fielrcr
737 1072 822 1109 376
852 1083 918 1110 vr.
941 1071 1024 1109 345
1055 1073 1093 1110 et
1130 1069 1343 1111 Valentini
1374 1075 1437 1112 73.
1476 1098 1523 1102 —
1562 1074 1752 1119 Riilemer,
1795 1075 1890 1127 R‘Z‘l·
1934 1077 2026 1127 imJ»,
2065 1077 2103 1121 Γ,
2128 1080 2250 1116 (1911’5.

1967 1144 2036 1194 (Ι).
2070 1145 2211 1193 ‹lem-t.)

297 1241 348 1282 In
392 1241 561 1282 nomine
599 1239 772 1282 Domini
813 1255 952 1282 amen.
1014 1241 1142 1283 Anno
1188 1257 1212 1283 a
1250 1243 1476 1285 nativitate
1510 1244 1683 1286 Domini
1718 1246 2056 1291 MCCXXXlll.
2090 1249 2157 1288 dio
2193 1248 2355 1288 Martis.

153 1310 255 1352 VII.
287 1309 357 1352 die
400 1310 564 1351 mensis
606 1309 742 1358 Iunii,
786 1310 1020 1352 indictione
1044 1311 1119 1352 VI.
1243 1311 1349 1353 Cum
1399 1313 1597 1355 dominus
1643 1315 1885 1370 Bagarotus
1934 1317 2075 1371 legum
2124 1317 2274 1356 ‹lm-tor
2315 1321 2354 1356 et

152 1379 448 1420 Premadicius
501 1378 554 1419 de
603 1379 821 1420 Ziriminis
864 1380 1053 1421 civitatis
1097 1379 1296 1422 Bononie
1353 1387 1394 1423 et
1438 1381 1749 1438 Mudalbergus
1799 1385 1926 1426 iudex
1978 1392 2020 1426 ct
2068 1387 2253 1427 Ani-iens
2303 1386 2354 1425 d«—

155 1448 423 1490 Castelliono
457 1448 644 1489 civitatis
668 1447 902 1489 Mediolani
939 1454 981 1489 et
1005 1449 1254 1503 Paganinus
1280 1451 1410 1492 iudex
1435 1451 1487 1492 de
1512 1452 1718 1505 Vigantia
1740 1459 1782 1494 et
1805 1454 2031 1495 'l'oniasins
2057 1457 2196 1510 vaput
2225 1455 2357 1507 Nigm·

154 1518 342 1559 civitatis
374 1516 524 1559 Padue
565 1521 608 1558 et
647 1516 802 1558 Petrus
836 1516 966 1559 Cacia
1005 1518 1191 1559 civitatis
1224 1519 1447 1561 Placentie
1481 1526 1525 1561 et
1558 1521 1827 1563 Gaidanetus
1861 1523 1913 1563 de
1950 1523 2135 1563 Faenvizi
2170 1525 2354 1563 civitatis

152 1586 342 1628 Faencie
376 1591 418 1627 et
451 1586 684 1627 Paladinus
718 1585 770 1627 de
807 1585 964 1628 Salode
998 1588 1185 1628 civitatis
1210 1587 1358 1629 Brixie
1384 1595 1426 1629 et
1454 1589 1637 1630 lacobus
1662 1591 1714 1631 dc
1740 1592 1945 1632 Axandro
1971 1592 2155 1632 civitatis
2181 1592 2354 1632 Mantin-

153 1660 197 1698 et
229 1655 535 1697 ambaxatores
569 1655 740 1696 illarum
774 1656 995 1697 civitatum
1030 1670 1079 1697 ac
1114 1657 1266 1697 sindici
1301 1663 1344 1698 et
1381 1662 1551 1700 actores
1587 1659 1817 1701 Societatis
1852 1661 2129 1702 Lombardic.
2163 1660 2352 1701 Mau-hio,

153 1730 197 1767 et
227 1724 440 1767 Romanie
473 1729 516 1766 et
549 1723 840 1780 predictarum
875 1724 1096 1766 civitatum
1131 1731 1280 1767 essent
1314 1740 1457 1768 coram
1492 1727 1666 1769 domino
1708 1743 1820 1785 papa
1853 1734 1895 1771 et
1928 1729 2122 1771 dicerent
2155 1735 2196 1769 ct
2231 1744 2353 1784 rogn-

150 1799 247 1836 rent
279 1808 391 1846 eum,
424 1798 471 1835 ut
501 1795 596 1850 ipse
630 1798 872 1849 apponeret
903 1795 945 1835 in
978 1794 1093 1836 dicto
1128 1809 1205 1836 suo
1239 1796 1327 1836 sive
1362 1795 1684 1843 ordinamento,
1719 1798 1832 1852 quod
1866 1799 2028 1839 fecerat
2062 1799 2171 1839 inter
2205 1800 2352 1839 Socio-

150 1867 284 1904 tatem
317 1868 361 1905 et
392 1862 529 1904 dictas
555 1863 751 1905 civitates
786 1877 841 1904 ex
864 1877 948 1905 una
980 1869 1103 1920 parte
1129 1869 1171 1905 et
1202 1865 1507 1920 imperatorem
1533 1881 1587 1907 ex
1612 1867 1763 1918 altera,
1798 1868 1963 1908 scilicet
1984 1867 2096 1922 quod
2123 1869 2355 1923 imperator

151 1932 317 1974 faceret
348 1945 500 1988 pacem
533 1936 575 1973 et
607 1945 833 1974 rancorem
866 1934 1107 1974 remitteret
1130 1938 1173 1975 et
1198 1940 1389 1975 servaret
1418 1949 1568 1989 paceni
1594 1936 1792 1977 omnibus
1817 1936 2123 1977 adherentibus
2148 1937 2353 1977 Soriotati

151 2001 344 2057 predicte
389 2006 431 2043 et
469 2001 715 2042 civitatibus
749 2002 954 2058 predictis
990 2028 1039 2032 --
1073 2003 1126 2044 ad
1160 2003 1273 2058 quod
1307 2004 1528 2059 respondit
1561 2005 1755 2046 dominus
1789 2020 1921 2061 papa.
1957 2006 2069 2060 quod
2107 2006 2237 2046 verba
2271 2020 2352 2060 qno

153 2076 278 2112 erant
309 2072 352 2112 in
386 2071 500 2113 dicto
531 2070 659 2113 laudo
692 2072 782 2113 sive
817 2072 1113 2113 ordinamento
1147 2073 1313 2114 scilicet
1345 2073 1436 2114 ‘hec
1469 2074 1769 2116 universaliter
1801 2076 1980 2129 singulis
2015 2080 2057 2115 et
2081 2075 2355 2129 singulariter

151 2139 380 2182 universis'
423 2141 675 2182 tantundem
717 2140 1010 2196 operabantur
1053 2146 1261 2196 quantum
1303 2142 1335 2183 si
1385 2148 1708 2198 apponerentur
1752 2145 1945 2200 predicta
1978 2144 2124 2185 verba.
2247 2144 2352 2185 Item

150 2210 399 2266 pecierunt,
442 2214 490 2251 ut
528 2214 769 2266 exponeret
800 2216 843 2251 et
884 2209 1049 2252 diceret
1087 2211 1167 2263 eis,
1211 2212 1246 2252 si
1288 2212 1553 2267 intelligerit,
1600 2213 1711 2268 quod
1752 2214 1835 2254 ista
1866 2214 2017 2265 verba,
2062 2213 2224 2253 scilicet
2258 2217 2352 2267 ‘que

152 2278 367 2321 discordie
411 2279 643 2321 occasione
688 2277 911 2334 premisse’
955 2279 1200 2321 referentur
1241 2280 1294 2322 ad
1334 2281 1460 2332 illud,
1510 2281 1623 2336 quod
1656 2282 1813 2323 dicitur
1850 2283 2072 2338 ‘imperiali
2107 2282 2350 2323 celsitudini

155 2347 492 2390 adherentibus'.
554 2347 624 2389 Ad
656 2348 770 2404 quod
803 2348 1024 2404 respondit
1056 2349 1252 2390 dominus
1286 2364 1413 2405 papa,
1447 2350 1560 2405 quod
1590 2351 1890 2393 referebantur
1922 2351 2154 2397 adomnia,
2189 2351 2351 2391 scilieet

151 2422 238 2459 tam
271 2417 325 2459 ad
356 2418 602 2474 proximum
635 2417 816 2469 dictum,
853 2418 1018 2460 scilicet
1050 2419 1089 2459 ei
1124 2418 1236 2473 quod
1269 2419 1422 2460 dicitur
1455 2419 1613 2460 ‘banna
1646 2421 2078 2474 constitutionesque,
2111 2420 2347 2459 sententias

151 2491 194 2528 et
229 2485 540 2529 ordinamenta’
575 2490 618 2528 et
650 2491 816 2539 cetera,
850 2501 979 2542 quam
1012 2486 1065 2528 ad
1099 2487 1298 2543 superius
1332 2487 1503 2539 dictum,
1537 2489 1610 2529 ubi
1641 2489 1796 2530 dicitur
1828 2489 2055 2544 ‘imperiali
2090 2489 2349 2528 excellentis·

150 2555 459 2598 adherentibus
493 2561 580 2597 tam
614 2556 925 2598 ecclesiasticis
960 2571 1087 2612 quam
1120 2556 1346 2598 mundanis
1379 2557 1543 2598 firmam
1576 2572 1728 2613 pacem
1765 2558 2067 2599 inviolabiliter
2093 2555 2348 2598 ‹⁷›bsvrvent2

149 2628 197 2665 ut
229 2624 424 2666 similiter
455 2625 724 2679 intelligatur
764 2625 995 2667 ‘discordie
1026 2626 1254 2667 occasione
1287 2625 1527 2681 premisse'.
1568 2630 1610 2667 et
1643 2627 1701 2666 ita
1736 2627 1950 2680 intelligit.
2070 2626 2177 2665 ‘Item
2213 2626 2346 2680 petie-

149 2697 262 2746 runt,
296 2693 331 2734 si
362 2708 440 2749 per
471 2693 545 2735 illa
576 2694 722 2747 verba,
756 2694 924 2736 scilicet
954 2695 1035 2735 hec
1069 2695 1294 2750 ‘imperiali
1327 2694 1570 2735 celsitudini
1602 2694 1926 2736 adherentibus*
1959 2699 2001 2735 et
2033 2699 2190 2741 cetera,
2225 2700 2345 2733 tenv-

153 2766 278 2803 antur
307 2762 369 2803 illi
397 2762 450 2804 de
472 2762 694 2804 Societate
719 2777 893 2805 servare
916 2778 1067 2819 pacem
1090 2763 1470 2814 Cremonensibus,
1489 2763 1790 2819 Papiensibus,
1811 2763 2131 2804 parmensibus.
2158 2762 2348 2815 Reginis.

150 2829 483 2884 Mutinensibus,
517 2831 850 2873 Veronensibus
883 2837 927 2874 et
958 2832 1185 2874 Trivisinis
1219 2837 1261 2873 et
1283 2832 1595 2874 Ravanatibus.
1659 2833 1727 2874 Ad
1760 2833 1872 2888 quod
1907 2832 2128 2886 respondit
2151 2830 2348 2871 dominus

149 2913 281 2956 papa,
325 2900 436 2956 quod
468 2915 554 2942 non
586 2905 789 2943 tenentur
819 2915 874 2942 ex
907 2902 990 2943 isto
1027 2901 1223 2953 arbitrio,
1266 2903 1366 2956 quia
1398 2916 1480 2943 non
1515 2906 1637 2943 erant
1670 2903 1711 2943 in
1745 2902 1919 2943 arbitrio
1952 2914 2029 2940 nec
2063 2901 2347 2954 promiserunt

150 2981 230 3009 nec
271 2969 532 3024 promissum
579 2970 660 3011 fuit
697 2984 773 3025 pro
816 2971 899 3017 eis;
946 2975 988 3012 et
1038 2975 1216 3026 propter
1258 2971 1337 3012 hoc
1379 2971 1413 3011 si
1456 2970 1689 3011 Lombardi
1731 2984 1785 3010 ex
1832 2969 1929 3010 aliis
1973 2969 2114 3008 causis
2158 2968 2347 3007 facerent

151 3050 353 3091 guerram
375 3037 596 3094 predictis,
619 3052 704 3080 non
728 3039 967 3080 inciderent
988 3040 1030 3080 in
1059 3053 1173 3094 pena
1193 3040 1512 3094 compromissi:
1546 3044 1588 3080 et
1612 3040 1669 3079 ita
1692 3039 1799 3079 dixit
1822 3052 1867 3079 se
1893 3037 2149 3090 intelligere.
2242 3035 2346 3075 Item

151 3106 390 3161 petierunt,
424 3107 537 3162 quod
568 3107 809 3149 declararet
842 3109 931 3149 suis
965 3109 1120 3149 litteris
1154 3107 1349 3163 predicta
1382 3108 1539 3159 omnia,
1575 3108 1687 3147 sieut
1708 3106 1930 3162 respondit
1953 3110 1995 3145 et
2016 3105 2228 3158 intelligit.
2282 3103 2346 3143 Ad

151 3175 265 3230 quod
307 3175 526 3231 respondit
558 3176 759 3218 dominus
793 3191 925 3233 papa,
970 3176 1120 3231 quodsi
1168 3177 1312 3232 aliqua
1345 3190 1473 3231 super
1512 3176 1577 3216 his
1610 3175 1816 3231 predictis
1849 3175 2033 3215 oriretur
2065 3172 2274 3213 dubitatio
2308 3176 2348 3211 et

152 3244 233 3285 sibi
266 3244 508 3286 referantur
540 3245 736 3302 predicta
767 3260 846 3301 per
883 3247 980 3287 illos
1014 3245 1066 3286 de
1100 3246 1344 3296 Societate,
1386 3245 1496 3286 bene
1529 3245 1662 3285 faciet
1695 3258 1790 3285 cum
1825 3242 2136 3284 deliberatione
2171 3241 2345 3281 fratrum

152 3306 339 3356 suorum'.
400 3314 511 3355 Item
543 3314 652 3355 dixit
693 3314 806 3356 idem
839 3314 1039 3356 dominus
1071 3329 1202 3370 papa,
1247 3314 1360 3369 quod
1392 3328 1474 3355 non
1515 3313 1739 3367 intelligit,
1786 3311 1937 3367 quodsi
1969 3310 2228 3351 adherentes
2270 3311 2346 3349 im-

100 3410 105 3414 ·
150 3383 338 3436 peratori
370 3397 454 3424 non
478 3387 704 3425 servarent
735 3397 887 3439 pacem
912 3383 1119 3425 Societati
1153 3388 1195 3424 et
1226 3383 1474 3424 civitatibus
1508 3382 1592 3422 iam
1615 3381 1759 3431 dictis,
1793 3380 1905 3435 quod
1940 3379 2134 3420 Societas
2168 3383 2210 3418 et
2243 3378 2344 3417 civi-

84 3465 116 3490 45

151 3453 265 3492 tates
296 3452 380 3493 iam
414 3451 528 3493 dicte
560 3456 795 3494 teneantur
825 3452 887 3493 eis
921 3452 962 3492 in
997 3452 1154 3507 aliquo.
1218 3449 1302 3498 Qui
1335 3465 1436 3491 vero
1470 3449 1776 3490 ambaxatores
1811 3454 1853 3489 et
1885 3447 2036 3488 sindici
2070 3446 2272 3487 dixerunt
2305 3450 2347 3484 et

289 3553 373 3588 177.
407 3554 451 3598 ¹¹¹)
477 3556 567 3588 deest
591 3556 644 3588 laic
671 3555 712 3588 B.
852 3557 888 3597 Ῑ1)
923 3567 988 3597 pro
1024 3556 1154 3587 litteras
1181 3555 1429 3596 —insignitas
1464 3553 1511 3585 B:
1549 3554 1794 3595 procuretis
1829 3563 1899 3595 per
1936 3562 2102 3583 manum
2132 3549 2346 3591 publicam

149 3611 333 3654 scriptas
358 3613 499 3645 vestri
523 3619 562 3646 et
586 3613 880 3654 quarumlibet
904 3614 1136 3645 civitatum
1162 3613 1208 3644 de
1234 3612 1328 3654 ipsa
1353 3611 1569 3644 Societate
1595 3610 1837 3652 sigillorum
1863 3609 2092 3641 munimine
2110 3606 2342 3637 roboratas.

149 3665 182 3711 ⁰)
206 3668 361 3701 Datum
386 3670 613 3708 Laterani,
639 3672 821 3714 septimo
847 3671 945 3703 Idus
970 3671 1104 3711 Iunii,
1130 3670 1422 3712 pontificatus
1448 3668 1582 3700 nostri
1607 3678 1720 3699 anno
1744 3668 1924 3709 septimo
1950 3665 1990 3696 B.
