2558 3970
182 162 231 200 76
683 158 921 193 FRIDERICI
951 158 992 192 11.
1019 157 1447 192 CONSTITUTIONES.
1498 158 1596 193 1218.
1645 159 1706 193 Nr.
1725 160 1779 194 62.
1805 160 1860 194 63.

180 272 489 313 ecclesiastica,
524 273 621 312 huic.
655 273 865 322 sententie
896 276 1123 326 nostreque
1158 273 1466 313 confirmationi
1500 276 1542 313 ct
1572 272 1815 314 inhibitioni
1847 274 1988 328 aliquo
2017 288 2217 328 umquam
2250 279 2359 316 tem-

180 354 280 394 pore
321 354 366 379 se
409 340 566 381 audeat
599 341 814 394 obponere
854 341 921 381 vel
955 341 1099 393 aliqua
1130 341 1374 381 temeritate
1408 354 1489 394 que
1529 341 1768 395 prescripta
1801 345 1898 381 sunt
1928 341 2175 396 infringere.
2235 342 2361 390 Quod

180 409 249 461 qui
283 408 426 449 facere
460 409 795 463 attemptaverit,
837 408 1171 461 indignationem
1212 409 1346 462 gratie
1387 412 1528 457 nostre
1567 422 1612 449 se
1652 409 1817 449 noverit
1850 422 1944 450 cum
1976 410 2122 451 debita
2154 424 2266 465 pena
2297 411 2360 451 in-

180 477 376 517 currisse.
446 476 513 516 Ad
555 477 673 517 cuius
722 478 783 517 rei
831 476 1107 526 evidentiam,
1153 477 1282 518 robur
1319 482 1447 530 atque
1486 477 1751 527 memoriam,
1793 477 1872 518 hoc
1904 478 2106 532 seriptum
2138 478 2236 518 inde
2267 478 2363 519 fieri

182 545 392 584 iussimus.
427 558 556 585 aureo
588 544 822 585 maiestatis
854 548 995 584 nostre
1029 545 1167 598 sigillo
1202 544 1507 585 conmunitum.

324 612 394 652 Ilii
436 618 534 653 sunt
574 616 725 653 testes.
768 612 938 653 Whicus
967 612 1239 653 Patauiensis
1272 612 1516 666 episcopus,
1547 611 1779 653 Bertoldus
1801 612 2093 655 Lausanensis
2118 614 2362 669 episcopus,

181 679 217 719 L
227 681 352 720 lmus
386 681 520 721 :aibbis
553 681 698 721 Sancti
723 680 849 723 Galli
884 681 1012 735 Ilugo
1045 680 1178 721 abbas
1201 679 1512 731 MorbacensiS,
1544 680 1778 722 Heinricus
1810 682 1947 723 maior
1978 683 2222 738 prepositus
2248 681 2362 724 Con-

182 749 429 788 mutiensis
472 750 628 803 regilis
671 750 766 790 aule
809 750 1172 804 pr·otlionotuius
1221 748 1500 789 Theobaldus
1539 748 1627 789 dux
1664 748 1964 804 Lotharingie,
2010 750 2236 792 Lodwicus
2277 750 2364 792 dux

182 814 376 856 Bawarie
410 830 552 858 comes
587 818 802 872 palatinus
836 817 959 861 Reni,
1002 831 1144 858 comes
1176 817 1349 857 Vlricus
1382 817 1433 856 de
1467 816 1703 867 Quiburch,
1736 831 1879 860 comes
1876 782 2072 860 ΟΧΟΠΥῙΟΠΞ
2105 819 2157 860 de
2189 818 2364 860 Niwen-

183 883 329 924 bui-,ch
365 884 637 926 Heinrinnus
670 886 859 926 malchio
893 885 944 926 de
980 885 1144 930 Badcn
1187 899 1328 926 comes
1360 885 1637 926 Burchardus
1671 885 1722 927 dc
1756 886 2042 934 Mannesvelt
2076 901 2216 928 comes
2249 887 2364 929 Her-

183 966 360 992 iii-uinus
394 952 445 993 de
470 952 738 997 1111710111.οῇ
773 954 1003 994 Haimicus
1034 954 1189 994 nobilis
1222 953 1274 994 de
1296 953 1424 1000 Niffe
1458 953 1721 995 Anshelmus
1754 954 1807 995 de
1832 955 2057 1009 Iustingen
2079 955 2367 996 marescalcus

183 1020 364 1074 impeimii
399 1022 568 1062 Xhieus
608 1023 659 1064 de
701 1022 1008 1063 Minzenberch
1049 1023 1309 1063 camerarius
1356 1023 1537 1077 imperii,
1582 1022 1861 1063 Eberhardus
1899 1022 2066 1077 dapifer
2108 1023 2162 1064 de
2203 1022 2367 1077 Tanna,

184 1086 437 1129 Chiimadus
471 1090 522 1131 de
556 1090 886 1132 Wintersteten
921 1096 963 1131 et
995 1092 1067 1131 alii
1100 1105 1225 1145 quam
1258 1091 1418 1145 plures.

323 1156 340 1208 Ξζ
372 1158 550 1212 Signum
583 1158 739 1199 domini
771 1158 981 1200 Friderici
1012 1159 1284 1199 invictissimi
1317 1158 1606 1200 Romanorum
1637 1160 1751 1214 regis
1784 1159 1883 1214 (M.)
1916 1173 2086 1215 semper
2121 1159 2294 1214 augusti
2327 1162 2370 1200 et

182 1225 355 1278 gloriosi
388 1227 502 1280 regis
537 1226 708 1281 Sycilie.
739 1246 755 1262 κ

327 1293 420 1347 Ego
455 1293 707 1335 Chflnradus
743 1296 949 1336 Metensis
983 1300 1024 1336 et
1057 1295 1270 1350 Spirensis
1304 1296 1529 1351 episcopus
1561 1296 1793 1350 imperialis
1826 1297 1924 1337 aule
1958 1296 2239 1337 cancellarius
2272 1296 2365 1337 vice

184 1360 339 1401 domini
384 1362 526 1402 Sifridi
571 1368 718 1405 sancte
759 1363 1010 1419 Moguntine
1055 1364 1171 1405 sedis
1212 1365 1529 1419 archiepiscopi
1572 1365 1703 1405 totius
1738 1363 1965 1414 Germanic
1997 1363 2368 1405 archicancellarii

185 1431 424 1483 recognovi.

327 1499 437 1539 Acta
461 1509 558 1539 sunt
580 1500 659 1541 hec
683 1514 793 1541 anno
819 1502 872 1542 ab
897 1502 1187 1542 incarnatione
1206 1501 1381 1542 Domini
1404 1501 1630 1542 millesimo
1655 1500 1950 1541 ducentesimo
1969 1499 2138 1550 XVIII,
2161 1503 2373 1554 regnante

186 1565 434 1607 felicissimo
474 1568 644 1609 domino
686 1574 830 1610 nostro
860 1568 878 1622 Ξ
909 1569 1139 1610 Frederico
1170 1567 1189 1622 ἔξ
1230 1569 1419 1611 secundo
1451 1569 1741 1610 Romanorum
1781 1582 1882 1623 rege
1916 1582 2086 1624 semper
2117 1572 2296 1623 augusto
2330 1571 2374 1609 et

186 1633 370 1687 glorioso
411 1650 511 1690 rege
555 1636 726 1692 Sycilie,
775 1652 885 1679 anno
919 1638 1103 1679 Romani
1140 1639 1263 1693 regni
1301 1638 1435 1693 ipsius
1479 1642 1616 1690 sexto,
1663 1637 1821 1693 Sycilie
1860 1651 1962 1679 vero
2006 1641 2158 1678 octavo
2191 1635 2374 1688 decimo,

187 1701 386 1745 feliciter.

334 1771 430 1812 Dat.
466 1773 602 1824 Vlme.
637 1789 747 1815 anno
782 1775 952 1815 Domini
988 1779 1229 1830 prenotato,
1262 1776 1364 1816 Idus
1399 1775 1532 1830 Sept,
1566 1775 1801 1816 indictione
1835 1775 2030 1829 septima.

863 2128 992 2228 'ea
1047 2155 1673 2228 SENTENTIA

351 2257 469 2328 IN
522 2257 1035 2333 FAVOREM
1078 2259 1336 2331 roffi
1388 2256 2210 2374 nocLEsrAsrioi.

1066 2384 1258 2442 (1218.)
1297 2384 1401 2430 Oct.
1430 2383 1508 2429 202.

335 2514 512 2557 Edimus
542 2530 561 2556 e
600 2516 636 2570 1)
670 2520 772 2558 tomo
793 2517 828 2566 I,
865 2516 943 2571 fol.
963 2519 1048 2558 203
1079 2517 1278 2558 librorum
1310 2528 1492 2557 camerae
1530 2514 1846 2568 Saleburyensis
1877 2514 2292 2568 (‘Kammerbecher’)
2328 2513 2376 2554 in

189 2584 396 2625 tabulario
428 2584 728 2627 vindobonensi
768 2589 1083 2636 asservatorum,
1121 2599 1140 2626 e
1181 2599 1260 2638 quo
1299 2599 1388 2626 eam
1419 2584 1516 2625 olim
1553 2584 1800 2635 exemplavit
1830 2583 1895 2623 vir
1925 2583 1973 2625 el.
2003 2582 2293 2634 Wattewbaeh;
2324 2595 2376 2623 ex

190 2653 322 2693 eedem
370 2657 472 2694 tomo
516 2654 626 2695 edita
668 2657 725 2695 est
768 2656 814 2695 ¹z'n
845 2655 963 2696 Actis
1004 2654 1169 2706 imperii
1209 2654 1366 2695 selectis
1397 2653 1434 2704 Ι,
1473 2667 1539 2694 nr.
1562 2654 1670 2706 270,·
1719 2652 1761 2707 2)
1795 2655 1897 2692 tomo
1926 2651 1997 2702 VI,
2025 2652 2105 2706 f'ol.
2127 2647 2201 2692 34'
2232 2664 2298 2692 nr.
2323 2650 2377 2691 51

191 2721 409 2763 eorundem
441 2723 651 2773 librorum,
684 2724 755 2764 ubi
785 2724 943 2764 inserta
973 2726 1032 2763 est
1052 2723 1315 2763 innovatiom'
1337 2722 1507 2774 Rudolft
1537 2722 1645 2774 ressis
1673 2721 1854 2763 a.1279.
1888 2719 2009 2761 Febr.
2032 2722 2085 2760 14
2107 2719 2241 2769 datae,
2273 2731 2377 2771 quae

191 2789 300 2830 edita
332 2793 388 2830 est
421 2791 606 2832 ‘I‘Vz'ener
632 2792 902 2833 Jahrbacher’
942 2790 1058 2841 CIX,
1080 2792 1191 2841 260;
1221 2791 1436 2842 descripsit
1463 2790 1528 2830 vir
1549 2789 1587 2831 d.
1603 2789 1787 2830 Michael
1809 2787 1941 2842 Mayr
1967 2786 2299 2839 Oenopontawus.
2326 2810 2377 2816 —

193 2856 382 2908 Belnner,
417 2858 514 2912 Ray.
548 2860 643 2912 imp.
675 2859 719 2910 V,
745 2862 839 2903 957.
2001 2854 2071 2908 (P.
2094 2855 2236 2908 deest.)

336 2961 578 3003 Fridericus
610 2962 694 3003 Dei
727 2964 865 3017 gratia
897 2963 1189 3003 Romanorum
1233 2976 1309 3003 rex
1343 2967 1411 3003 eta
1443 2974 1613 3016 semper
1645 2964 1853 3015 augustus
1887 2964 1929 3001 et
1966 2973 2044 3000 rex
2078 2958 2266 3012 Sycilieb
2299 2957 2377 2998 im-

195 3037 486 3084 perpetuumc.
606 3031 860 3073 Constitutis
905 3032 945 3072 in
991 3032 1213 3086 presentia
1254 3035 1403 3072 nostra
1449 3029 1618 3070 dilectis
1666 3027 1932 3083 principibus
1972 3027 2137 3081 imperii
2177 3025 2380 3067 videlieet

195 3096 487 3140 'I'reverensed
522 3105 586 3140 ete
620 3099 938 3154 Salzburgense
969 3100 1317 3154 archiepiscopis,
1347 3097 1677 3152 Herbipolense,
1710 3095 2030 3151 Ratisponense
2055 3098 2097 3135 et
2118 3094 2377 3135 Pataviense

196 3169 409 3223 episcopis
444 3174 484 3208 et
517 3168 854 3212 duee'jssawarie
889 3174 931 3209 et
963 3169 1058 3208 aliis
1092 3167 1280 3223 imperiis
1309 3166 1599 3221 magnatibus,
1632 3165 1811 3205 nuncius
1845 3163 2020 3218 capituli
2051 3161 2379 3216 Salzburgensis

196 3250 271 3289 per
303 3237 595 3276 venerabilem
618 3237 983 3292 Ratisponensem
1010 3237 1255 3292 episcopum
1278 3250 1355 3291 per
1385 3234 1642 3275 sententiam
1668 3233 1854 3287 requirig
1884 3231 2137 3286 postulavit:
2171 3244 2224 3271 an
2247 3229 2380 3271 iudex

197 3305 401 3344 secularis
427 3306 580 3359 aliquis
604 3306 806 3346 victualia
830 3307 1130 3360 religiosorum
1153 3306 1195 3344 in
1225 3308 1359 3345 strata
1381 3303 1552 3358 publica
1575 3301 1626 3342 ad
1650 3300 1960 3355 querimoniam
1984 3298 2163 3339 alicuius
2187 3297 2379 3339 detinere

198 3373 361 3413 ratione
406 3373 550 3413 iudicii
592 3374 780 3415 deberet.
845 3374 1037 3415 Dictavit
1078 3374 1208 3427 igitur
1251 3371 1489 3427 principum
1524 3369 1760 3411 sententia:
1795 3367 1907 3423 quod
1939 3366 2045 3407 nulli
2077 3366 2265 3406 iudicum
2297 3364 2379 3406 deh

198 3442 455 3482 victualibus
500 3442 792 3496 religiosorum
836 3442 1048 3482 iusticiam
1090 3442 1217 3482 alicui
1251 3440 1458 3482 exhibere
1491 3436 1699 3489 debereti,
1744 3431 1824 3477 nisi
1856 3432 2094 3489 legittimak
2125 3433 2377 3489 probatione

333 3542 393 3576 633.
429 3544 460 3585 θ’)
471 3541 575 3577 'deest
600 3543 628 3576 52.
727 3544 758 3585 b)-
785 3545 898 3577 Sicilie
922 3544 953 3576 2.
1049 3544 1079 3586 c)
1106 3546 1139 3576 in
1165 3548 1365 3587 perpetuum
1391 3541 1421 3574 2.
1495 3539 1527 3581 d)
1553 3540 1753 3573 Tn-euerensi
1779 3538 1903 3571 similia
1928 3547 2057 3579 semper
2082 3534 2112 3567 2.
2186 3535 2217 3577 θ)
2243 3536 2333 3568 deest
2350 3534 2378 3567 1.

197 3600 224 3641 f)
251 3602 370 3643 inperii
395 3600 423 3633 2.
566 3607 598 3643 8)
631 3603 753 3643 requiri
786 3612 843 3643 per
876 3602 1077 3634 sententiam
1102 3601 1134 3633 2.
1273 3599 1305 3641 h)
1339 3600 1429 3632 deegt
1458 3598 1489 3631 2.
1640 3595 1664 3637 i)
1700 3597 1852 3638 preberet
1883 3594 1920 3636 23
1958 3593 2134 3636 leyenclum
2174 3598 2220 3625 est
2255 3593 2380 3625 liceret.

196 3656 229 3695 k)
245 3659 410 3700 ‘legitima
436 3658 466 3690 ²2.

2402 903 2435 927 10

2406 1244 2437 1269 15

2409 1585 2442 1610 20

2412 2299 2444 2325 25

2413 2735 2447 2761 30

2415 3109 2447 3134 ³5

2416 3449 2450 3474 40
