2558 3970
148 158 199 197 30
589 155 796 189 OTTONIS
822 154 881 188 IV.
910 154 1339 189 CONS'MTUTIONES.
1391 155 1487 189 1202.
1529 155 1625 188 1208.
1675 154 1737 188 Nr.
1755 155 1809 189 25.
1836 156 1890 189 26.

288 268 503 309 Iohannes
538 268 618 309 Dei
651 269 788 321 gratia
825 282 899 309 rex
934 268 1103 320 Anglie.
1144 267 1339 308 dominus
1373 268 1610 322 Hybernie.
1652 268 1739 308 (lux
1770 268 2044 318 Normannie.v
2085 270 2330 323 Aquitanic,

148 350 288 377 comes
336 337 589 390 Andegavie
637 337 848 377 universis
897 334 1057 376 Christi
1105 335 1303 377 fidelibus
1351 336 1405 376 ad
1451 350 1557 390 quos
1611 349 1787 390 presens
1836 337 2041 391 scriptum
2086 338 2334 391 pervenerit

147 406 343 445 salutem.
464 404 531 444 Ad
564 405 858 444 universorum
892 404 1089 444 notitiam
1124 405 1318 445 volumus
1360 404 1599 459 pervenire,
1638 404 1748 458 quod
1789 418 1866 445 nos
1897 405 1937 445 in
1971 406 2142 447 nomine
2175 406 2334 447 domini

146 474 278 514 nostri
312 473 412 514 Iesu
447 472 607 513 Christi
640 472 902 513 confederati
947 486 1092 513 sumus
1125 472 1280 514 dilecto
1323 473 1470 528 nepoti
1513 476 1658 513 nostro
1692 471 1850 513 Othoni
1880 472 1965 514 Dei
2003 475 2143 528 gratia
2174 476 2332 517 illustri

146 541 434 582 Romanorum
469 541 560 594 regi
594 546 635 581 et
668 555 840 595 semper
872 546 1068 595 augusto,
1101 540 1153 581 de
1186 555 1318 595 regno
1350 548 1495 581 nostro
1520 546 1670 581 contra
1694 554 1840 581 omnes
1871 541 2080 593 homines,
2114 544 2167 584 ad
2190 545 2330 599 ipsum

146 615 187 650 et
219 610 439 663 imperium
474 622 595 648 suum
629 613 672 649 et·
702 609 794 649 iura
826 623 903 649 sua
935 609 1215 650 custodienda
1248 613 1290 650 et
1321 609 1593 650 defendenda
1625 614 1668 650 et
1699 609 1751 649 ad
1786 609 2119 664 impendendum
2142 613 2181 653 ei
2205 613 2332 656 fidele

145 678 368 717 consilium
416 682 457 717 et
504 677 710 717 auxilium
753 676 806 717 ad
851 678 942 718 iura
986 692 1061 718 sua
1102 677 1392 732 perquirenda
1435 681 1477 718 et
1518 677 1851 719 manutenenda.
1919 677 2002 719 Per
2046 679 2156 721 hanc
2188 687 2333 723 autem

144 745 535 787 confederationem
569 746 743 785 remisse
777 750 875 786 sunt
916 746 1014 786 hinc
1054 745 1152 787 inde
1186 750 1229 786 et
1269 745 1507 800 perdonate
1540 759 1688 786 omnes
1730 746 1903 800 querele
1936 750 1978 788 et
2010 761 2159 790 omnes
2191 749 2332 806 indig-

145 814 356 855 nationes.
391 814 426 854 si
459 827 540 868 que
574 814 747 854 fuerunt
779 814 891 854 inter
922 828 1014 866 nos,
1047 818 1278 869 antequam
1312 815 1395 855 ista
1426 814 1548 855 fieret
1581 814 1888 856 confederatio.
1951 815 2010 856 Et
2040 820 2087 857 ut
2117 818 2200 859 ista
2233 833 2333 860 con-

145 882 356 923 federatio
390 883 593 922 maiorem
627 886 670 923 et
701 882 932 923 firmiorem
965 884 1158 937 optineat
1181 883 1475 934 stabilitatem,
1509 883 1652 923 onmia
1675 883 1922 938 supradicta
1943 884 2132 926 fideliter
2153 890 2196 927 et
2219 886 2332 928 bona

143 950 225 991 fide
270 951 563 991 conservanda
603 964 679 1005 per
718 965 888 991 manum
933 952 1100 993 comitis
1133 951 1346 993 Willelmi
1385 952 1629 993 marescalli
1671 952 1920 993 iuravimus.
1991 952 2165 995 Domini
2200 955 2331 996 etiam

144 1019 198 1058 H.
233 1018 406 1060 Canter.
440 1025 482 1060 et
516 1018 567 1060 G.
601 1018 890 1060 Eboracensis
924 1025 966 1061 et
999 1019 1069 1061 W.
1103 1019 1467 1075 Rothomagensis
1501 1020 1829 1075 archiepiscopi⁷
1863 1025 1905 1061 et
1938 1020 1988 1063 G.
2014 1020 2332 1064 Wintoniensis

145 1092 186 1127 et
231 1087 277 1127 E.
314 1087 499 1127 Elicnsis
541 1093 582 1128 et
623 1088 655 1128 Ι.
690 1087 982 1129 Norwicensis
1024 1093 1067 1129 ct
1107 1088 1184 1130 Ph.
1226 1089 1534 1130 Dunolmensis
1576 1089 1767 1144 episcopi
1813 1089 1854 1129 in
1898 1090 2031 1131 verbo
2076 1091 2334 1133 sacerdotali

143 1156 443 1210 promiserunt.
488 1162 529 1196 et
567 1156 618 1197 R.
652 1170 796 1198 comes
835 1157 1089 1212 Leycestrie
1130 1162 1173 1199 et
1210 1158 1261 1199 R.
1297 1172 1438 1199 comes
1472 1157 1639 1198 Cestrie
1682 1162 1725 1198 et
1764 1157 1836 1198 W.
1870 1171 2014 1199 comes
2047 1159 2258 1200 Arundell
2291 1165 2334 1202 et

144 1223 195 1265 G.
219 1224 328 1264 filius
360 1224 479 1265 Petri
512 1225 678 1265 comitis
702 1224 857 1267 EsseX.
891 1226 1181 1266 iusticiariusa
1212 1231 1358 1267 noster
1381 1231 1424 1267 et
1448 1240 1591 1267 comes
1611 1225 1681 1268 W.
1706 1227 2014 1267 marescallusb
2038 1233 2081 1269 et
2102 1227 2168 1270 W.
2189 1242 2333 1270 comes

144 1291 363 1333 warenne
398 1298 440 1333 et
472 1293 521 1333 R.
554 1307 697 1334 comes
730 1293 783 1334 de
815 1293 956 1345 Clara,
989 1308 1132 1336 comes
1156 1294 1373 1349 Rogerius
1399 1294 1543 1349 Bigot‚
1576 1294 1825 1336 Willelmus
1849 1295 1901 1337 de
1924 1295 2122 1349 Breosta‚
2154 1296 2204 1339 R.
2230 1311 2331 1338 con-

146 1360 403 1401 stabularius
429 1360 609 1403 Cestrie.
643 1361 859 1402 Robertus
882 1362 993 1402 filius
1017 1361 1219 1414 Walteri7
1254 1362 1502 1404 Willelmus
1524 1363 1769 1404 Briewerus
1794 1367 1836 1404 et
1858 1364 1986 1418 Hugo
2011 1364 2180 1406 Bardus
2204 1378 2332 1421 super

147 1435 420 1469 sacrosancta
455 1430 715 1473 iuraverunt.
761 1430 873 1484 quod
907 1430 1020 1471 bona
1051 1431 1134 1471 fide
1169 1435 1211 1471 et
1244 1432 1334 1472 sine
1367 1432 1479 1472 malo
1513 1431 1685 1486 ingenio
1720 1433 1943 1473 consilium
1978 1437 2021 1474 et
2053 1434 2259 1474 auxilium
2292 1438 2336 1476 et

149 1511 271 1537 suum
306 1497 434 1538 fidele
468 1512 597 1552 posse
631 1504 862 1554 apponent,
895 1503 942 1539 ut
974 1500 1057 1540 ista
1090 1499 1397 1551 confederatio,
1431 1501 1542 1541 sicut
1565 1515 1693 1555 supra
1717 1502 1922 1556 scriptum
1947 1507 2024 1552 est,
2057 1506 2256 1543 teneatur
2279 1517 2336 1544 ex

143 1572 263 1621 parte
296 1571 443 1607 nostra
476 1571 518 1607 et
550 1568 592 1607 in
624 1572 881 1622 perpetuum
914 1568 1100 1609 fideliter
1130 1568 1394 1609 observetur.

286 1636 394 1675 Acta
427 1641 524 1675 sunt
557 1635 638 1675 ista
670 1635 782 1690 apud
818 1635 970 1676 Susam
1006 1636 1127 1676 VIII.
1162 1637 1230 1677 die
1266 1637 1548 1692 Septembris.
1590 1652 1701 1678 anno
1734 1638 1855 1692 regni
1887 1638 2021 1678 nostri
2055 1642 2219 1692 quarto.

220 2041 310 2108 ⁶26.
357 2038 998 2112 CONVENTIO
1060 2041 1297 2114 CUM
1348 2041 2255 2113 ARCHIEPISCOPO

739 2143 1730 2215 MAGDEBURGENSI.

1034 2269 1204 2326 (1208.
1244 2270 1331 2316 Iul.
1366 2269 1452 2325 in.)

286 2406 546 2458 Proferz'mus
588 2422 638 2448 esc
683 2412 820 2463 ectypo
862 2409 1187 2463 photographeco,
1235 2412 1344 2463 quod
1387 2426 1437 2453 ex
1477 2388 1732 2466 aictoyrapko
1775 2412 1978 2453 tabulam·
2018 2413 2122 2465 reyiz'
2161 2412 2335 2465 Μαράθ-

143 2475 356 2527 buryensis
391 2477 571 2516 instituit
593 2476 784 2529 Philippi
816 2477 1205 2519 ‘Kaisermkzmdmz
1234 2480 1280 2519 >in
1303 2480 1607 2533 Abbilclunyen’
1630 2480 1684 2531 X,
1716 2480 1796 2521 tab.
1817 2482 1874 2521 21
1897 2480 1931 2535 f
1956 2485 1992 2521 et
2014 2481 2144 2522 ‘Text’
2169 2494 2214 2535 p.
2237 2480 2332 2521 445.

142 2544 410 2597 Antoqrapho
441 2545 537 2585 olim
568 2545 751 2597 Siyillum
782 2560 1010 2599 appensum
1035 2547 1173 2602 fuisse
1204 2549 1314 2590 credi
1345 2550 1452 2593 licet.
1485 2575 1537 2580 -—
1568 2550 1762 2601 Bo'hmer,
1794 2549 1893 2604 Ray.
1916 2551 2014 2604 imp.
2046 2550 2204 2601 K239.

1895 2618 1965 2671 (P.
1987 2619 2128 2668 deest.)

285 2702 334 2743 O.
368 2703 447 2744 Dei
480 2705 621 2757 gratia
652 2704 945 2747 Romanorum
978 2721 1055 2748 rex
1089 2712 1131 2748 et
1165 2722 1336 2763 semper
1367 2714 1576 2764 augustus
1600 2710 2004 2765 universis-imperii
2029 2709 2228 2751 fidelibus
2251 2710 2332 2750 hoc

149 2772 351 2825 scriptum
385 2773 650 2813 intuentibus
684 2774 865 2827 gratiam
899 2790 1020 2816 suam
1055 2781 1097 2816 et
1130 2791 1255 2817 omne
1290 2778 1460 2819 bonum.
1580 2778 1951 2832 Recognoscimus
1984 2783 2027 2820 et
2060 2778 2332 2834 presentibus

144 2840 297 2880 litteris
331 2841 591 2895 profitemur,
636 2841 747 2896 quod
780 2843 891 2883 inter
924 2857 1000 2884 nos
1033 2858 1087 2884 ex
1120 2859 1206 2886 una
1245 2851 1366 2901 parte
1400 2851 1442 2887 et
1475 2847 1584 2887 inter
1615 2846 1835 2887 dominum
1867 2847 2095 2888 Albertum
2127 2847 2333 2902 Magede-

144 2908 403 2962 burgensem
451 2910 824 2965 archiepiscopum
872 2926 927 2952 ex
975 2913 1060 2952 alia
1103 2919 1225 2968 parte
1272 2914 1461 2955 admissa
1509 2920 1576 2956 est
1615 2916 1869 2971 compositio
1909 2916 1951 2955 in
1993 2915 2105 2956 hunc
2146 2914 2332 2956 modum.

145 2979 203 3029 (l)
239 2975 520 3018 Conferemus
560 2978 741 3019 ecclesie
774 2979 1169 3035 Magedeburgensi
1202 2982 1472 3024 Haldesleue
1514 2998 1609 3024 cum
1651 2984 1846 3025 omnibus
1896 2984 2136 3025 attinentiis
2170 2983 2257 3024 suis
2291 2988 2334 3025 et

145 3058 311 3085 omnem
353 3047 675 3100 proprietatem.
717 3061 843 3101 quam
883 3055 1006 3103 pater
1046 3054 1192 3091 noster
1234 3051 1385 3092 habuit
1427 3053 1469 3092 in
1510 3052 1702 3092 marchia
1737 3051 2178 3106 Brandenburgensia
2217 3056 2260 3093 et
2291 3052 2333 3092 in

144 3118 256 3153 terra
302 3127 382 3168 que
418 3114 567 3154 Wisch
611 3121 798 3156 vocatur.
876 3116 1084 3158 Dedimus
1130 3133 1300 3173 quoque
1351 3120 1643 3171 fideiussores,
1694 3121 1808 3175 quod
1855 3121 2162 3176 proprietatem
2204 3121 2330 3160 istam

146 3182 412 3222 stabiliemus
456 3184 638 3224 ecclesie
681 3185 722 3224 in
764 3186 874 3225 omni
918 3186 1226 3239 iurisdictione,
1267 3188 1341 3228 ubi
1372 3188 1488 3229 bona
1519 3189 1602 3229 sita
1634 3193 1746 3239 sunt,
1781 3193 1823 3229 et
1857 3187 2089 3229 secundum
2122 3188 2334 3229 iusticiam

146 3250 476 3290 warentabimus
519 3265 611 3291 cam
651 3252 702 3292 de
742 3253 846 3307 ipsis
879 3253 1002 3294 bonis
1036 3268 1131 3295 cum
1174 3256 1303 3310 pleno
1337 3270 1549 3297 consensu
1588 3256 1796 3297 heredum
1829 3260 2088 3307 nostrorum,
2131 3261 2173 3297 et
2205 3269 2336 3311 super

146 3317 224 3356 hoc
259 3317 452 3358 dabimus
488 3319 785 3373 privilegium¹
820 3327 1013 3362 nostrum
1047 3323 1232 3364 ecclesio
1256 3323 1662 3378 Magedeburgensi.
1782 3324 1843 3377 (2)
1876 3324 1985 3365 Item
2011 3338 2088 3364 nos
2114 3328 2157 3365 ct
2180 3325 2333 3365 fratres

282 3417 340 3452 ⁵25.
374 3425 404 3460 a)
431 3421 534 3452 iusti&
554 3432 601 3452 or.
719 3421 751 3463 b)
778 3424 911 3457 maresc
939 3436 986 3456 or.

281 3485 342 3520 26.
375 3489 405 3529 a)
431 3487 547 3520 Brand
574 3501 600 3521 c.

288 3577 319 3618 1)
353 3576 430 3610 Hoc
465 3581 511 3611 est
543 3578 763 3622 paz-{leffium
797 3579 936 3614 Ottonis
969 3580 1094 3616 datum
1123 3587 1272 3618 a.1209.
1306 3583 1396 3617 Mai.
1424 3588 1466 3617 19
1497 3582 1547 3618 ed.
1577 3582 1732 3617 Gereken
1771 3582 1901 3617 ‘Codeae
1931 3583 2016 3628 dipl.
2049 3583 2333 3628 Brandenbmy!

145 3633 213 3676 IV,
234 3637 297 3667 435
322 3634 499 3677 (Bo'hmer,
527 3635 611 3679 Rey.
641 3636 718 3679 imp.
746 3636 783 3680 V,
804 3642 889 3680 279).

2369 901 2402 926 10

2370 1244 2401 1268 15

2372 1583 2405 1609 20

2371 2428 2403 2454 25

2370 2792 2403 2818 30

2369 3135 2401 3160 35

2368 3502 2402 3527 40
