2558 3970
190 152 270 189 515
326 147 602 180 ALEXANDRI
624 147 680 180 IV.
703 146 846 179 EPIST.
866 146 928 179 Ab
948 146 1124 180 RIGHAR
1134 146 1233 180 DUM
1259 145 1368 181 ΗΕΘ.
1388 146 1448 180 1)ss
1470 145 1630 180 ELECT.
1650 145 1882 180 DISCORDI.
1931 146 2031 181 1258.
2080 146 2142 181 Nr.
2156 147 2233 181 402.

190 272 231 301 ct
274 263 389 301 ruine
432 261 677 314 multiplicis
720 260 920 300 scandala
966 260 1294 315 proparanturb2
1344 265 1488 316 preter
1528 261 1633 302 hocc
1675 261 1890 302 contentio
1935 261 2141 316 partium,
2191 275 2368 316 quarum

189 337 337 369 neutra
374 329 485 369 cedit
524 329 648 369 altcri
681 329 747 369 vel
781 328 998 377 concedit,
1038 328 1090 369 dc
1122 330 1243 383 regni
1285 330 1375 370 iure
1409 328 1649 385 disceptat‘¹
1682 343 1761 370 nec
1794 342 1923 384 super
1954 343 2003 370 eo
2035 330 2194 370 ullume
2226 331 2369 385 requi-

188 399 301 437 ritur.
344 397 416 436 scd
461 396 601 450 potius
644 402 866 437 recusatur
904 397 1198 451 cogitationisf
1228 397 1454 447 iudicium,
1500 412 1575 453 per
1607 397 1717 452 quod
1757 398 1981 439 electionis
2014 399 2198 439 meritag
2228 399 2369 453 quoad

188 467 341 505 fuctum
384 464 664 519 cligcntium¹¹
706 465 1008 519 panderentur.
1129 464 1194 521 (4)
1240 465 1325 507 Sed
1377 466 1610 521 utrimquei
1650 466 1860 507 duntaxat
1901 481 1926 507 a
1963 467 2086 508 nobis
2128 467 2370 521 gratificans

188 534 343 573 favoris
377 533 628 587 approbatio
661 535 918 588 postulatur,
952 535 1051 575 licet
1084 534 1201 575 nulla
1232 534 1460 576 dissentiat
1492 535 1600 575 ratio
1634 535 1851 589 equitatis,
1885 535 1985 590 quin
2009 535 2062 576 de
2089 536 2210 590 regni
2235 536 2370 588 iurek,

186 600 295 655 quod
341 601 603 656 imperialem
645 602 962 644 conscendendi
1003 602 1299 644 celsitudinem
1344 603 1522 658 gradum
1567 604 1708 659 ponit,
1751 603 1889 658 prius¹
1930 604 2042 645 inter
2080 604 2371 660 disceptantes

187 674 302 709 essct
334 669 573 711 dirimenda
606 671 835 714 contentio.
871 678 1033 726 quam¹¹¹
1067 672 1383 727 competitionis
1407 672 1551 728 palma
1573 672 1698 713 unius
1723 675 1822 713 voto
1846 686 1942 713 cum
1965 673 2142 714 alterius
2167 675 2368 729 scrupulo

186 738 451 780 rofei-endan.
512 739 623 779 Num
659 754 891 794 quesumus
925 754 1097 792 censeS,
1139 742 1180 781 in
1213 745 1362 782 tantoo
1395 742 1556 796 talique
1589 755 1801 782 concursu
1833 741 2012 782 nimium
2044 743 2214 797 utrique
2246 743 2372 784 lateri

185 807 459 848 metuendum
502 813 543 849 et
582 809 818 850 cavendum
859 809 1135 864 propensius,
1180 824 1232 851 ne
1274 811 1315 850 in
1355 810 1652 865 gravissimam
1686 811 1843 865 vixque
1885 810 2118 852 curabilem
2151 811 2371 853 christiani

184 877 328 931 populi
369 877 574 917 iacturam
622 877 866 918 offendatur
906 879 1159 920 alterutrum
1194 884 1237 920 et
1275 893 1350 934 per
1382 880 1478 921 leve
1512 879 1813 934 compendium
1846 879 1898 919 ad
1939 879 2068 920 letale
2101 879 2369 935 dispendium

184 946 390 986 veniatur.
456 945 499 986 Si
534 960 634 1000 crgo
666 960 758 996 nos,
793 947 863 1001 qui
897 948 1027 988 tantis
1052 948 1251 1003 periculis
1276 948 1484 990 debemus
1511 948 1781 1000 subtrahere,
1815 962 1899 989 non
1927 949 2108 1003 prebere
2130 950 2371 1001 materiam,

183 1013 313 1054 rebus
347 1015 404 1054 sic
439 1029 483 1055 sc
517 1015 788 1058 habentibus.
822 1016 1012 1057 favorem
1037 1017 1236 1058 alterutri
1269 1031 1352 1057 non
1385 1016 1706 1072 impendimusp
1738 1017 2015 1072 postulatum,
2050 1017 2102 1059 de
2125 1031 2207 1073 quo
2231 1018 2369 1061 fomes

184 1082 281 1124 odii,
306 1084 550 1137 provocatio
574 1085 823 1135 animorum,
856 1086 1141 1126 animarump*
1164 1085 1363 1141 perditio,
1399 1100 1623 1140 corporum
1649 1090 1815 1140 strages
1840 1089 1882 1127 et
1904 1086 2204 1142 irreparabilia
2226 1102 2367 1130 rerum

182 1151 402 1205 dispendia
437 1158 727 1206 metuunturq,
761 1155 802 1194 in
836 1154 915 1195 hoc
940 1154 1023 1195 Dei
1055 1159 1203 1195 nutum
1236 1155 1439 1210 prosequi
1472 1159 1515 1196 et
1548 1155 1799 1209 obsequium
1834 1169 1909 1195 nos
1942 1160 2162 1210 prestarer
2193 1157 2370 1210 iustitie,

183 1235 264 1274 quc
297 1221 400 1261 nulli
433 1221 543 1275 quod
577 1236 698 1262 suum
733 1228 799 1263 est
832 1223 998 1268 adimit,
1039 1224 1115 1265 sed
1146 1224 1384 1265 inviolabili
1417 1224 1605 1279 equitate
1638 1223 1843 1275 custodit,
1882 1225 2073 1279 quisquis
2107 1239 2211 1267 sane
2244 1227 2367 1282 sapit,

183 1290 376 1343 quisquis
408 1290 640 1344 prudenter
673 1292 887 1347 intelligit,
922 1293 1142 1334 iudicabit.
1263 1292 1327 1348 (5)
1360 1293 1565 1348 Inspecta
1588 1293 1719 1347 igitur
1742 1293 1948 1347 temporis
1973 1293 2194 1348 qualitate,
2229 1297 2369 1337 consi-

183 1358 341 1398 deratis
376 1359 708 1401 circumstantiis
740 1375 1021 1416 personarum
1056 1366 1098 1402 et
1130 1362 1381 1403 difficultate
1413 1362 1575 1416 negotii
1609 1362 1822 1412 estimata,
1857 1362 2144 1416 cogitationes
2176 1364 2294 1419 pacis
2327 1365 2369 1405 in

183 1433 301 1467 tanto
335 1427 512 1468 dissidio
547 1429 737 1483 cogitare
772 1431 1080 1485 compellimur,
1120 1445 1199 1486 per
1232 1445 1360 1485 quam
1391 1431 1589 1485 iurgiosiS
1622 1431 1826 1485 strepitus
1858 1431 2074 1472 silentium
2107 1432 2150 1472 in
2182 1432 2369 1475 medium

181 1495 419 1537 inducatur.
462 1498 683 1551 quoniamt
724 1499 915 1541 officiosa
962 1501 1175 1542 ecclesieu
1217 1501 1449 1542 communis
1498 1501 1644 1541 matris
1678 1504 1743 1542 est
1774 1501 1934 1555 pietas,
1968 1515 2108 1552 arma,
2142 1516 2224 1557 que
2257 1503 2370 1545 inter

182 1566 483 1618 cogitationisv
515 1567 625 1608 filios
660 1570 945 1610 contentionis
979 1570 1096 1611 zelus
1128 1571 1289 1621 incitat,
1322 1571 1550 1612 interiectu
1583 1570 1765 1611 materni
1795 1570 1981 1624 pectoris
2005 1570 2228 1625 impedire.
2279 1571 2366 1613 Im-

182 1634 346 1688 pellunt
390 1650 465 1676 nos
507 1637 664 1691 quippe
706 1637 759 1678 ad
798 1639 901 1679 utile
945 1654 992 1679 ac
1026 1640 1265 1694 expediens
1308 1641 1426 1695 pacis
1468 1639 1704 1681 remedium
1737 1640 2085 1694 exquirendumW
2116 1654 2200 1681 non
2235 1641 2369 1682 solum

182 1703 472 1745 ecclesiastice
507 1706 731 1746 concussio
764 1707 978 1748 libertatis
1011 1708 1196 1763 fideique
1220 1710 1475 1758 necessitas,
1511 1710 1664 1763 quibus
1696 1708 1865 1750 tuendis
1889 1708 2073 1749 Romani
2104 1710 2368 1765 principatus

181 1771 399 1812 brachium
433 1773 575 1814 divina
610 1775 879 1829 providentia
913 1778 1159 1831 specialiter
1191 1778 1422 1833 delegavit,
1457 1778 1534 1819 sed
1567 1782 1609 1819 et
1641 1783 1816 1833 preterX
1849 1778 2074 1819 innumera
2106 1777 2370 1830 discrimina,

181 1855 261 1894 que
304 1842 343 1881 in
386 1844 648 1883 attritionem
697 1844 871 1885 humani
912 1847 1081 1900 generis
1121 1848 1392 1899 innovantur,
1441 1847 1640 1902 pavenda
1682 1848 1807 1887 nimis
1849 1848 2134 1888 communiter
2171 1848 2368 1889 omnibus

181 1911 382 1962 gentibus
415 1912 495 1951 iam
529 1913 698 1967 iamque
732 1913 962 1955 christiano
995 1916 1152 1970 populo
1185 1916 1508 1971 impendentiay
1541 1916 1592 1957 de
1626 1916 1764 1957 vicino
1796 1917 2001 1971 pericula,
2035 1930 2116 1971 que
2142 1917 2362 1958 induxisse

180 1978 376 2019 videntur
409 1994 560 2021 severa
592 1981 898 2036 indignationis
922 1984 1063 2025 divine
1093 1985 1250 2026 iudicia
1273 2000 1403 2040 super
1425 1990 1596 2026 terram.
1708 1985 1769 2039 (6)
1804 1985 1918 2026 Ecce
1943 1999 2127 2040 namque
2151 1985 2368 2027 hominum

180 2053 357 2101 peccata
391 2049 545 2104 impiaz
577 2050 720 2091 divino
754 2052 1024 2093 excandente
1058 2054 1225 2094 furore³
1259 2059 1494 2110 eruperunt
1526 2055 1567 2095 in
1598 2055 1816 2109 flagellum
1846 2055 2048 2096 universe
2072 2055 2364 2106 carnis,·Tar-

180 2117 395 2157 rarorumb
430 2118 725 2161 crudelissime
758 2122 994 2171 nationesc,
1037 2124 1107 2177 qui
1140 2123 1193 2164 de
1234 2124 1428 2178 potentia
1466 2123 1718 2165 innumered
1750 2123 2036 2164 multitudinis
2069 2129 2368 2179 presumentes

181 2186 372 2226 feraliter
405 2188 586 2233 seviunt,
621 2203 705 2229 non
738 2189 937 2230 deferunt
970 2192 1098 2232 statui
1123 2206 1201 2233 nec
1225 2193 1347 2233 sexui
1371 2207 1451 2234 nec
1474 2193 1640 2233 honori.
1693 2192 1780 2233 Hie
1803 2196 2022 2233 armantes
2045 2197 2195 2233 contra
2218 2207 2366 2234 omnes

181 2254 291 2294 tilios
325 2255 540 2296 hominum
576 2272 726 2299 manus
761 2273 861 2299 suas
894 2260 1058 2314 absque
1091 2262 1343 2316 acceptione
1367 2262 1507 2316 gentis
1532 2267 1574 2303 et
1602 2262 1788 2316 generiS,
1823 2261 1914 2302 sine
1939 2261 2195 2303 discretione
2219 2262 2365 2303 condi—

181 2323 308 2363 tionis
334 2329 375 2364 ct
397 2324 570 2377 gradus,
595 2327 757 2381 absque
782 2330 1024 2369 reverentia
1048 2329 1208 2370 ordinis
1233 2331 1301 2371 vel
1325 2331 1453 2372 etatis
1478 2331 1710 2372 humanum
1738 2331 1994 2385 sanguinem
2016 2330 2367 2386 persequunturf.

182 2390 234 2430 Et
267 2392 374 2432 sicut
407 2393 583 2445 locuste,
619 2409 700 2450 que
730 2396 782 2437 de
806 2397 951 2452 abyssi
982 2400 1138 2453 puteo¹
1174 2405 1453 2450 emerserunt,
1488 2401 1651 2455 egressi
1684 2401 1886 2441 universa
1909 2404 2092 2449 vastare,
2126 2400 2367 2455 subiugatis

180 2460 256 2500 sibi
299 2462 389 2502 fere
431 2464 618 2504 omnium
660 2466 844 2519 partium
888 2467 1158 2509 orientalium
1200 2469 1446 2510 nationibus
1480 2473 1522 2510 et
1553 2469 1803 2523 regionibus
1837 2469 2118 2519 conculcatis,
2162 2469 2308 2510 orbem
2339 2483 2365 2510 a

181 2531 489 2583 septemtrione
538 2540 846 2576 concusserunt
889 2540 931 2576 et
972 2542 1115 2578 austro
1158 2542 1201 2578 et
1243 2552 1354 2579 nunc
1395 2539 1514 2593 regni
1555 2538 1917 2579 Ierosolimitanig
1956 2538 2064 2579 fines
2105 2543 2147 2579 et
2187 2538 2362 2579 Terram

181 2599 380 2638 Sanctam
406 2600 445 2639 in
472 2599 628 2641 Christi
655 2604 863 2657 sanguine
888 2605 1144 2646 salvationih
1168 2606 1340 2647 humani
1363 2607 1534 2661 generis
1558 2607 1799 2648 dedicatam
1821 2607 1906 2647 iam
1931 2607 2126 2662 pulsasse
2149 2607 2360 2658 dicuntur,

181 2670 222 2705 et
241 2666 293 2706 ad
310 2669 709 2711 exterminandosh'
733 2686 817 2713 non
836 2674 972 2714 solum
993 2674 1163 2725 exinde,
1188 2675 1263 2716 sed
1282 2675 1341 2716 eti
1364 2676 1417 2717 de
1435 2677 1635 2717 universe
1652 2680 1765 2717 terre
1780 2676 1904 2725 facie,
1928 2680 2001 2717 aut
2018 2677 2116 2731 iugo
2136 2676 2366 2731 impietatis

181 2749 255 2775 ¹sue
290 2736 564 2778 intollerabili
599 2740 893 2795 subiugandos
918 2743 1168 2784 christianos
1200 2745 1416 2800 principes
1448 2749 1490 2785 et
1511 2746 1691 2800 populos
1714 2745 1918 2800 aspirare.
2010 2746 2072 2798 (7)
2107 2744 2261 2793 Quidi*
2290 2746 2366 2786 tibi

179 2805 451 2857 quesumusk,
486 2807 542 2847 fili
575 2809 806 2860 carissime,
838 2811 1017 2863 videtur,
1051 2813 1085 2852 si
1114 2813 1192 2854 hec
1225 2827 1306 2868 que
1338 2813 1389 2854 de
1420 2814 1588 2869 imperii
1614 2814 1706 2855 iure
1728 2813 1893 2854 inciditl
1916 2814 2178 2855 altercatiom
2200 2815 2365 2869 largum

180 2871 370 2913 barbaris
403 2875 647 2916 nationibus
680 2878 840 2919 aditum
875 2880 1034 2934 pandat
1062 2880 1115 2921 ad
1146 2882 1413 2923 interniciem
1443 2883 1589 2937 populi
1621 2882 1870 2923 christiani?
1923 2882 2089 2931 Quidi'z
2127 2884 2160 2924 si
2185 2883 2363 2925 duorum

179 2941 441 2996 principumn
465 2944 673 2986 interesse
698 2949 933 2988 communis
958 2949 1152 2990 interitus
1176 2964 1306 2991 causa
1329 2951 1428 2991 fiat?
1475 2950 1613 2998 Quam
1637 2952 1846 2992 rationem
1870 2951 2118 2992 effundendi
2140 2953 2361 3008 sanguinis

179 3016 324 3062 posset
363 3011 540 3053 reddere
583 3029 724 3055 coram
759 3016 875 3062 Deo,
916 3018 985 3071 qui
1028 3022 1182 3059 statum
1227 3020 1392 3074 imperii
1426 3019 1626 3068 Romani,
1668 3034 1746 3074 per
1788 3020 1897 3075 quod
1939 3020 2078 3061 aditus
2123 3021 2364 3062 inmanibus

179 3077 370 3118 hostibus
393 3080 446 3120 ad
470 3081 656 3123 fidelium
682 3085 896 3126 excidium
921 3087 1156 3139 nationum,
1182 3088 1214 3128 si
1239 3088 1283 3128 in
1307 3102 1351 3129 se
1380 3089 1473 3144 ipso
1497 3088 1744 3140 dissideat0,
1777 3089 1935 3144 aperiri
1957 3093 2099 3144 potest
2121 3093 2164 3130 et
2186 3089 2361 3138 obstrui,

314 3180 399 3215 402.
432 3182 462 3225 ¹¹)
496 3193 716 3229 preparentur
747 3187 778 3219 2.
919 3190 949 3231 c)
984 3191 1045 3223 lice
1071 3189 1101 3223 2.
1243 3190 1275 3234 (¹)
1311 3193 1478 3234 discrepat
1513 3193 1542 3225 l.
1684 3192 1713 3233 e)
1746 3193 1841 3225 11111111
1868 3191 1898 3225 2.
2040 3191 2070 3233 s)
2105 3193 2308 3236 cognitionis
2335 3193 2363 3226 1.

179 3245 209 3263 Ἀ
239 3230 339 3273 usiam
372 3242 396 3272 1.
514 3242 545 3281 ¹¹)
574 3246 818 3287 negligentium
846 3246 874 3278 1.
994 3246 1017 3288 i)
1043 3253 1225 3290 utrumqne
1252 3248 1280 3280 1.
1398 3247 1432 3290 k)
1461 3250 1533 3281 iurc
1559 3250 1652 3292 regni
1679 3248 1710 3282 2.
1820 3248 1844 3291 ¹)
1870 3251 2015 3292 primum
2040 3250 2073 3283 2.
2184 3251 2226 3292 m)
2253 3252 2305 3283 vel
2332 3250 2363 3285 2.

179 3302 211 3334 ¹¹)
238 3298 409 3329 ‹lil'crcnda
435 3299 465 3330 2.
583 3301 613 3339 0)
640 3308 751 3334 creato
781 3302 807 3335 l.
926 3304 957 3344 Ρ)
984 3305 1217 3347 impendamus
1243 3304 1273 3336 2.
1391 3306 1444 3347 1¹³)
1470 3306 1665 3347 amicorum,
1691 3306 1875 3339 amicornm
1893 3306 1907 3337 22
1921 3306 1951 3338 2.
2061 3307 2094 3348 q)
2121 3309 2305 3341 metiuntur
2332 3308 2361 3341 l.

178 3359 201 3389 Γ,
236 3365 352 3394 parare
380 3354 408 3386 1.
526 3362 553 3398 s)
587 3360 732 3400 ncrgiosi
758 3358 789 3391 2.
907 3361 932 3402 t)
965 3372 1064 3403 quam
1093 3361 1122 3394 1.
1246 3366 1278 3404 ¹¹)
1314 3363 1455 3395 ecclesia
1480 3362 1511 3396 2.
1628 3363 1658 3404 v)
1689 3364 1779 3395 deest
1802 3362 1832 3395 2.
1952 3363 1990 3404 w)
2024 3365 2306 3407 cxinquirendum
2331 3364 2362 3398 2.

177 3410 209 3451 λ’)
245 3419 376 3452 propter
401 3413 431 3443 2.
560 3419 591 3455 Ν)
620 3415 808 3457 impendent
837 3416 866 3448 1.
985 3422 1014 3458 ⁷)
1046 3418 1148 3460 impio
1175 3418 1204 3450 1.
1347 3420 1379 3459 ²²)
1415 3421 1617 3452 exaudiente
1643 3423 1773 3453 fervore
1798 3419 1828 3452 2.
1971 3421 2002 3463 ¹²)
2028 3422 2146 3454 Tarth.
2171 3422 2192 3453 2
2222 3434 2360 3465 semper.

177 3471 207 3506 ⁴³)
242 3468 384 3498 ¹¹⁷111s1¹¹l⁵
413 3468 438 3499 l-
575 3469 605 3511 ‘¹)
641 3473 672 3503 in
699 3484 835 3505 munere
861 3472 892 3506 ⁶2.
1021 3474 1052 3516 e)
1087 3476 1144 3506 Ilii
1169 3474 1200 3507 2.
1332 3476 1364 3519 s)
1396 3483 1646 3520 prosequuntur
1671 3478 1700 3510 2.
1831 3477 1862 3518 g)
1888 3489 2029 3520 regnum
2057 3479 2302 3512 Ierosolimital'i
2328 3480 2358 3513 2.

177 3522 208 3565 ¹¹)
236 3524 437 3556 salvatorem
466 3525 492 3556 1.
612 3526 664 3569 ¹1‘)
690 3532 961 3563 exterminandas
989 3530 1018 3564 1.
1045 3531 1076 3564 2.
1194 3531 1217 3574 1’)
1244 3534 1332 3566 deese
1359 3534 1387 3566 1.
1500 3534 1543 3577 ἰ“’)
1570 3537 1666 3576 Quod
1695 3535 1723 3567 l.
1833 3534 1866 3578 k)
1892 3536 1967 3577 quis
1993 3535 2022 3568 l.
2132 3535 2155 3579 l)
2180 3538 2303 3571 decidit
2327 3537 2358 3570 2.

177 3586 202 3601 ”¹
244 3581 393 3612 :init-:niu
425 3582 449 3614 l.
567 3590 599 3626 1¹)
627 3588 794 3628 proprium
825 3588 852 3620 1.
880 3590 910 3621 2.
1029 3596 1060 3627 “)
1087 3590 1263 3622 diffiderat
1291 3590 1318 3623 Ῑ-

317 3662 348 3703 1)
379 3661 430 3701 (γ’.
459 3662 560 3703 Λμφς.
582 3670 610 3705 ει,
629 3671 656 3696 2.

2407 897 2438 921 10

2408 1239 2438 1264 15

2404 1584 2438 1609 20

2404 1927 2436 1953 25

2403 2277 2489 2312 3ο,

2399 2622 2431 2646 35

2399 2964 2433 2988 40

2398 3318 2430 3342 45»
