2558 3970
155 587 170 613 5

140 931 174 955 10

141 1276 172 1302 15

135 1965 166 1992 25

138 2316 171 2342 30

138 2678 170 2704 35

108 2972 172 3009 Ἰ4ο

140 3259 173 3285 45

142 3543 174 3570 50

750 146 994 183 FRIDERICI
1022 148 1066 183 ΙΙ.
1093 149 1524 187 CONSTITUTIONES.
1576 154 1674 187 1241.
1724 153 1787 187 Nr.
1807 154 1884 189 235.
2330 158 2410 198 323

208 263 378 317 reyinae
408 261 593 306 Sueciae.
654 262 891 304 Exordium
926 277 1101 316 prorsus
1131 266 1253 308 aliud
1281 271 1341 308 cst
1371 282 1419 311 ac
1443 268 1607 323 formae
1639 270 1678 311 A
1710 273 1832 323 atque
1864 273 2000 311 text-us
2031 271 2117 322 ipse
2147 270 2415 322 aliquantum

208 332 427 385 discrepat.
489 330 586 373 Non
611 344 782 385 possum
813 333 915 385 quin
948 335 1222 387 suspicionem
1253 351 1444 387 moveam,
1475 338 1583 380 hanc
1608 339 1795 394 formam
1827 354 1854 380 α
1885 339 2083 381 dictatore
2115 339 2293 392 quodam
2323 353 2416 381 con-

204 401 358 457 fectam
379 413 476 444 esse.
500 425 552 431 -
580 400 1024 444 Herillard-Brfflzolles
1058 403 1102 453 V,
1127 406 1249 445 1139.
1301 406 1495 457 Bo‘hmcr,
1524 407 1622 461 Rey.
1650 410 1743 462 imp.
1778 408 1821 459 V,
1844 411 1968 450 3210.
2032 409 2104 461 (P.
2127 409 2268 457 deest.)

352 505 443 547 Fra*
475 504 557 546 Dei
597 505 744 560 gracia
776 505 1069 548 Romanorum
1113 508 1346 563 imperator
1385 525 1559 566 sempor
1597 518 1825 566 augustus,
1868 512 2136 554 Ilicrusalcm
2172 518 2215 553 ct
2249 512 2411 567 Sycilie

208 587 286 616 rex
317 575 531 617 universis
565 575 817 627 comitibus,
859 575 1030 628 liberis,
1073 577 1429 620 ministerialibus
1463 581 1708 636 ceterisque
1754 582 1997 622 hominibus
2032 582 2073 622 in
2108 582 2278 623 chvia
2311 596 2409 623 con-

208 644 385 695 stantis,
418 642 622 685 fidelibus
655 644 759 696 suis,
793 644 984 699 graciam
1019 658 1141 686 suam
1174 650 1217 686 et
1250 646 1408 688 bonam
1442 648 1722 690 voluntatem.

839 712 893 755 A.
1981 718 2030 759 B.

294 781 495 824 Perfecte
525 780 827 823 sollicitudinis
860 782 993 834 zelus,
1027 796 1110 838 quo
1144 784 1254 825 sicut
1285 788 1410 840 pater
1442 786 1518 826 im-
1680 786 1870 842 Tempus
1914 792 1980 828 cst
2018 788 2100 828 iam
2141 787 2192 828 dc
2233 803 2413 844 sompno

208 851 318 908 perii
363 853 524 892 statum
575 850 797 892 eiusdemb
838 849 1019 906 diligere
1067 853 1262 908 cogimur
1306 860 1350 895 et
1397 855 1519 904 tucri,
1594 869 1790 910 surgere,
1839 861 2010 911 tempus
2068 862 2134 897 cst
2181 857 2322 898 cordis
2374 862 2416 898 ct

210 920 472 976 propensius
507 933 583 961 nos
616 919 780 960 inducit
813 925 1008 961 nontam
1037 922 1296 964 manifesta⁰
1329 923 1519 979 pericula
1592 925 1810 979 corporisu
1855 924 1999 965 oculos
2044 926 2227 980 aperire.
2302 926 2414 967 Ecce

208 1003 336 1046 quam
370 993 572 1045 suspecta
595 989 732 1030 vereri
750 988 768 1012 ‘¹
800 1003 879 1030 nec
902 990 1193 1045 provisionem
1218 991 1393 1034 differre
1418 1007 1518 1034 cau·
1593 994 1756 1034 securis
1781 993 1833 1034 ad
1861 993 2047 1034 radicem
2070 994 2267 1035 arborum
2292 995 2412 1050 poni-

207 1059 318 1110 tele‚
361 1071 585 1113 quousque
631 1057 935 1100 certitudinem
970 1059 1032 1100 rei
1071 1074 1148 1115 per
1180 1061 1352 1103 oculate
1392 1061 1519 1103 fideie
1591 1067 1697 1114 tur0,
1750 1076 1850 1104 ecce
1899 1062 2038 1118 quodp
2086 1063 2253 1118 gladius
2302 1065 2414 1104 iam⁴¹

209 1126 506 1170 testimonium
530 1126 831 1182 adsequamur.
884 1126 969 1169 Sed
995 1134 1155 1184 quanto
1180 1130 1344 1171 maiora
1362 1131 1516 1172 timcn-
1592 1131 1647 1173 ad
1680 1145 1778 1173 ossa
1801 1132 2012 1187 pervenit,
2047 1131 2147 1173 duni
2179 1133 2219 1172 in
2243 1147 2414 1173 omnem

207 1200 277 1238 tur
322 1210 420 1238 esse
469 1195 714 1252 dispendia,
760 1199 881 1238 tanto
922 1198 1161 1254 promptior
1200 1203 1243 1240 et
1281 1198 1517 1255 perfectior
1593 1205 1751 1242 terram
1799 1201 1934 1242 exivit
1977 1214 2109 1242 sonus
2156 1214 2303 1243 eorum
2348 1203 2418 1258 qui

208 1265 341 1308 debet
382 1278 479 1307 esse
520 1265 704 1307 cautela.
773 1265 986 1307 Infestam
1025 1267 1156 1322 igitur
1196 1267 1346 1309 nobisf
1376 1273 1419 1310 et
1452 1269 1516 1310 in-
1592 1269 1797 1325 generale
1834 1270 2164 1311 christianitatis
2201 1270 2416 1312 excidium

207 1334 395 1377 faustam
440 1334 641 1376 omnibus
687 1333 848 1376 famam
891 1335 944 1376 de
987 1334 1213 1378 Tartarica
1255 1341 1517 1393 tempestate
1593 1339 1921 1381 comminantur.

208 1404 366 1446 finibus
398 1403 565 1460 imperii
596 1403 711 1444 iamg
742 1404 884 1445 vicina
915 1418 993 1460 per
1024 1419 1101 1446 nos
1115 1404 1149 1454 ¹²,
1183 1419 1288 1461 quos
1326 1421 1381 1449 ex
1414 1408 1517 1449 vici-

205 1474 344 1515 nitate
377 1473 459 1515 loci
490 1472 668 1529 primosi
700 1473 878 1526 invenit,
913 1473 966 1514 ad
999 1473 1104 1515 vosk
1137 1476 1296 1517 certius
1330 1481 1374 1518 et
1405 1475 1519 1517 ordi-

207 1544 350 1585 natius
384 1542 699 1594 deducendam,
731 1541 912 1584 idcirco¹
945 1542 1104 1584 vobism
1126 1543 1428 1597 describimus,
1462 1559 1517 1587 ne

210 1626 342 1669 super
373 1616 493 1654 tanto
530 1611 776 1653 discrimine
809 1612 929 1654 taciti
965 1611 1201 1655 videamur.

350 1680 696 1723 Audiveramusr
719 1681 857 1723 enimS
889 1680 974 1722 ista
996 1681 1261 1734 iamdudum,
1296 1683 1372 1725 sed
1397 1698 1643 1740 quanquam
1669 1684 1837 1726 auditat
1860 1684 2095 1727 decredere
2119 1692 2414 1729 vereremuru.

203 1764 285 1794 nec
307 1750 484 1793 credere
508 1749 761 1803 delectaret,
785 1750 881 1806 ipsa
903 1754 1049 1792 tamen
1073 1752 1230 1807 longev
1252 1752 1471 1794 modernis
1495 1758 1657 1795 remota
1680 1754 1945 1810 temporibus
1973 1754 2247 1811 putabamus,
2280 1769 2376 1797 cum
2395 1761 2419 1778 W

205 1824 386 1877 propter
415 1820 581 1862 itineris
623 1819 780 1862 remoti
826 1818 1078 1861 distantiam
1121 1824 1211 1861 tum
1253 1825 1429 1877 propter
1478 1823 1824 1878 quamplurium*
1867 1824 2040 1865 fortium
2082 1825 2323 1880 principum
2374 1829 2416 1865 ct

205 1889 463 1946 populorum
497 1902 737 1939 occursum,
771 1888 874 1944 quiy
896 1889 1186 1931 venientiumz
1209 1890 1487 1932 Tartarorum
1512 1892 1642 1934 armis
1676 1897 1744 1934 eta
1775 1893 1925 1935 furiisb
1957 1894 2180 1950 primitusc
2215 1907 2413 1935 occurre-

204 1958 324 2001 bant.
387 1958 474 2001 Sed
519 1957 648 2001 ecce<¹
680 1957 836 2000 deletis
867 1959 912 1999 in
955 1963 1094 2000 totum
1133 1964 1248 2002 terre
1287 1961 1584 2017 primatibuse,
1630 1976 1738 2018 quos
1779 1963 1927 2005 obices
1967 1964 2244 2015 invenerunt,
2291 1968 2334 2005 et
2367 1962 2419 2005 ad

203 2028 306 2084 iuga
335 2032 547 2085 perpetue
581 2028 797 2070 servitutis
829 2029 1102 2084 paucissimis
1137 2029 1367 2072 admodum
1401 2045 1456 2072 ex
1488 2031 1791 2074 inferioribusf
1820 2033 2076 2085 reservatis,
2118 2033 2203 2073 iam
2237 2040 2420 2074 versus*3

202 2097 391 2140 Romani
422 2097 560 2140 finesh
590 2097 764 2154 imperii
801 2098 1093 2154 propinquare
1128 2098 1341 2150 dicuntur,
1381 2105 1453 2141 etg
1485 2100 1539 2142 ad
1576 2101 1800 2156 religionis
1834 2105 1877 2142 et
1920 2101 2021 2143 fidei
2055 2107 2201 2143 nostre
2234 2110 2418 2143 matrem

205 2171 525 2209 sacrosanctam
558 2165 798 2208 Romanam
830 2167 1060 2208 ecclesiam
1093 2168 1450 2224 prophanandam
1486 2174 1529 2211 et
1561 2170 1714 2212 urbem
1747 2171 1913 2226 regiam
1939 2171 2108 2227 imperii
2131 2171 2265 2213 nostri
2290 2175 2419 2226 caput

204 2236 295 2278 iure
342 2235 538 2277 dominiii
579 2235 650 2278 vel
695 2235 881 2277 iniuriak
928 2236 1090 2292 potius¹
1140 2237 1450 2293 possidendam
1491 2253 1516 2281 a
1552 2238 1748 2280 Tartaris
1799 2245 1925 2296 prout
1968 2241 2183 2282 firmiterm
2231 2240 2420 2282 creditur

206 2305 435 2361 aspiratur.
494 2304 660 2347 Verum
702 2304 1021 2360 quantumlibet
1064 2306 1322 2348 haberemus
1365 2312 1411 2348 ut
1444 2307 1666 2349 diximusn
1700 2316 1782 2349 ex⁰
1815 2310 2071 2352 resistencia
2111 2314 2277 2352 remota
2308 2309 2417 2350 fidu-

205 2374 314 2415 ciam
346 2388 426 2416 nec
457 2375 742 2430 preoccupari
774 2380 889 2416 tamp
923 2375 1066 2417 subito
1101 2375 1395 2428 crederemus,
1431 2378 1492 2419 sic
1525 2383 1670 2419 tamen
1703 2379 1747 2419 in
1777 2382 1945 2420 totumq
1978 2379 2223 2421 sollicitudo
2251 2385 2420 2420 nostrar

203 2456 290 2484 non
323 2443 465 2484 exuit⁸
497 2443 770 2499 providentie
803 2444 948 2485 future
983 2445 1228 2497 consilium,
1270 2447 1392 2501 quint
1424 2447 1573 2488 multis
1605 2454 1750 2489 retrou
1782 2448 2052 2503 temporibus
2087 2448 2417 2503 diligentissime

203 2512 306 2554 licet
343 2513 491 2554 tacitiv
531 2526 834 2568 pensaremus,
870 2515 1055 2569 qualiter
1096 2529 1173 2556 nos
1214 2522 1400 2556 contraW
1440 2520 1559 2557 tam¹
1598 2516 1740 2557 valide
1783 2518 2052 2572 tempestatis
2094 2531 2341 2567 occursum,
2386 2517 2419 2557 si

206 2580 357 2623 diebus
385 2582 542 2623 nostris
564 2582 741 2624 infausti
765 2596 892 2624 casus
929 2582 1206 2625 huiusmodiy
1238 2584 1328 2625 iraz
1362 2586 1670 2640 contingereta,
1706 2587 2004 2641 pararemus¹'.
2066 2586 2275 2641 Proptere
2311 2584 2415 2626 hocd

345 2672 431 2709 235.
464 2676 495 2713 a)
521 2676 576 2708 Fr.
604 2693 646 2698 —
671 2676 884 2708 voluntatem
910 2675 942 2708 A
962 2675 996 2715 1;
1030 2676 1162 2709 Illustri
1186 2677 1258 2720 regi
1284 2677 1491 2710 Francorum
1518 2682 1691 2720 tamquam
1725 2680 1820 2711 fratri
1848 2691 1910 2712 suo
1935 2679 2136 2712 FrederIcus
2162 2683 2225 2711 ete.
2253 2677 2417 2709 Richard.

205 2730 238 2775 b)
264 2733 310 2765 sic
335 2732 369 2765 A
386 2731 417 2765 2.
443 2730 475 2765 3.
501 2731 616 2772 Riclz.;
641 2733 803 2766 ecclesiae
829 2733 862 2764 A
883 2733 910 2765 1.
1054 2732 1083 2777 0)
1110 2734 1200 2767 deest
1225 2734 1258 2765 A
1280 2734 1306 2767 l.
1449 2732 1482 2776 d)
1510 2736 1597 2768 tucri
1624 2735 1651 2767 A
1675 2736 1713 2774 2;
1751 2747 1853 2778 usque
1879 2737 1942 2770 hac
1968 2736 2064 2769 Rich.
2207 2741 2236 2776 e)
2265 2736 2313 2768 rei
2331 2733 2362 2766 A
2384 2734 2417 2767 2.

205 2787 235 2831 f)
261 2790 351 2823 deest
374 2789 407 2822 A
425 2788 455 2822 2.
575 2789 607 2832 8)
631 2791 699 2823 iam
723 2791 839 2824 vicina
865 2791 932 2824 des.
952 2791 985 2823 A
1002 2789 1035 2825 2.
1154 2790 1187 2834 h)
1213 2803 1274 2825 vos
1300 2792 1332 2824 A
1354 2791 1381 2825 l.
1502 2791 1525 2834 i)
1553 2794 1698 2836 primuni
1726 2794 1757 2825 A
1777 2794 1806 2826 2.
1924 2793 1958 2837 k)
1986 2806 2046 2827 nos
2073 2793 2104 2825 A
2125 2792 2153 2825 1.
2180 2792 2211 2826 2.
2331 2791 2355 2832 ¹)
2385 2793 2417 2824 id

207 2849 298 2881 circa
323 2848 356 2880 A
375 2848 410 2887 1;
434 2849 533 2881 vobis
556 2849 682 2881 idcirco
708 2849 741 2880 A
757 2847 789 2881 3.
909 2847 952 2892 ¹¹¹)
979 2849 1041 2882 tibi
1071 2849 1104 2881 A
1123 2849 1154 2882 2.
1273 2854 1308 2892 Π)
1334 2851 1485 2893 corporis
1511 2856 1543 2884 et
1568 2852 1678 2884 cordis
1706 2851 1738 2883 Β
1755 2851 1787 2884 2.
1905 2852 1937 2893 0)
1965 2852 2074 2894 posita
2100 2851 2131 2883 B
2150 2850 2181 2883 2.
2284 2855 2317 2890 P)
2343 2850 2416 2892 qui-

207 2906 282 2939 dem
306 2904 385 2938 132.
504 2904 537 2948 q)
563 2905 653 2938 deest
676 2905 710 2938 Β
726 2905 758 2939 2.
888 2905 916 2948 r)
942 2907 1162 2940 Advertimus
1190 2907 1222 2939 A
1241 2906 1279 2947 3;
1316 2908 1521 2942 Audivimus
1546 2908 1589 2941 Β.
1731 2908 1759 2950 s)
1785 2909 1875 2942 deest
1899 2909 1930 2940 A
1949 2908 1980 2942 2.
2008 2909 2047 2941 B.
2168 2907 2193 2948 t)
2220 2907 2309 2939 deese
2335 2907 2367 2938 A
2389 2905 2416 2938 1.

206 2963 241 3006 ¹¹)
266 2974 424 2997 veremur
450 2963 481 2995 A
499 2962 537 3002 35
563 2969 774 2996 verteremur
799 2963 831 2995 A
849 2963 880 2996 2.
976 2963 1008 3004 v)
1032 2964 1136 3007 longe
1161 2969 1277 2998 tamen
1301 2966 1374 3008 ipsa
1400 2966 1431 2997 A
1452 2965 1483 2998 2.
1510 2966 1552 2999 Β.
1649 2966 1689 3008 W)
1714 2978 1792 2999 cum
1817 2978 1875 3010 per
1901 2966 1951 3005 B;
1977 2977 2053 2999 curn
2082 2984 2122 2988 ——
2149 2972 2220 2998 tum
2247 2965 2314 2997 des.
2337 2965 2367 2996 A
2388 2964 2417 2997 1.

205 3021 239 3062 ¹)
265 3032 367 3064 quam
391 3021 576 3064 plurimum
601 3020 643 3054 Β.
760 3023 794 3062 δ’)
819 3032 887 3063 quo
911 3020 945 3052 Β
963 3021 992 3054 1.
1123 3026 1153 3063 Ζ)
1180 3023 1400 3055 frementium
1427 3023 1458 3055 A
1477 3022 1509 3056 3.
1628 3023 1660 3066 a)
1687 3025 1790 3056 armis
1815 3030 1847 3056 et
1873 3024 1940 3056 des.
1960 3024 1992 3055 B
2009 3024 2040 3056 2.
2158 3021 2191 3063 b)
2218 3024 2312 3055 fariis
2338 3022 2370 3054 Β
2389 3022 2417 3054 1.

208 3078 238 3119 0)
264 3079 356 3112 deest
374 3080 407 3111 A
424 3078 455 3112 3.
550 3077 584 3119 d)
611 3079 702 3121 quod
726 3083 778 3111 est
801 3079 922 3111 auditu
946 3079 1097 3112 terribile
1123 3079 1206 3112 add.
1224 3079 1266 3113 B.
1374 3080 1405 3122 Ε)
1431 3082 1645 3124 principibus
1663 3081 1695 3112 A
1715 3081 1745 3114 3.
1842 3080 1871 3122 s)
1899 3093 1940 3114 ex
1967 3082 2026 3113 inf.
2053 3081 2121 3113 des.
2140 3080 2184 3113 B.
2282 3084 2315 3120 Β)
2343 3080 2416 3112 loco

207 3147 327 3170 versus
361 3155 395 3159 —
421 3137 583 3170 dicuntur
607 3141 641 3169 et
664 3135 698 3168 Β
707 3149 717 3169 .·
752 3148 814 3169 nos
851 3137 954 3180 preda
984 3138 1172 3170 furentium
1206 3139 1381 3181 primaque
1415 3144 1529 3172 castra
1563 3151 1699 3178 sumus3
1737 3141 1803 3172 iam
1836 3140 1968 3183 imperii
1994 3139 2138 3171 Romani
2164 3139 2248 3171 fines
2274 3143 2305 3170 et
2332 3138 2419 3170 ostia

207 3194 459 3237 propulsantur.
565 3191 600 3236 l¹)
624 3193 710 3226 fines
733 3194 878 3226 Romani
903 3193 935 3226 A
953 3193 984 3227 3.
1091 3193 1114 3237 i)
1141 3195 1232 3227 deest
1254 3194 1287 3227 Β
1305 3193 1335 3227 2.
1442 3194 1477 3237 k)
1504 3202 1621 3229 nostra
1647 3197 1728 3229 add.
1747 3197 1780 3228 A
1799 3195 1830 3229 3.
1934 3194 1959 3238 l)
1985 3196 2075 3229 deest
2099 3195 2131 3228 B
2150 3194 2181 3229 2.
2277 3195 2320 3238 ¹1²)
2347 3196 2418 3228 loco

208 3251 348 3285 firmiter
364 3251 416 3284 B.-
441 3263 533 3285 nunc
557 3253 669 3295 magis
695 3251 756 3295 (ῃὸ
774 3255 831 3295 mg
851 3252 884 3294 1)
910 3253 1099 3296 vulgariter
1123 3254 1178 3285 vel
1202 3254 1482 3287 indubitabiliter.
1553 3258 1584 3293 n)
1611 3255 1754 3287 dicimus
1773 3255 1805 3286 A
1823 3253 1855 3286 2.
1928 3254 1959 3295 0)
1985 3255 2025 3286 de
2044 3253 2075 3285 A
2094 3252 2125 3286 2.
2151 3254 2193 3286 Β.
2288 3255 2320 3293 P)
2346 3264 2418 3296 pre-

208 3315 405 3353 occupatam
423 3312 455 3342 A
476 3309 506 3343 1.
601 3310 634 3353 q)
659 3311 696 3343 in
712 3315 822 3344 totum
840 3316 954 3344 tamen
972 3310 1005 3342 A
1022 3309 1051 3344 3.
1149 3311 1176 3354 r)
1203 3312 1296 3344 deest
1309 3311 1352 3344 Β.
1449 3313 1475 3353 ⁸)
1495 3313 1578 3346 exiit
1596 3312 1628 3344 A
1644 3311 1674 3345 3.
1771 3312 1796 3355 t)
1815 3313 1905 3345 deest
1922 3312 1954 3343 A
1968 3310 1999 3344 2.
2094 3310 2128 3353 u)
2148 3311 2322 3344 retroactis
2338 3311 2369 3343 A
2386 3309 2417 3342 3.

207 3365 240 3409 v)
265 3367 322 3399 dil.
347 3368 427 3400 licet
450 3368 545 3400 taciti
569 3367 637 3400 des.
656 3367 689 3399 A
707 3367 744 3409 33
770 3369 1029 3412 diligentissime
1053 3369 1154 3401 tacite
1180 3368 1213 3400 Β
1234 3369 1268 3409 1;
1295 3369 1475 3412 diligenter
1500 3374 1533 3402 et
1557 3370 1658 3402 tacite
1683 3368 1716 3400 B
1732 3369 1763 3402 2.
1872 3369 1913 3410 W)
1939 3368 2084 3411 qualiter
2109 3368 2144 3400 in
2162 3368 2192 3399 A
2213 3367 2242 3400 1.
2260 3366 2300 3406 2;
2333 3378 2415 3410 qua-

207 3423 284 3457 liter
307 3429 426 3457 oontra
451 3423 492 3457 Β.
609 3424 645 3466 x)
672 3425 745 3458 loco
769 3430 839 3458 tam
865 3444 909 3449 —
934 3437 1133 3469 pararemus
1161 3425 1191 3457 A
1214 3424 1252 3459 3:
1277 3426 1471 3458 huiusmodi
1499 3426 1642 3458 infausti
1667 3437 1765 3458 casus
1791 3426 1819 3457 si
1845 3426 1964 3458 diebus
1989 3426 2113 3458 nostris
2137 3426 2186 3458 ita
2203 3426 2416 3467 contingeret

206 3490 406 3523 pararemur
429 3482 616 3515 incursum.
756 3483 790 3525 y)
814 3483 919 3516 huius
945 3484 977 3515 A
997 3483 1025 3516 1.
1052 3483 1096 3516 B.
1238 3484 1266 3524 z)
1291 3484 1340 3515 rei
1365 3483 1397 3515 A
1418 3483 1456 3522 1;
1492 3495 1546 3516 ma
1572 3482 1644 3525 (via
1657 3483 1686 3525 2³)
1713 3483 1746 3515 Β
1765 3482 1804 3522 1;
1838 3484 1980 3516 materia
2006 3483 2038 3514 Β
2055 3481 2086 3516 2.
2228 3482 2260 3525 ³)
2287 3484 2416 3516 contin-

207 3543 326 3580 gerent
350 3538 383 3571 A
402 3538 432 3572 1.
550 3537 584 3583 b)
609 3550 809 3583 pararemur
834 3540 867 3573 A
890 3541 917 3574 1.
1036 3541 1066 3583 c)
1094 3540 1126 3572 A
1143 3539 1165 3573 3
1190 3541 1372 3573 sententias
1397 3546 1568 3583 sequentes
1592 3541 1724 3574 inverso
1751 3541 1872 3573 ordine
1890 3541 2034 3582 praebet
2059 3540 2121 3573 lzoc
2147 3540 2268 3572 modo:
2294 3540 2416 3581 Sicque

208 3595 250 3628 de
272 3613 318 3619 -
337 3597 590 3640 presumptivis.
636 3598 779 3641 Propter
807 3598 873 3630 hoc
906 3599 1008 3630 etiam
1037 3616 1077 3620 —
1101 3598 1301 3630 novercarit.
1350 3598 1492 3641 Propter
1523 3598 1587 3631 hoc
1621 3598 1747 3631 etenim
1772 3617 1817 3621 —
1842 3599 2035 3641 imperaret.
2084 3597 2260 3630 Succurrit
2284 3607 2417 3629 verum-

207 3655 322 3686 tamen
346 3671 388 3676 —
413 3659 621 3698 assumptus.
670 3655 844 3688 Vellemus
869 3656 959 3688 enim
993 3673 1034 3678 —-—
1069 3655 1239 3688 festinare.
1299 3656 1434 3688 Etenim
1471 3656 1699 3689 verisimiliter
1723 3674 1768 3678 —
1792 3656 1973 3689 desoletur.
2028 3655 2155 3688 Audito
2180 3658 2417 3687 verumtamen

207 3719 312 3753 usque
336 3711 465 3744 offerre.
513 3711 583 3745 Vos
609 3712 756 3754 denique
782 3730 824 3736 -
850 3714 978 3756 augeri.
1097 3711 1128 3755 d)
1158 3713 1249 3754 quod
1276 3711 1307 3744 A
1325 3712 1357 3745 3.
2072 3745 2145 3778 41*
