2558 3970
216 164 297 203 333
746 156 982 191 FRlDERlCl
1012 155 1051 189 ll.
1078 153 1503 189 CONSTITUTIONES.
1555 153 1649 187 12:30.
1701 153 1762 188 Nr.
1780 153 1858 187 274.

364 277 428 314 20.
464 274 649 313 l'rcscns
682 276 824 311 autem
852 275 1157 311 testamcutum
1182 269 1402 310 nosti-amb
1437 274 1478 309 ct
1502 269 1693 308 ultimam
1717 269 1981 308 voluntatem
2005 273 2195 309 nostram
2211 276 2238 314 ⁰.
2272 283 2398 323 quam

217 344 343 384 robur
367 340 609 382 1111111111113·1
644 341 842 379 volumus
867 339 1078 381 obtinere.
1111 353 1186 392 per
1210 337 1475 393 predictume
1507 338 1758 391 magistrum
1769 336 1782 359 s
1801 336 2025 377 Nicolaum
2049 336 2101 377 de
2124 336 2400 378 Brundusiog

217 412 342 452 scribi
387 416 429 450 ct
471 411 592 463 signo
637 414 784 448 sancte
829 406 993 448 crucis¹¹
1033 407 1204 461 proprie
1248 420 1402 446 manus
1442 405 1619 453 nosti-ei.
1659 405 1797 458 sigillo
1840 409 1986 445 nostro
2029 409 2071 445 et
2110 405 2399 460 predictorum

217 476 636 533 subscriptionibusk
668 477 869 517 iussimus
902 475 1162 515 communiri.

358 545 532 587 Actun1¹
558 545 671 600 apud
695 544 991 585 Florentinum
1017 544 1095 583 in¹¹¹
1121 542 1376 598 Capitinata,
1410 556 1534 587 anno,
1560 555 1722 591 mense,
1747 540 1814 581 dic
1839 546 1882 581 et
1908 541 2140 582 indictione
2164 542 2398 597 predicta¹¹‚

216 629 324 655 anno
364 615 530 669 imperii
569 614 701 654 nostri
742 613 963 666 trigesimo
1005 610 1232 660 secundos),
1271 611 1392 664 regni
1426 609 1699 650 Hierusalem
1734 610 1942 662 vigesimo
1984 614 2164 650 octavoP
2207 615 2249 650 et
2279 611 2401 665 regni

217 683 362 724 Sicilie
397 682 750 737 quinquagesimo
783 681 959 735 primoq.

321 751 557 805 *Signumr
588 750 614 798 †
647 756 794 790 sancte
829 750 966 789 crucis
1009 749 1180 803 proprie
1225 762 1374 788 manus
1415 746 1596 802 predicti
1636 746 1796 786 domini
1836 746 2108 801 imperatoris
2150 746 2402 788 Fredericis.

360 819 473 874 Egot
497 820 566 873 qui
592 833 717 874 supra
739 817 956 859 Bcrardus
976 817 1305 857 Panormitanus
1328 816 1679 871 archiepiscopus
1699 815 1855 855 domini
1878 815 2149 869 imperatoris
2168 815 2404 859 familiaris.

357 889 476 943 Egou
512 887 771 928 Bel-toldusv
804 887 994 927 marchio
1028 886 1079 926 de
1113 885 1446 926 Hohenburchw
1479 885 1560 924 hiis
1592 884 1765 924 interfui
1800 889 1843 924 et
1875 883 2123 938 subscripsi.

361 957 453 1012 Ego
485 955 751 997 Riccardusx
784 969 928 996 comes
963 954 1169 995 Camertes
1202 954 1284 994 hiis
1318 953 1491 993 interfui
1524 956 1565 992 et
1597 966 1665 992 me
1700 952 1909 992 subscribi
1942 952 2062 994 feciz.

359 1026 478 1080 Ego²³
518 1025 672 1065 Petrus
712 1023 862 1064 Ruffus
905 1023 955 1063 (16
1001 1022 1201 1064 Calabria
1245 1022 1478 1076 imperialis
1519 1019 1845 1062 maresciallusb
1878 1020 2051 1060 interfui
2094 1019 2176 1061 hiis
2219 1025 2263 1061 et
2304 1021 2404 1062 sub-

216 1096 341 1136 scribi
374 1095 494 1136 fecie.

360 1163 453 1217 Ego
488 1161 751 1203 Riccardusd
784 1161 836 1202 de
870 1160 1144 1214 Montenigro
1177 1166 1358 1214 magnee
1390 1159 1627 1214 imperialis
1660 1159 1775 1199 curie
1810 1159 2015 1213 magister
2047 1158 2316 1199 iustitiarius.

361 1231 478 1286 Egos
507 1231 714 1285 magister
747 1229 995 1270 Rubertusg
1027 1228 1080 1270 de
1113 1228 1327 1270 Panormo
1361 1228 1432 1282 qui
1465 1241 1596 1282 supra
1626 1226 1768 1267 iudex.

359 1300 453 1355 Ego
489 1299 704 1340 Iohannes
737 1297 789 1338 de
821 1297 1032 1339 Idruntoh
1066 1298 1138 1352 qui
1169 1311 1300 1352 supra
1330 1295 1535 1337 interfuii.

360 1369 454 1423 Ego
487 1367 645 1409 Fulcus
678 1366 860 1408 Ruffusk
893 1366 945 1408 de
980 1366 1184 1407 Calabria
1214 1365 1296 1406 11113
1329 1365 1504 1406 interfui
1538 1368 1580 1405 et
1611 1364 1860 1419 subscripsi.

360 1438 452 1492 Ego
486 1436 701 1477 Iohannes
734 1435 785 1476 de
819 1435 1001 1476 Procida
1032 1435 1193 1476 domini
1225 1434 1497 1490 imperatoris
1531 1433 1724 1474 medicus
1756 1434 1880 1474 testis
1913 1433 2037 1475 sum¹.

359 1507 493 1561 Egom
525 1505 596 1558 qui
629 1518 758 1559 supra
790 1505 981 1545 notarius
1003 1503 1210 1544 Nicolaus
1243 1502 1296 1544 de
1318 1502 1579 1553 Brundusio,
1613 1503 1736 1556 quian
1771 1501 1970 1542 omnibus
1992 1501 2197 1556 predictis
2221 1501 2407 1553 interfui,

218 1588 397 1632 presens
430 1578 737 1614 testamentum
769 1573 939 1628 propria
970 1587 1099 1613 manu
1132 1572 1391 1627 subscripsi⁰
1424 1574 1467 1611 61
1498 1585 1593 1612 11160
1626 1571 1745 1626 signo
1778 1571 1958 1625 signavi.

362 1702 395 1744 *ji
422 1701 493 1734 loco
518 1699 672 1743 Signum
699 1720 743 1725 —
769 1697 914 1743 signavi
939 1698 960 1732 8
985 1697 1052 1730 ita.-

424 1760 443 1798 †
478 1756 557 1801 Ego
595 1756 799 1790 fridericus
831 1755 874 1789 Π.
913 1754 1040 1789 divina
1075 1754 1224 1788 favente
1263 1753 1460 1788 clementia
1504 1753 1752 1787 Romanorum
1794 1751 1996 1796 imperator
2037 1764 2180 1798 semper
2217 1755 2407 1798 augustus,

425 1813 653 1848 Hierusalem
687 1814 723 1846 et
758 1811 881 1846 Sicilie
912 1822 974 1845 rex
1010 1811 1090 1845 dico
1129 1813 1165 1844 ct
1197 1810 1358 1851 declaro,
1396 1810 1465 1843 1106
1504 1809 1616 1843 fuisse
1649 1812 1685 1843 et
1711 1820 1787 1843 esse
1811 1821 1933 1843 meum
1959 1811 2120 1845 solemne
2145 1811 2409 1845 testamentum

423 1882 616 1914 meamque
641 1870 811 1903 ultimam
839 1869 1084 1907 voluntatem
1112 1870 1234 1902 actum
1262 1869 1317 1901 631
1341 1867 1519 1911 scriptum
1544 1867 1589 1900 de
1614 1867 1685 1901 mei
1710 1866 1846 1907 ordine,
1872 1867 2066 1902 voluntat-e
2092 1869 2129 1902 61
2146 1868 2321 1903 mandato
2345 1879 2411 1913 per

422 1940 551 1962 manus
583 1927 751 1972 magistri
779 1926 925 1960 Nicolai
951 1926 996 1960 de
1022 1925 1219 1959 Brundisio
1252 1924 1392 1969 publici
1426 1924 1639 1958 tabellionis
1666 1924 1765 1958 curie
1790 1926 1914 1959 nostre
1946 1936 1987 1958 ac
2012 1924 2051 1958 in
2076 1925 2261 1969 presentia
2286 1936 2412 1970 supra-

422 1986 603 2020 dictorum
631 1987 667 2019 et
693 1984 1011 2028 infrascriptorum
1038 1983 1190 2018 testium
1217 1985 1423 2017 nostrorum
1451 1981 1625 2023 fidelium,
1652 1993 1742 2026 quos
1761 1982 1930 2016 omnibus
1957 1982 2133 2027 predictis
2156 1982 2411 2017 mandavimus

420 2044 610 2083 interesse,
650 2053 692 2076 ac
729 2042 766 2075 in
803 2041 911 2075 fidem
949 2041 1112 2075 oninium
1146 2040 1405 2085 premissorum
1444 2051 1555 2073 manu
1590 2039 1740 2084 propria
1773 2039 2035 2074 subscribimus
2071 2041 2271 2084 nostroque
2302 2039 2411 2074 solito

420 2100 605 2145 imperiali
632 2102 669 2134 et
694 2099 795 2143 regio
823 2099 946 2143 sigillo
967 2099 1205 2143 signavimus.
1278 2101 1298 2140 †
1323 2099 1400 2143 Ego
1424 2098 1604 2132 Berardus
1629 2098 1926 2142 archiepiscopus
1950 2098 2234 2132 Panormitanus
2260 2099 2412 2142 rogatus

425 2158 609 2202 premissis
635 2156 804 2191 omnibus
830 2157 994 2193 interfui.
1023 2168 1134 2190 manu
1160 2156 1307 2200 propria
1332 2167 1388 2189 me
1413 2155 1611 2200 subscripsi
1638 2166 1681 2189 ac
1706 2155 1829 2199 sigillo
1855 2155 2039 2199 imperiali
2066 2157 2103 2189 61
2127 2155 2229 2199 regio
2253 2153 2409 2199 signavi.

422 2218 441 2257 †
468 2214 546 2259 Ego
579 2215 741 2249 marchio
777 2215 820 2249 (16
847 2214 1069 2259 Bemburgio
1102 2216 1254 2259 rogatus
1285 2225 1434 2258 presens
1467 2214 1536 2250 fui,
1576 2224 1686 2247 manu
1721 2212 1871 2257 propria
1896 2213 2095 2258 subscripsi
2121 2212 2318 2257 sigilloque
2343 2212 2410 2246 im-

422 2272 551 2316 periali
585 2283 641 2306 1116
673 2272 830 2315 signavi.
924 2274 944 2314 †
977 2271 1053 2316 Ego
1080 2271 1257 2305 Ricardus
1283 2282 1401 2305 comes
1429 2270 1639 2305 Casertinus
1672 2271 1824 2314 rogatus
1849 2270 2060 2314 supradicto
2086 2269 2271 2314 imperiali
2295 2271 2411 2304 testa-

420 2334 544 2364 mento
571 2330 739 2370 interfui,
766 2340 877 2363 manu
904 2329 1053 2373 propria
1078 2340 1135 2363 me
1161 2329 1361 2373 subscripsi
1388 2328 1674 2373 supradictoque
1700 2328 1886 2372 imperiali
1911 2340 1954 2362 ac
1979 2328 2081 2372 regio
2107 2328 2230 2373 sigillo
2255 2327 2411 2372 signavi.

419 2390 439 2430 †
466 2388 543 2432 Ego
572 2388 697 2420 Ruffus
723 2386 767 2421 (16
793 2386 964 2421 Calabria
997 2387 1148 2431 rogatus
1175 2386 1398 2430 supradictis
1425 2385 1594 2420 omnibus
1626 2384 1778 2419 interfui
1813 2396 1997 2429 manuque
2031 2385 2179 2429 propria
2211 2383 2410 2429 subscripsi

424 2457 465 2479 ac
501 2444 686 2490 imperiali
724 2446 761 2477 et
797 2444 899 2488 regio
938 2443 1061 2488 sigillo
1100 2454 1157 2477 me
1193 2443 1349 2487 signavi.
1444 2445 1465 2485 †
1496 2443 1574 2487 Ego
1605 2442 1782 2485 magister
1808 2442 1962 2476 Ioannes
1988 2442 2032 2476 de
2058 2443 2234 2476 Hitronco
2259 2442 2411 2486 rogatus

421 2503 590 2537 interfui.
624 2513 735 2535 manu
766 2513 847 2536 mea
881 2501 1077 2545 subscripsi
1113 2503 1150 2534 61
1174 2500 1359 2544 imperiali
1385 2511 1427 2534 ac
1458 2500 1560 2544 regio
1586 2499 1709 2543 sigillo
1736 2511 1792 2533 me
1818 2499 1973 2544 signavi.
2068 2502 2089 2542 †
2114 2499 2193 2544 Ego
2220 2499 2410 2541 Fulcunon

422 2560 550 2594 Ruffus
576 2562 726 2604 rogatus
753 2559 916 2593 interfui.
943 2570 1054 2593 manu
1072 2558 1221 2602 propria
1239 2557 1436 2602 subscripsi
1463 2560 1500 2591 et
1524 2557 1709 2601 imperiali
1728 2557 1904 2601 regioque
1923 2557 2045 2602 sigillo
2063 2557 2219 2601 signavi.
2283 2558 2303 2600 †
2330 2555 2409 2601 Ego

423 2618 575 2651 Ioannes
601 2616 645 2651 de
672 2616 792 2660 Ogrea
822 2618 972 2659 rogatus
998 2618 1041 2649 ut
1073 2626 1183 2659 supra
1216 2625 1363 2659 presens
1397 2614 1471 2655 fui,
1506 2626 1561 2648 me
1588 2614 1785 2658 subscripsi
1811 2625 1921 2647 manu
1947 2614 2097 2658 propria
2130 2625 2172 2648 ac
2197 2613 2410 2658 supradicto

423 2674 607 2718 imperiali
634 2674 758 2718 sigillo
784 2673 940 2717 signavi.
1035 2675 1055 2715 †
1083 2673 1158 2717 Ego
1183 2672 1362 2716 magister
1386 2673 1540 2706 loannes
1566 2671 1610 2706 de
1637 2672 1792 2706 Procida
1817 2671 2037 2716 supradictis
2062 2671 2231 2705 omnibus
2247 2670 2410 2712 interfui,

423 2731 631 2776 subscripsi,
658 2730 820 2776 sigillavi
847 2733 883 2764 et
908 2733 1033 2765 testor.
1129 2732 1148 2771 †
1174 2729 1254 2774 Ego
1280 2729 1457 2773 magister
1477 2729 1659 2763 Robertus
1686 2729 1731 2763 de
1750 2730 1930 2763 Pancrmo
1957 2731 2108 2773 rogatus
2133 2739 2190 2763 me
2213 2726 2411 2772 subscripsi

354 2858 439 2893 274.
473 2865 502 2893 01
530 2860 619 2892 deest
636 2858 671 2899 3;
698 2871 812 2892 veram
830 2858 887 2891 Ξῖ).
983 2856 1015 2893 d)
1042 2863 1075 2890 et
1091 2858 1285 2889 firmitatem
1303 2855 1334 2888 4.
1431 2862 1458 2895 e)
1485 2857 1576 2889 deest
1591 2856 1621 2889 3.
1715 2855 1747 2891 f)
1774 2858 1995 2900 magnificum
2014 2856 2044 2888 1.
2062 2856 2094 2888 2.
2178 2856 2209 2898 8)
2234 2855 2351 2889 brand'
2371 2853 2408 2897 33

218 2917 258 2949 de
283 2917 475 2949 Brundusio
502 2917 569 2949 des.
595 2915 695 2949 4—8.
837 2915 870 2956 ¹¹)
897 2916 1021 2947 Christi
1046 2914 1128 2946 add.
1146 2914 1175 2946 4.
1318 2913 1340 2955 i)
1368 2918 1401 2946 et
1426 2914 1507 2946 add.
1526 2914 1556 2945 3.
1696 2912 1731 2954 k)
1758 2920 1791 2946 et
1815 2915 1906 2957 pred.
1932 2915 2060 2946 subscr.
2088 2913 2155 2946 des,
2173 2912 2209 2954 43
2243 2913 2411 2956 subscrip-

218 2975 347 3005 tionum
374 2973 405 3006 3.
546 2972 570 3011 l)
595 2974 729 3015 ‘reliqua
754 2974 820 3005 des.
840 2972 870 3005 4.
1010 2972 1053 3013 ΠΙ)
1086 2972 1126 3003 (16
1151 2970 1210 3003 27).
1351 2971 1385 3011 ¹¹)
1417 2972 1574 3013 predictis
1600 2970 1662 3011 2b3
1701 2972 1871 3013 premissis
1896 2970 2007 3003 5—8.
2147 2970 2178 3007 0)
2204 2971 2348 3003 XXXII.
2373 2968 2411 3009 8;

219 3032 379 3063 XXXIII.
405 3030 436 3062 ’2.
578 3038 608 3071 1¹)
635 3032 794 3063 XXVIII.
820 3030 856 3068 27.
895 3030 985 3062 deest
1009 3028 1039 3061 8.
1182 3030 1216 3069 (1)
1248 3030 1302 3060 LI.
1329 3028 1359 3061 2.
1385 3027 1422 3067 8;
1460 3029 1593 3071 reliqua
1619 3028 1685 3060 cles.
1705 3026 1805 3060 4—7.
1867 3038 1871 3042 ⁴
1944 3032 1971 3068 r)
2001 3029 2143 3071 Signum
2171 3044 2211 3050 —
2237 3027 2412 3060 familiaris

219 3088 285 3119 des.
305 3086 341 3120 3:
379 3088 507 3129 siynmn
535 3088 644 3119 erucis
669 3088 758 3119 deest
783 3086 813 3119 2.
954 3092 981 3127 s)
1020 3087 1169 3118 Federici
1196 3084 1255 3118 271.
1397 3087 1422 3125 ῑ)
1463 3086 1552 3118 deest
1576 3084 1607 3118 2.
1736 3084 1769 3127 ιι)
1808 3091 1885 3117 ante
1918 3085 2119 3118 Bertoldum
2143 3084 2163 3117 3
2189 3085 2306 3127 ponit:
2338 3085 2411 3127 Ego

219 3145 385 3176 Robertus
410 3145 449 3175 de
475 3145 603 3175 Panem
632 3145 743 3176 iudex.
886 3146 917 3183 v)
942 3144 1132 3175 bernardus
1156 3142 1186 3175 3.
1317 3142 1358 3183 w)
1384 3143 1628 3185 Hohemburgh
1656 3142 1715 3177 20:
1744 3143 1956 3185 Hohenburg
1981 3142 2012 3175 3.
2129 3141 2162 3182 x)
2188 3141 2354 3174 Ricardus
2380 3139 2409 3172 1.

218 3206 250 3240 5)
289 3202 416 3233 Caserti
444 3200 474 3232 3.
604 3207 633 3235 2}
666 3208 697 3234 et
723 3202 907 3243 subscripsi
933 3200 964 3233 3.
1097 3199 1127 3241 ³)
1159 3200 1208 3231 ‘271
1233 3201 1296 3232 sic:
1328 3202 1415 3241 Ego
1447 3200 1656 3232 Iordanus
1688 3211 1865 3242 magnus
1898 3200 2161 3232 iustitiarius
2194 3200 2329 3231 Rufus
2361 3198 2409 3230 de

220 3258 426 3290 Calabria
461 3259 704 3300 imperialis
741 3259 1027 3291 marescallus
1060 3258 1194 3289 maior
1221 3258 1403 3289 interfui
1430 3263 1486 3289 eta.
1626 3255 1657 3298 b)
1683 3258 1844 3299 magister
1869 3256 1950 3287 add.
1968 3255 2028 3288 2α.
2169 3256 2200 3295 c)
2226 3254 2410 3298 imperialis

219 3315 380 3355 magister
407 3315 591 3357 subscripsi
617 3316 647 3347 3.
768 3314 800 3357 d)
828 3316 990 3347 Hicardus
1019 3315 1051 3349 l;
1078 3315 1260 3347 Riczardus
1286 3314 1316 3346 3.
1434 3316 1464 3353 ⁰)
1492 3314 1564 3345 loco
1589 3325 1710 3357 magne
1736 3332 1778 3335 —
1804 3313 2007 3345 iustitiarius
2031 3312 2069 3343 3:
2109 3311 2292 3354 imperialis
2316 3311 2408 3344 curie

220 3372 423 3403 iusticiarius
462 3373 661 3414 subscripsi:
699 3372 765 3404 cle-s.
793 3373 928 3404 omnino
953 3371 1011 3404 271.
1153 3370 1181 3414 f)
1219 3370 1266 3403 ‘211
1292 3372 1355 3403 sic.-
1395 3373 1478 3413 ligo
1514 3372 1772 3413 magnificus
1810 3371 1886 3411 (less.
1913 3367 2088 3412 magister)
2122 3369 2328 3401 Robertus
2360 3368 2409 3400 de

221 3429 421 3459 I'anormo
456 3429 577 3460 iudex
615 3430 776 3471 imperii
811 3435 850 3461 et
876 3429 1029 3461 (sicilie
1061 3429 1239 3461 interfui
1275 3433 1311 3460 et
1344 3429 1583 3471 subscripsi
1610 3429 1681 3470 qui
1707 3439 1849 3469 swprffi
1885 3425 1916 3467 3,
1941 3427 1998 3468 qui
2022 3426 2194 3468 anteponit
2219 3425 2408 3457 Iohannem

220 3485 260 3516 <le
286 3484 446 3524 l'rocida,
471 3485 532 3516 sic.-
568 3487 653 3527 Ego
679 3486 888 3517 unbertus
913 3487 958 3517 de
983 3487 1121 3517 Russo
1147 3486 1394 3526 subscripsi.
1490 3486 1523 3525 8)
1549 3485 1716 3517 Robertus
1741 3484 1800 3515 2α.
1896 3482 1929 3523 11)
1956 3484 2100 3515 Ioannes
2125 3483 2165 3515 de
2190 3483 2316 3515 Irontio
2340 3481 2406 3522 2b3

223 3541 388 3573 Iohannes
415 3542 453 3572 de
480 3542 649 3573 Tiranone
673 3542 702 3574 3.
811 3541 833 3581 i)
870 3543 942 3575 loco
967 3543 1024 3584 qui
1050 3560 1091 3565 -—
1118 3543 1254 3574 interfui
1281 3542 1316 3574 3:
1351 3543 1545 3584 subscripsi.
1649 3540 1683 3582 k)
1709 3542 1831 3573 Falcus
1857 3542 1966 3573 Rufus
1991 3540 2049 3572 2h.
2143 3538 2167 3581 l)
2193 3540 2233 3572 de
2256 3540 2410 3572 Prondea

219 3599 403 3640 subscripsi
433 3596 463 3638 3.
490 3599 546 3639 qui
571 3599 668 3630 iscam
691 3600 785 3640 ponit
810 3606 898 3631 serato
925 3600 1007 3632 loco.
1147 3600 1190 3640 ΠΥ)
1216 3598 1236 3631 3
1260 3599 1324 3631 sie:
1355 3600 1427 3641 Ego
1453 3599 1635 3631 ’Νὴ-,11013113
1663 3598 1732 3630 ist's
1764 3598 1915 3629 notarius
1941 3598 2058 3640 scripsi
2084 3602 2116 3629 et
2141 3597 2286 3639 presenti
2311 3601 2409 3630 testa·

221 3664 332 3688 memo
358 3666 461 3687 manu
489 3656 682 3698 suscripsi.
802 3662 834 3697 1¹)
861 3659 918 3697 qui
943 3658 1002 3688 211,
1122 3659 1152 3697 ¹¹)
1180 3657 1296 3698 scripsi
1324 3654 1378 3688 211.

2456 554 2470 579 5

2444 895 2475 920 10

2443 1238 2475 1262 15

2445 1578 2479 1604 20

2448 1940 2479 1966 25

2447 2225 2480 2250 30

2445 2507 2478 2534 35
2540 2520 2542 2524 -

2535 2655 2543 2673 ⁴)

2528 2699 2542 2766 .-'

2445 2869 2480 2895 40
2531 2859 2546 2908 ζ,

2530 2999 2550 3015 Γ

2525 3048 2547 3078 Γ

2444 3152 2477 3178 45
2523 3147 2533 3177 ’ὃ

2518 3193 2534 3232 Ξ

2443 3433 2476 3459 50
2516 3413 2527 3466 3

2510 3472 2530 3529 ’ἶ

2512 3543 2524 3563 2

2509 3581 2518 3595 0
