2558 3970
94 895 126 919 10

93 1239 123 1263 15

90 1935 122 1961 25

88 2279 122 2304 30

91 2631 124 2658 35

91 2988 125 3014 40

94 3569 127 3594 50

696 145 937 181 FRIDERICI
968 146 1008 181 ll.
1036 147 1468 186 CONS'PI'PC'PIUNES.
1523 153 1617 186 1235.
1670 153 1729 188 Nr.
1754 156 1825 189 193.
2279 161 2359 200 ’237

302 261 575 304 Fridericus⁸
617 261 699 303 Dei
739 263 877 316 gratia
917 262 1205 305 Romanorum
1249 267 1480 321 imperator
1519 283 1691 324 semper
1731 277 1958 322 augustus.
2011 272 2276 314 {herusalem
2321 282 2361 314 ct

161 331 308 372 Sicilie
352 345 430 372 rex
473 330 709 372 venerabili
743 330 1005 373 Treverensi
1038 333 1386 390 archiepiscopo.
1428 336 1583 377 dilecto
1624 339 1801 393 principi
1836 353 1911 380 suo
1944 343 2127 392 gratiam
2163 357 2283 383 suam
2319 350 2360 383 ct

162 414 286 441 omne
319 399 491 441 bonum.

306 467 372 523 (1)
404 467 520 509 Ecce
558 468 739 510 facimus
779 469 1024 510 universale
1060 471 1237 512 verbum
1272 472 1325 512 ad
1367 473 1583 528 principes
1619 476 1744 516 velud
1786 478 1950 532 imperii
1987 481 2118 520 nostri
2155 481 2363 522 membru.

163 551 217 578 ex
250 550 430 592 quorum
472 537 784 592 compositione
826 538 1114 579 membrorum
1149 540 1322 580 unicum
1365 541 1529 596 imperii
1563 556 1716 597 corpus
1752 545 1916 586 illustri·
1951 550 2181 598 consui-git.
2248 551 2361 589 Sane

161 611 235 648 tua
268 611 311 647 et
343 606 526 647 aliorum
561 606 801 661 principum
836 606 1048 647 immensa
1077 607 1251 648 devotio
1288 609 1325 648 in
1361 611 1592 650 memoriab
1626 618 1766 652 nostra
1804 617 2013 656 tenni-iter
2036 623 2099 655 est
2136 618 2284 659 infixa:
2320 625 2360 656 vt

160 676 340 731 prestita
371 674 612 730 quondamc
643 674 768 717 dived
801 676 1007 716 memorie
1041 677 1149 731 patri
1193 682 1338 717 nostro
1372 682 1415 717 ct
1448 679 1568 719 nobis
1598 686 1739 721 vestr«-
1773 684 2030 724 sinceritatis
2063 686 2284 740 obsequia,
2320 692 2359 724 ct

162 743 377 800 quomodo
401 748 586 799 augusto
610 749 732 799 patre
745 752 760 767 ‘'
793 745 965 785 vivente
991 745 1262 786 concorditer
1285 747 1526 801 elegeritiss
1557 764 1632 789 nos
1657 751 1695 790 in
1729 766 1888 802 regem.
1923 767 1996 808 pre
2021 755 2156 794 oeulis
2181 755 2361 794 menti-³⁹<

160 814 316 854 nostris
351 825 522 869 semper
554 814 744 868 gerimus
778 813 850 855 ct1¹
884 813 1135 858 habemusi:
1170 830 1248 856 nec
1282 830 1482 871 umquam
1519 819 1779 872 poterimus⁰
1812 821 2020 864 oblivisci.
2057 823 2239 877 qualiter
2267 838 2360 863 eum

163 883 298 924 maior
331 881 511 923 adverse
543 883 678 937 partis
701 883 944 924 immineret
968 883 1201 926 hostilitas.
1235 897 1310 923 nos
1335 884 1463 924 olimk
1489 885 1528 925 in
1553 885 1847 928 adolescentia
1876 896 2018 930 nostra
2051 906 2125 946 per
2150 892 2362 946 sperialvs

161 951 340 992 nuncios
374 950 626 992 ardentibus
659 951 767 992 votis
799 965 824 991 a
858 951 1007 992 Sicilia
1040 952 1274 993 evocastis¹
1308 958 1350 992 et
1385 953 1604 994 immensis
1639 958 1863 997 conatibus
1890 959 2041 999 virium
2076 959 2127 998 :ul
2163 960 2361 999 honorem

161 1020 329 1074 imperii
363 1019 591 1074 magnifice
627 1020 909 1074 provexistis.
942 1024 1026 1061 ut¹¹¹
1060 1035 1114 1061 ex
1149 1021 1238 1061 his¹¹
1272 1022 1313 1061 in
1350 1026 1447 1061 voto
1480 1024 1742 1075 gesserimus
1777 1034 1818 1066 et
1852 1042 2066 1080 geramus,
2103 1028 2364 1068 liberaliter-‘⁵

161 1089 343 1143 singulis
375 1088 428 1129 ad
461 1087 676 1143 condigna
708 1090 874 1143 premia
904 1089 1182 1144 respondere.
1305 1090 1368 1143 (2)
1405 1090 1595 1146 Ideoque
1630 1107 1723 1133 euni
1759 1095 1928 1136 unicum
1953 1097 2086 1137 filium
2112 1097 2366 1136 haberemus

162 1163 206 1199 et
238 1158 346 1199 alias
380 1158 644 1213 presentiam
678 1162 867 1198 nostram
901 1158 1083 1212 negocia
1115 1158 1172 1198 rei
1208 1157 1379 1213 publice
1414 1159 1653 1211 traherent,
1699 1170 1824 1202 eumv
1857 1164 1908 1204 ad
1943 1166 2135 1219 regimen
2172 1172 2362 1205 nostrum

162 1227 401 1269 dimisimus
433 1227 528 1268 loco
562 1227 709 1278 nostri,
741 1231 789 1268 ut
822 1227 915 1283 ipse
940 1241 1014 1268 vos
1047 1227 1302 1268 universosq
1335 1231 1378 1268 et
1401 1228 1594 1283 singulos
1619 1230 1660 1271 in
1693 1246 1878 1286 persona
1901 1239 2047 1274 nostra
2071 1235 2366 1275 favorabiliter

159 1297 402 1347 honoraret,
437 1297 603 1338 sincere
637 1296 839 1351 diligeret
870 1301 914 1337 et
946 1301 1136 1337 nostram
1169 1296 1222 1337 ad
1256 1310 1332 1337 vos
1366 1298 1675 1351 gratitudinem
1710 1300 1828 1342 filiali
1854 1302 2083 1344 devotione
2118 1305 2363 1359 suppleret:

157 1367 386 1422 presertim
431 1380 528 1407 cum
561 1379 636 1406 vos
677 1365 950 1407 devotionem
985 1366 1037 1407 ad
1077 1380 1153 1407 nos
1197 1365 1387 1407 habitam
1421 1367 1461 1407 in
1502 1381 1598 1408 eum
1633 1370 1935 1412 universaliter
1968 1373 2259 1413 effundentes.
2300 1380 2365 1412 utr

159 1435 340 1476 absente
374 1439 496 1491 patre
529 1435 795 1490 presentiam
831 1434 906 1476 filii
930 1435 1078 1477 debita
1103 1436 1427 1477 honorificentia
1452 1437 1658 1489 foveritis,
1692 1439 1853 1493 ipsum¹³
1887 1441 1939 1482 ad
1967 1443 2085 1495 regni
2111 1443 2263 1481 solium
2289 1442 2362 1480 oh*

158 1504 362 1546 honorem
397 1508 440 1546 et
472 1505 788 1546 reverentiam¹¹
822 1509 1014 1546 nostram
1038 1505 1239 1546 concordi
1264 1505 1603 1547 sublimaveritis
1629 1508 1890 1550 voluntate&
1945 1510 2067 1556 Quod
2092 1525 2187 1550 cum
2213 1511 2364 1550 merit«)

159 1574 311 1616 debuit
351 1574 523 1616 artiusW
555 1573 798 1629 obligasse,
840 1578 918 1614 utx
951 1574 1183 1629 specialisy
1215 1575 1372 1615 amoris
1416 1577 1689 1630 prerogativa
1722 1591 1795 1618 vos
1831 1579 2014 1628 coleret,
2061 1579 2168 1619 alios
2203 1579 2365 1619 nobiles

160 1657 331 1696 omnes,
374 1643 703 1694 ministeriales,
749 1643 946 1685 civitates
993 1649 1037 1685 et
1076 1644 1304 1686 universos
1346 1644 1643 1686 indifferenter
1689 1646 1838 1688 fideles
1883 1648 2049 1703 imperii
2093 1662 2361 1702 nequaquam

159 1712 421 1763 offenderet,
464 1713 566 1768 quin
606 1713 752 1768 potius
786 1712 839 1754 ad
883 1713 1074 1754 omnium
1115 1713 1476 1768 gubernationem
1510 1715 1570 1755 sic
1605 1730 1649 1756 se
1691 1715 1987 1757 moderatione
2023 1717 2225 1758 laudabili
2261 1731 2359 1756 con-

160 1783 332 1834 tineret,
363 1786 434 1824 ut²
466 1782 619 1824 nobis⁸
651 1782 985 1824 remotioribusb
1018 1783 1140 1824 iuxta
1162 1782 1426 1824 desiderium
1453 1784 1545 1838 spei
1582 1788 1753 1826 nostrec
1786 1791 1871 1826 tam
1895 1785 2037 1827 fama‘l
2061 1794 2213 1841 quam⁰
2236 1800 2365 1840 opere

161 1850 438 1893 continuums
468 1855 510 1892 et
541 1851 716 1907 plenum
749 1850 955 1907 gaudium
988 1852 1267 1893 ministraret.
1389 1852 1452 1907 (3)
1486 1852 1564 1894 Set
1598 1854 1738 1908 longe,
1775 1854 1886 1909 quod
1920 1854 2117 1895 dolentes
2141 1855 2364 1900 dicimus&

160 1935 260 1978 spes
292 1925 441 1963 nostra
471 1934 608 1962 vacua
648 1922 873 1976 reperitur.
936 1921 1143 1963 Frustrah
1177 1922 1439 1977 complacuit
1478 1921 1601 1963 nobis
1634 1923 1676 1963 in
1718 1922 1804 1964 filio
1838 1937 2043 1978 processu
2083 1924 2287 1979 temporis
2321 1923 2366 1963 ai

157 1990 458 2032 mandatorum
491 1994 737 2031 nostrorum
770 1991 1018 2032 reverentia
1049 1989 1314 2032 discedente.
1377 1989 1487 2031 Nam
1511 1996 1557 2032 ut
1591 1996 1768 2046 paterno
1792 1994 1955 2047 pectori
1983 1993 2187 2033 maiorem
2213 1993 2363 2033 anxie-

160 2065 293 2102 tatem
326 2058 588 2115 infligeretk,
621 2064 721 2115 post
751 2060 887 2101 multa
918 2060 960 2101 in
994 2061 1130 2102 nostri
1163 2059 1357 2101 mandati
1391 2064 1684 2116 contemptum
1718 2066 1761 2102 et
1792 2062 2180 2116 transgressionem
2215 2062 2364 2102 volun-

157 2130 259 2170 tatis
301 2134 446 2171 nostre
485 2129 714 2171 commissa
754 2129 796 2170 in
837 2133 1007 2171 nostros
1049 2129 1355 2171 devotissimos
1397 2129 1637 2185 principes,
1676 2131 1819 2172 lumen
1863 2137 1905 2172 et
1946 2131 2157 2172 tutamen¹
2202 2130 2367 2186 imperii

157 2199 313 2251 nostri,
354 2213 401 2240 se
439 2198 682 2240 inconsulte
725 2200 939 2240 convertit
983 2203 1026 2240 et
1068 2199 1237 2240 illorum
1276 2212 1380 2239 usus
1425 2199 1605 2240 consilio
1646 2213 1750 2254 quos
1791 2201 1857 2241 vel
1901 2214 1977 2255 per
2017 2201 2291 2241 insolentiam
2325 2205 2369 2239 et

159 2267 514 2323 ingratitudinem
555 2281 580 2309 a
619 2267 760 2323 gratia
801 2272 948 2309 nostra
990 2268 1321 2324 prescripsimus
1367 2267 1432 2308 vel
1479 2281 1586 2322 quos
1629 2268 1859 2310 manifesta
1898 2270 2088 2310 facinora
2130 2268 2366 2309 reddebant

158 2338 283 2379 nobis
331 2342 374 2379 et
418 2338 635 2393 imperiom
681 2337 827 2378 iuste¹¹
868 2342 1115 2393 suspectOS,
1164 2338 1305 2392 cepit⁰
1344 2338 1561 2392 principes
1603 2341 1645 2378 et
1684 2337 1794 2378 alios
1837 2337 2048 2379 dilectosp
2092 2343 2258 2378 nostros
2294 2352 2369 2392 per

158 2407 484 2463 requisitionem
521 2405 719 2448 obsidum
762 2421 930 2448 necnon
978 2412 1021 2448 et
1063 2407 1170 2448 alias
1211 2406 1472 2462 multiplices
1513 2407 1810 2448 molestiarum
1858 2407 2113 2447 instantias‘¹
2155 2407 2362 2461 impetere

158 2477 372 2533 graviter¹
417 2481 459 2517 et
499 2490 676 2518 vexare.
795 2475 861 2531 (4)
905 2475 1029 2523 Quod
1072 2477 1146 2518 ubi
1191 2476 1344 2517 nobis⁸
1386 2476 1591 2522 innotuit,
1640 2475 1753 2531 quod
1798 2475 1850 2516 ad
1903 2477 2108 2531 pupillast
2148 2476 2365 2515 oculorum

159 2554 422 2597 nostrorum,
463 2545 665 2586 videlicet
696 2546 914 2601 principes
955 2551 1146 2598 nostros,
1188 2560 1341 2587 manus
1384 2546 1608 2594 iniecerat,
1654 2545 1842 2586 oblitusu
1875 2546 2071 2600 obsequii
2116 2544 2228 2599 quod
2264 2544 2362 2584 olim

161 2615 286 2656 nobis
328 2619 372 2656 et
410 2615 494 2670 ipsi
534 2619 622 2656 tam
663 2614 828 2669 grande
868 2616 1192 2671 prestiterantv,
1236 2628 1318 2655 non
1359 2614 1578 2670 potuimus
1612 2628 1707 2655 cum
1741 2615 1951 2669 patientia
1984 2614 2220 2659 tolerarew,
2264 2613 2362 2667 quin

158 2684 463 2739 personalemx
495 2684 781 2725 subiissemus
804 2684 997 2725 laborem
1024 2685 1139 2725 circa
1173 2684 1280 2725 fines
1307 2684 1563 2724 Aleinannie
1589 2682 1798 2728 veniendi,
1833 2692 1875 2723 et.
1907 2684 1998 2738 ipso
2023 2684 2073 2723 ad
2102 2683 2360 2738 presentiam

299 2809 384 2845 193.
417 2809 449 2853 ⁸¹)
474 2811 615 2844 rubrica
638 2811 674 2843 in
691 2810 728 2844 4:
763 2812 963 2845 Fredericus
988 2812 1052 2844 Dei
1077 2812 1189 2854 gratia
1215 2817 1299 2849 etc.;
1335 2811 1376 2843 5:
1403 2811 1603 2843 Fredericus
1627 2811 1880 2853 archiepiscopo
1908 2811 2109 2853 Maguntino
2137 2810 2276 2852 principi
2304 2820 2365 2840 sun

160 2869 312 2901 dolenter
342 2869 456 2901 reffert
487 2880 648 2902 excessus
673 2869 813 2902 Heurici
846 2869 907 2902 filii
939 2870 1011 2910 sui;
1048 2869 1083 2901 in
1108 2868 1148 2901 6:
1182 2870 1236 2901 Fr.
1271 2869 1412 2911 principi
1440 2880 1501 2901 suo
1528 2870 1629 2900 refert
1653 2869 1806 2900 dolenter
1832 2880 1991 2901 excessus
2023 2868 2080 2899 tilii
2107 2868 2158 2900 sui
2186 2875 2215 2898 et
2243 2867 2282 2897 ad
2309 2867 2364 2896 ul,-

159 2926 316 2958 standum
335 2927 508 2970 principiis
528 2927 638 2970 ipsum
656 2928 796 2966 invitat;
822 2938 965 2969 quocum
984 2925 1002 2959 7
1028 2929 1100 2967 fere
1118 2927 1279 2959 convenit.
1354 2924 1386 2966 b)
1409 2927 1559 2959 membra
1576 2926 1684 2960 5—92
1712 2927 1871 2958 membris
1890 2927 2011 2958 nostris
2030 2925 2060 2958 4.
2134 2931 2163 2957 “1
2181 2925 2316 2965 quando
2340 2924 2363 2955 l.

161 2981 195 3024 d)
221 2984 310 3016 bone
334 2984 365 3017 6.
392 2983 429 3024 7;
455 2984 601 3027 gloriose
625 2985 658 3017 4.
753 2984 784 3027 e)
810 2990 904 3028 patre
931 3003 972 3007 -
999 2985 1185 3027 poterimus
1211 2984 1279 3016 des.
1298 2983 1329 3016 9.
1439 2982 1468 3022 s)
1495 2985 1658 3026 eligentes
1683 2982 1791 3021 5—7;
1819 2983 1974 3025 eligentis
2001 2983 2031 3014 ὅ.
2059 2982 2087 3013 9.
2185 2985 2217 3023 8)
2245 2982 2365 3013 mentis

148 3041 251 3074 deest
276 3041 304 3073 1.
400 3039 434 3084 h)
460 3048 494 3074 et
521 3061 560 3064 —
585 3042 741 3076 oblivisci
766 3042 834 3074 des.
853 3041 884 3074 6.
1003 3040 1025 3082 i)
1058 3041 1264 3084 gesserimus
1289 3046 1322 3073 et
1347 3041 1548 3073 haberemus
1578 3041 1603 3073 1.
1700 3038 1733 3081 k)
1760 3041 1838 3073 olim
1864 3040 1955 3072 deest
1979 3039 1999 3070 ι’)
2019 3057 2057 3061 -
2075 3039 2104 3070 9.
2204 3037 2227 3075 l)
2254 3049 2274 3069 a
2300 3039 2362 3069 Sic.

147 3102 316 3132 ‘evocatos
352 3100 423 3132 ard.
461 3100 548 3133 votis
581 3099 610 3133 1.
775 3101 818 3140 ¹¹¹)
856 3104 889 3132 et
922 3097 960 3138 73
994 3099 1066 3131 loco
1104 3105 1142 3131 ut
1178 3116 1219 3120 -
1257 3110 1416 3141 geramus
1446 3096 1483 3130 4:
1522 3103 1555 3131 et
1592 3099 1720 3130 utinam
1766 3103 1865 3140 prout
1910 3098 1942 3128 in
1984 3103 2092 3128 mente
2129 3096 2295 3137 gessimus
2333 3101 2363 3126 et

148 3157 310 3199 *gerimus
335 3157 522 3190 valeamus.
638 3156 672 3199 ¹1)
698 3162 835 3200 propter
858 3157 922 3189 hoc
947 3155 979 3189 2.
1005 3155 1036 3188 3.
1063 3155 1100 3195 ἴ);
1133 3161 1271 3199 propter
1296 3156 1359 3189 hoc
1385 3156 1474 3198 quod
1500 3155 1530 3188 6.
1557 3154 1588 3187 8.
1615 3156 1652 3191 9ς
1680 3161 1814 3197 propter
1840 3155 1900 3185 hoc
1927 3164 2012 3195 quae
2040 3151 2070 3184 7.
2166 3157 2197 3192 0)
2225 3163 2365 3194 genera-

159 3213 237 3247 liter
261 3213 293 3248 3.
410 3214 441 3258 P)
467 3215 539 3248 loco
565 3226 643 3248 eum
669 3233 712 3238 --
738 3215 845 3247 nostri
869 3213 906 3247 4:
946 3214 1090 3247 eundem
1121 3215 1164 3246 ad
1201 3219 1313 3258 partes
1340 3218 1470 3246 vestras
1503 3213 1703 3245 mittendum
1728 3212 1892 3244 celsitudo
1920 3217 2032 3243 nostra
2057 3211 2269 3246 decreverat;
2295 3209 2364 3241 des.

161 3272 296 3304 omnino
321 3271 353 3306 2.
379 3271 409 3306 3.
436 3272 538 3306 5—9.
656 3271 689 3315 q)
716 3284 832 3306 omnes
857 3270 958 3305 2-9.
1077 3272 1105 3312 ι·)
1130 3276 1169 3303 ut
1194 3272 1284 3305 deest
1308 3271 1338 3303 ἴ).
1440 3272 1467 3312 ⁸)
1493 3277 1526 3303 et
1550 3272 1661 3313 ipsum
1687 3269 1718 3302 4.
1744 3270 1776 3303 5.
1871 3270 1896 3309 ί“)
1922 3269 1964 3301 ad
1989 3268 2019 3301 3.
2045 3266 2144 3301 5—9.
2228 3271 2263 3307 ¹¹)
2290 3277 2365 3308 gra-

159 3329 241 3362 tiam
265 3328 367 3363 3—9.
531 3330 563 3372 v)
602 3331 733 3363 unitate
758 3329 796 3369 5;
832 3331 964 3363 unitate
990 3330 1168 3362 voluntate
1195 3329 1226 3362 6.
1256 3327 1284 3361 7.
1449 3327 1489 3370 W)
1527 3329 1635 3361 artius
1661 3327 1751 3360 deest
1774 3326 1875 3359 2—9.
2039 3330 2072 3365 Χ)
2103 3331 2136 3357 et
2160 3325 2192 3357 ἴ).
2218 3324 2249 3357 6.
2275 3324 2306 3357 8.
2333 3323 2363 3356 9.

158 3385 191 3429 7)
215 3387 356 3430 speciali
382 3386 413 3421 1.
438 3386 470 3421 9.
565 3389 595 3429 z)
621 3399 664 3421 ne
689 3387 721 3421 3.
817 3387 848 3430 ²²)
875 3398 896 3420 a
921 3387 1002 3420 add.
1021 3385 1123 3419 2—9.
1240 3385 1274 3426 b)
1301 3386 1437 3419 remotis
1462 3386 1494 3417 8.
1520 3385 1552 3418 9.
1647 3387 1676 3425 c)
1704 3390 1816 3417 nostre
1843 3384 1932 3416 deest
1948 3383 1980 3417 2.
2006 3382 2043 3421 33
2078 3382 2199 3414 mentis
2226 3382 2307 3413 add.
2326 3380 2362 3418 ·2;

159 3445 286 3477 meritis
311 3445 392 3477 add.
411 3443 512 3477 3—9.
631 3443 663 3485 d)
687 3446 780 3478 fame
805 3444 842 3485 4;
867 3446 992 3478 firmati
1018 3443 1120 3478 5—9.
1240 3443 1269 3483 e)
1293 3454 1363 3485 qua
1388 3442 1487 3476 6-9.
1594 3440 1624 3484 f)
1650 3443 1854 3474 contrarium
1880 3441 1979 3475 5—9.
2074 3440 2105 3481 8)
2132 3441 2307 3472 referimus
2331 3438 2362 3470 4.

159 3499 194 3542 11)
219 3503 383 3535 frustrata
407 3501 438 3535 8.
465 3501 498 3536 9.
613 3501 639 3545 i)
665 3514 686 3536 a
711 3503 801 3536 deest
825 3502 926 3536 5-9.
1068 3500 1102 3543 k)
1129 3502 1285 3543 infigeret
1309 3500 1340 3534 3.
1367 3499 1399 3533 4.
1530 3497 1554 3540 l)
1580 3500 1715 3532 culmen
1741 3498 1841 3531 5-9.
1959 3499 2001 3538 m)
2027 3504 2059 3530 et
2084 3498 2224 3539 irnperio
2250 3496 2316 3528 des.
2332 3495 2364 3527 4.

159 3558 195 3600 n)
219 3560 368 3592 maxime
392 3558 494 3592 5—7
507 3573 515 3601 ;
540 3560 629 3593 deest
652 3559 684 3593 3.
827 3560 859 3601 0)
892 3561 1018 3603 incepit
1043 3559 1073 3592 2.
1101 3558 1227 3599 4—93
1267 3560 1386 3601 incipit
1411 3557 1441 3591 3.
1582 3557 1615 3598 P)
1642 3558 1782 3589 devotos
1807 3555 1907 3589 5—9.
2049 3556 2082 3597 q)
2109 3555 2248 3587 iniurias
2273 3554 2304 3585 ὅ.
2331 3552 2360 3583 9.

160 3614 190 3660 ¹)
214 3618 363 3660 graviter
388 3618 480 3651 deest
503 3617 604 3651 2—9.
699 3623 724 3656 Β)
751 3619 849 3652 nobis
874 3619 964 3651 deest
988 3617 1087 3651 5—9.
1183 3617 1209 3658 t)
1236 3616 1384 3660 pupillos
1411 3616 1440 3648 1.
1535 3616 1569 3655 u)
1598 3615 1742 3647 alicuius
1760 3613 1866 3651 5—9;
1892 3613 1981 3645 deest
2006 3611 2037 3644 4.
2132 3615 2164 3652 V)
2191 3612 2363 3642 immemor

161 3680 195 3708 et
219 3677 375 3718 ingratus
400 3675 483 3708 add.
500 3673 531 3707 4.
648 3676 689 3716 W)
715 3677 881 3709 sustinere
907 3675 1004 3708 2—4.
1124 3678 1156 3714 x)
1182 3675 1420 3717 presentialem
1450 3673 1482 3712 13
1520 3673 1678 3716 papalem
1703 3672 1741 3710 3;
1780 3682 1837 3714 per
1861 3671 1962 3703 talem
1988 3667 2088 3702 5—-9,
