2558 3970
216 180 297 218 336
744 176 983 210 FRIDERICI
1010 177 1050 210 ΙΙ.
1079 176 1505 212 CONSTITUTIONES.
1556 178 1653 212 1244.
1703 178 1764 212 Nr.
1783 178 1860 212 246.

216 292 513 331 satisfaccione
548 300 588 330 et
621 291 851 331 securitate
885 290 995 344 quod
1030 291 1213 331 viderint
1246 306 1341 332 esse
1376 292 1677 347 supplendum.
1710 293 1770 333 ita
1801 296 1945 334 tamen
1978 293 2088 347 quod
2115 294 2217 334 nihil
2240 294 2401 335 facient

214 361 305 399 sinc
339 359 514 399 consilio
549 364 590 399 et
632 358 830 399 mandato
865 359 1025 399 domini
1060 374 1191 414 pape:
1235 364 1277 401 et
1307 360 1508 415 predictis
1543 361 1671 401 salvis
1705 361 1795 402 de¹¹¹
1828 361 2131 403 satisfaccione
2165 366 2206 403 et
2239 363 2400 403 securi-

215 438 319 468 tate.
363 427 540 481 predicti
584 432 837 468 tractatores
879 427 1038 468 facient
1076 427 1188 482 quod
1234 427 1285 469 de
1326 429 1502 469 consilio
1546 429 1724 469 fratrum
1758 428 1956 470 dominus
2000 444 2114 485 papa
2154 429 2398 471 faciendum

215 496 469 536 decreverit.

356 567 392 605 6.
438 563 576 617 Super
615 563 921 604 adherentibus
963 568 1107 605 autem
1148 565 1331 606 ecclesie
1370 567 1429 606 ita
1468 565 1668 607 dicimus:
1711 565 1823 619 quod
1857 566 2053 607 omnibus
2085 566 2166 607 hiis
2199 567 2270 621 qui
2302 570 2400 621 post

213 638 345 672 ortam
380 632 636 672 discordiam
671 632 854 673 ecclesie
888 632 1172 682 adheserunt,
1215 634 1501 689 undecunque
1546 635 1648 683 sint,
1692 647 1747 674 ex
1779 648 1890 675 nunc
1924 635 2051 689 plene
2086 634 2221 675 omnis
2254 634 2400 675 remit-

213 706 351 740 tetur-¹¹
385 701 548 741 offensa
582 706 667 740 tam
711 706 809 741 ante
843 700 1101 742 discordiam
1134 716 1258 756 quam
1304 706 1401 757 post
1435 703 1525 744 sive
1560 702 1786 743 occasione
1821 703 2003 744 ecclesie
2045 703 2133 744 sive
2167 703 2252 744 alia
2284 716 2399 744 com-

213 770 356 808 missa.
420 768 472 809 Et
517 770 656 809 onmia
701 769 843 809 banna.
877 774 919 810 et
959 771 1201 811 sentencias
1237 775 1384 811 contra
1417 785 1490 812 eos
1524 772 1634 812 latas
1679 772 1910 813 revocabit.
1973 771 2029 812 Et
2063 771 2096 812 si
2129 785 2234 826 quas
2268 770 2399 812 dona-

213 838 356 877 ciones
392 838 457 877 vel
493 843 735 878 contractus
770 838 835 877 vel
870 838 1164 892 obligaciones
1201 840 1237 879 ei
1271 839 1477 879 fecissent
1509 843 1603 894 post
1637 840 1766 880 latam
1792 839 2050 881 sententiam
2075 840 2142 880 vel
2174 842 2398 894 postquam

212 906 471 947 adheserunt
516 907 720 947 ecclesie.
770 906 1003 956 relaxabit,
1052 907 1395 961 possessionibus
1438 921 1608 959 eorum,
1655 908 1818 948 iuribus
1863 913 1906 948 et
1948 907 2182 949 honoribus
2216 907 2304 948 suis
2337 907 2398 948 eis

215 975 379 1028 integre
416 975 638 1015 restitutis.
673 975 779 1014 etsi0
812 975 907 1015 aliis
941 976 1023 1015 sint
1057 989 1274 1016 concessa.

361 1045 396 1085 7.
439 1043 575 1098 Super
618 1043 713 1083 aliis
760 1048 925 1094 autem,
968 1045 1037 1098 qui
1083 1048 1181 1085 ante
1223 1049 1358 1085 ortam
1404 1044 1663 1086 discordiam
1704 1045 1890 1086 rebelles
1933 1044 2105 1086 domino
2148 1044 2401 1100 imperatori

213 1111 384 1151 fuerunt
417 1117 458 1151 et
491 1119 611 1150 erant
645 1116 742 1151 tunc
776 1112 816 1152 in
849 1126 1003 1167 guerra.
1037 1127 1129 1153 cum
1162 1127 1225 1163 ρο,
1260 1113 1321 1153 ita
1343 1113 1544 1154 dicimus:
1580 1113 1691 1168 quod
1714 1115 1954 1155 remittetur
1978 1114 2038 1155 eis
2063 1113 2200 1154 omnis
2225 1113 2403 1165 offensa,

213 1194 339 1234 quam
372 1186 517 1234 postea
554 1181 858 1220 commiserunt
892 1185 1041 1222 contra
1075 1195 1171 1222 eum
1205 1185 1246 1222 et
1278 1181 1517 1237 imperium.
1581 1182 1647 1223 De
1682 1183 1857 1224 offensis
1891 1196 1992 1224 vero
2027 1182 2267 1223 commissis
2300 1185 2399 1223 ante

214 1259 347 1289 ortam
388 1247 664 1289 discordiam.
706 1248 835 1289 stabit
868 1249 1064 1290 dominus
1104 1250 1339 1304 imperator
1379 1250 1615 1305 provisioni
1648 1254 1690 1292 et
1723 1251 1990 1292 ordinacioni
2023 1250 2181 1291 domini
2213 1263 2322 1306 pape
2356 1253 2400 1291 et

215 1318 407 1357 fratrum.
440 1316 677 1357 faciendisp
711 1317 820 1357 infra
853 1322 1022 1372 tempus
1054 1332 1078 1358 a
1110 1318 1280 1359 domino
1312 1332 1427 1373 papa
1458 1319 1768 1374 prefigendum.
1830 1319 1944 1375 Ipsis
1978 1322 2019 1359 et
2052 1318 2249 1359 omnibus
2283 1317 2402 1359 dabit

212 1386 382 1440 plenam
417 1399 566 1441 pacem
601 1399 655 1425 ex
687 1399 811 1425 nunc.
1743 1441 1747 1444 ι

357 1456 395 1496 8.
445 1454 584 1509 Super
625 1455 856 1495 securitate
897 1468 998 1495 vero
1040 1455 1211 1496 illorum
1251 1455 1303 1497 de
1344 1455 1656 1508 Romanniola⁷
1704 1457 1775 1512 qui
1821 1460 1919 1512 post
1963 1459 2100 1497 ortam
2147 1455 2404 1497 discordiam

215 1523 400 1564 ecclesie
433 1522 711 1566 adheserunt.
746 1527 788 1564 et
820 1523 1027 1564 nobilium
1062 1523 1113 1564 de
1148 1524 1337 1565 marchia
1360 1524 1612 1566 Teruisinaq
1646 1530 1688 1566 et
1713 1525 1993 1566 marchionisr
2024 1524 2184 1566 Montis
2207 1524 2402 1566 Ferrati¹

214 1599 255 1632 et
288 1592 468 1632 aliorum
493 1592 699 1632 nobilium
723 1591 894 1646 ubique.
927 1593 987 1632 ita
1018 1593 1145 1633 faciet
1169 1593 1365 1634 dominus
1389 1594 1635 1649 imperator,
1670 1594 1871 1635 videlicet
1894 1593 2007 1648 quod
2030 1592 2210 1648 predicti
2234 1593 2400 1634 nobiles

213 1661 253 1700 in
277 1661 456 1714 propriis
479 1660 687 1715 personis,
720 1660 799 1700 nisi
824 1659 876 1701 ad
901 1661 1186 1716 provisionem
1211 1662 1369 1702 domini
1392 1676 1518 1717 pape,
1553 1663 1629 1704 sed
1653 1677 1730 1718 per
1756 1663 2019 1709 substitutos,
2045 1662 2204 1703 servire
2228 1661 2401 1702 domino

212 1729 460 1783 imperatori
503 1729 673 1769 minime
718 1734 964 1777 teneantur;
1006 1730 1049 1770 in
1088 1730 1291 1771 iudicium
1325 1732 1486 1771 vocati⁸
1520 1745 1596 1786 per
1637 1731 1801 1773 nobiles
1842 1735 1884 1772 et
1924 1744 2050 1786 pares
2085 1744 2183 1771 suos
2216 1729 2403 1784 reliquos

215 1798 398 1852 regionis
433 1797 644 1844 eiusdem,
689 1797 784 1838 aliis
817 1797 1125 1839 adherentibus
1160 1799 1344 1840 ecclesie
1375 1813 1458 1840 non
1490 1800 1701 1852 exclusis,
1734 1800 1924 1841 debeant
1955 1799 2134 1840 iudicari
2167 1798 2220 1840 de
2253 1812 2402 1854 perso-

214 1866 381 1907 nalibus
414 1872 455 1907 et
489 1866 676 1907 realibus
709 1867 981 1907 accionibust
1011 1871 1053 1908 et
1086 1868 1221 1908 eciam
1255 1867 1307 1909 de
1341 1868 1632 1909 criminalibus
1666 1869 1904 1910 accusariu.
1969 1868 2226 1924 Specialiter
2257 1871 2404 1909 autem

212 1936 252 1975 in
288 1935 570 1976 Romaniolav
603 1935 655 1976 ad
688 1935 894 1976 maiorem
929 1936 1204 1977 securitatem
1239 1950 1386 1977 eorum
1420 1938 1490 1991 qui
1524 1937 1707 1979 ecclesie
1732 1937 1997 1979 adheserunt
2020 1941 2182 1978 statuet
2204 1935 2402 1977 dominus

212 2006 443 2059 imperator
477 2005 746 2059 capitaneum
780 2004 966 2058 aliquem
999 2004 1049 2044 de
1081 2005 1259 2059 prelatis
1283 2006 1411 2046 Italie
1446 2010 1568 2047 extra
1592 2006 1841 2061 RegnumW‚
1876 2007 1954 2047 sub
1988 2006 2107 2047 cuius
2142 2005 2276 2047 solius
2300 2019 2403 2047 exa-

213 2074 324 2113 mine
368 2072 595 2127 litigabunt
638 2086 773 2127 usque
814 2072 867 2112 ad
906 2073 1226 2128 beneplacitum
1260 2073 1417 2114 domini
1460 2089 1570 2130 pape
1605 2079 1692 2116 tam
1726 2075 1769 2115 in
1803 2075 1996 2116 civilibus
2030 2089 2157 2129 quam
2189 2075 2231 2115 in
2264 2074 2404 2115 crimi-

213 2142 379 2181 nalibus
413 2142 566 2182 causis.
630 2140 824 2182 Prelatos
858 2142 946 2195 ipse
980 2142 1113 2195 eliget
1145 2142 1196 2182 de
1230 2143 1435 2183 consilioX
1467 2143 1627 2183 domini
1662 2158 1793 2198 pape,
1828 2143 2031 2198 quamdiu
2064 2142 2260 2184 dominus
2291 2156 2405 2198 papa

213 2211 410 2252 voluerit.
474 2210 744 2250 Municiones
778 2215 920 2250 autem
955 2210 1147 2265 proprias
1182 2210 1379 2252 dominus
1412 2212 1644 2266 imperator
1677 2226 1755 2267 per
1787 2226 1892 2267 quos
1927 2212 2008 2252 sibi
2038 2212 2251 2267 placuerit
2275 2211 2404 2252 faciet

214 2279 439 2321 custodiri:
484 2279 750 2319 municiones
791 2293 892 2319 vero
937 2279 1224 2333 predictorum
1270 2294 1355 2320 non
1396 2280 1512 2321 ledet
1545 2282 1613 2321 vel
1657 2285 1805 2336 tanget
1838 2281 1928 2321 sine
1963 2294 2176 2322 consensu
2205 2280 2297 2321 eius
2331 2280 2403 2335 qui

215 2349 445 2404 deputatus
484 2348 611 2387 fuerit
650 2360 777 2401 super
816 2348 915 2387 eisr.
989 2347 1078 2388 Illis
1128 2348 1258 2388 etiam
1302 2348 1354 2389 de
1404 2349 1595 2389 marchia
1635 2349 1875 2390 Triuisinaz
1918 2349 2162 2404 providebit
2209 2348 2405 2389 dominus

214 2419 445 2472 imperator
487 2417 778 2470 capitaneum,
822 2416 887 2456 cui
929 2417 1007 2456 soli
1049 2421 1303 2457 teneantura
1337 2417 1596 2472 respondere
1639 2419 1699 2459 illi
1741 2418 1792 2459 de
1839 2418 2029 2458 marchia
2061 2417 2304 2458 Triuisinaz
2336 2417 2406 2471 qui

215 2487 397 2527 ecclesie
446 2484 728 2528 adheserunt.
777 2483 828 2525 de
878 2498 1087 2526 consensu
1131 2486 1256 2526 unius
1303 2486 1503 2537 fratrum7
1555 2501 1681 2541 quem
1722 2487 1918 2528 dominus
1957 2488 2192 2542 imperator
2235 2486 2407 2527 duxerit

215 2553 474 2608 eligendum.

357 2625 394 2663 9.
440 2620 641 2676 Captivos
684 2622 725 2662 in
767 2622 917 2676 galeiis
958 2627 1106 2677 captos
1147 2637 1313 2664 necnon
1355 2637 1503 2664 omnes
1547 2623 1784 2676 Romanos,
1832 2624 1997 2665 Tuscos
2041 2627 2084 2664 et
2116 2623 2220 2664 alios
2255 2636 2402 2664 omnes

215 2693 406 2747 captivos
446 2692 671 2732 occasione
715 2691 794 2731 eab
836 2696 932 2746 post
974 2692 1103 2732 latam
1151 2684 1411 2733 sententiam
1451 2693 1928 2743 excommunicationis,
1971 2692 2091 2732 cuius
2131 2691 2184 2732 ad
2224 2705 2403 2746 presens

216 2761 401 2801 solucioC
444 2760 614 2814 petitur.
656 2760 790 2800 libere
829 2759 1041 2801 liberabit.
1113 2761 1196 2801 Et<l
1229 2761 1427 2801 omnibus
1471 2761 1723 2802 iuramentis
1767 2766 1809 2803 et
1842 2759 2206 2816 obligacionibuS‚
2249 2759 2403 2815 quibus

216 2831 481 2883 obligassent
514 2844 558 2869 se
593 2829 696 2869 sibie
731 2833 827 2883 post
858 2830 1123 2884 capcionem,
1157 2830 1355 2870 absolvet
1388 2835 1474 2870 tarn
1499 2844 1574 2871 eos
1599 2830 1668 2884 qui
1693 2831 1863 2871 liberati
1889 2834 1986 2870 sunt
2009 2843 2134 2884 quam
2159 2829 2229 2883 qui
2253 2832 2405 2883 postea

216 2898 524 2938 liberabuntur:
567 2902 608 2937 et
651 2911 780 2952 super
819 2898 898 2938 hoc
941 2899 1087 2939 literas
1129 2914 1227 2940 suas
1268 2899 1406 2948 dabit;
1453 2900 1649 2941 fidelibus
1691 2901 1795 2953 suis,
1838 2901 1909 2955 qui
1952 2900 2065 2955 capti
2099 2904 2196 2939 sunt
2226 2898 2401 2953 ubique,

217 2982 294 3021 per
327 2966 569 3007 detentores
602 2966 785 3006 invicem
819 2966 1047 3009 liberatiss.
1740 2961 1745 2967 ¹

364 3038 423 3074 10.
467 3034 640 3075 Eiectos
691 3036 915 3076 occasione
962 3036 1174 3077 discordie
1225 3038 1358 3091 prime
1402 3039 1467 3078 vel
1519 3038 1704 3079 secunde
1749 3042 1837 3079 tam
1879 3038 2055 3078 clericos
2098 3050 2225 3092 quam
2268 3036 2402 3076 laicos

216 3104 374 3144 liberee
407 3103 543 3143 redire
576 3104 795 3158 permittet
827 3104 877 3144 ad
913 3107 1086 3160 propria
1119 3111 1161 3146 et
1200 3106 1359 3146 ibidem
1395 3121 1545 3147 secure
1579 3121 1772 3157 manere,
1806 3104 2149 3161 possessionibus
2183 3117 2327 3144 eorum
2363 3107 2405 3145 et

216 3172 335 3211 bonis
368 3173 534 3225 integre
567 3172 792 3212 restitutis,

353 3284 436 3317 24⁴5.
470 3292 511 3311 Π),
539 3287 640 3318 salvis
666 3287 750 3318 Del
781 3288 876 3319 male.
1007 3294 1039 3325 ¹¹)
1067 3289 1258 3321 remittatur
1283 3290 1314 3320 2.
1440 3288 1471 3331 υ)
1498 3290 1627 3322 etiamsi
1656 3289 1685 3321 2.
1813 3289 1843 3329 1))
1878 3290 2052 3322 faciendus
2082 3288 2109 3320 l.
2227 3287 2260 3328 (1)
2287 3286 2401 3319 Terui-

2436 918 2468 943 10

2439 1263 2469 1289 15

2438 1605 2470 1630 20

2436 1952 2468 1978 25

2439 2294 2472 2319 30

2439 2636 2471 2661 35

217 3345 267 3373 *in
297 3343 330 3376 1:
358 3344 601 3375 Tervicemnm
627 3350 683 3375 etc.
711 3342 741 3375 ’2.
860 3350 886 3374 Γ»
913 3346 1097 3376 marchioni
1124 3344 1154 3376 2.
1265 3351 1292 3385 ⁵³)
1319 3351 1432 3378 autem
1460 3347 1571 3378 vocari
1599 3345 1630 3377 2.
1742 3346 1767 3383 tv>
1794 3347 1983 3388 impediti
2008 3346 2029 3377 i.
2050 3357 2074 3377 e.
2102 3344 2243 3387 impetiti
2269 3343 2349 3375 add.
2368 3341 2399 3374 2.
2435 3345 2466 3370 45

216 3405 246 3429 ¹¹!
273 3400 459 3431 accusati
485 3399 516 3431 2.
627 3406 655 3439 V)
682 3401 919 3432 Romaniornm
946 3402 974 3432 2.
1082 3408 1122 3441 W)
1149 3402 1237 3434 deest
1261 3401 1291 3433 2.
1396 3402 1428 3443 x)
1456 3405 1504 3434 Et
1530 3404 1724 3445 prelatus
1750 3403 1828 3445 ipsi
1856 3403 2040 3445 eligatur
2065 3403 2113 3435 de
2137 3411 2345 3434 consensu
2369 3398 2400 3431 2.

215 3462 247 3485 Yv
274 3457 336 3487 hiis
362 3455 392 3487 2.
509 3462 537 3492 z,
562 3458 803 3498 Tervigentum
830 3464 886 3490 etc.
912 3457 943 3489 2.
1060 3463 1090 3500 a)
1118 3460 1263 3492 debeant.
1287 3459 1317 3491 2.
1443 3458 1475 3501 b)
1502 3470 1570 3491 occ.
1597 3470 1637 3491 ea
1663 3451 1779 3492 des.'2.
1897 3461 1926 3500 c)
1952 3459 2124 3492 absolucio
2148 3456 2179 3491 2.
2298 3454 2330 3497 d)
2357 3456 2400 3489 ab

217 3513 297 3544 add.
319 3516 346 3543 2.
465 3520 492 3541 ⁴³·
519 3514 607 3545 ‹lec-sl
633 3512 663 3544 ’2.
781 3513 809 3546 fi
836 3515 995 3547 liberatos
1021 3515 1050 3548 ⁵2.

358 3616 388 3655 1)
416 3614 604 3653 Bonifacii.
