2558 3970
184 160 257 197 174
707 150 946 185 FRIDERICI
971 149 1017 183 ΙΙ.
1043 146 1469 183 CONSTITUTIONES.
1522 146 1618 180 1230.
1665 145 1728 179 Nr.
1749 146 1823 180 131.

328 273 357 309 1.
392 268 474 309 Per
505 281 683 323 presens
718 266 921 320 seriptum
955 267 1103 305 notum
1136 263 1226 304 fieri
1250 263 1447 303 volumus
1471 261 1701 310 universis,
1734 259 1873 314 quodh
1905 260 2016 300 inter
2038 264 2360 301 sacrosanctam

179 338 416 378 Romanam
452 337 692 378 ecelesiam.
726 335 940 375 dominam
973 337 1015 373 et
1046 336 1228 373 matrem
1251 329 1471 381 nosti-ami,
1504 336 1547 370 et
1580 329 1901 370 serenissimum
1926 327 2146 368 dominum
2169 332 2359 369 nostrum

180 405 469 446 Friderieumk
511 404 801 444 Romanorum
843 403 1145 457 imperatorem
1185 413 1356 455 semper
1393 403 1644 453 augustum,
1687 397 1926 438 Ierusalem
1959 401 2002 437 et
2034 396 2182 438 Sicilie
2215 410 2362 451 regem

180 475 393 515 convenit:
429 473 540 528 quod
574 472 626 513 de
660 471 870 513 communi
905 471 1124 511 voluntate
1155 468 1347 524 predicte
1379 468 1529 508 matris
1553 466 1737 508 ecclesie
1761 469 1804 506 et
1826 465 1985 506 domini
2008 465 2144 506 nostri
2176 465 2364 520 impera-

180 542 304 583 toris¹
338 542 590 583 tractabitur
621 541 674 581 de
708 541 776 581 via
807 537 1085 583 invenienda.
1119 537 1304 592 qualiter
1335 535 1389 577 ad
1423 535 1648 576 eundemm
1679 534 1897 575 dominum
1932 534 2236 588 imperatorem
2269 547 2365 574 cum

181 612 339 652 honore
372 611 556 651 ecclesie
590 612 887 650 revertantur¹¹
920 606 1162 647 Gaietana.⁰
1196 609 1239 646 et
1264 604 1422 645 Sancte
1447 603 1619 657 Agathe
1654 602 1851 643 civitates
1885 605 1928 642 et
1951 615 2100 643 omnes
2125 615 2220 643 cum
2242 601 2365 643 bonis

182 681 268 720 suis
303 679 354 719 de
387 692 520 733 regno
556 678 723 720 Sicilie.
756 690 862 731 quos
896 675 1083 716 ecclesia
1115 674 1156 714 in
1189 687 1265 714 sua
1295 672 1379 713 fide
1412 672 1608 726 recepitp
1641 675 1683 711 ct
1715 671 1755 711 in
1790 671 1973 711 ecclesie
2005 670 2235 711 devotione
2266 684 2365 725 per-

181 749 348 788 durant.
410 747 476 788 Ad
511 760 636 801 quem
668 750 923 786 tractatum⁴¹
958 743 1082 784 (latus
1115 747 1181 783 est
1213 756 1362 785 annus.
1396 741 1477 781 nisi
1511 744 1640 781 antea
1663 740 1732 780 via
1756 739 1897 780 valeat
1928 739 2123 790 inveniri,
2156 738 2208 779 ad
2239 752 2367 793 quam

182 816 481 857 inveniendam
522 815 634 856 dicta
674 819 812 854 mater
854 813 1040 853 ecclesia
1080 810 1415 852 sollicitudinem
1460 813 1533 850 ct‘l
1566 815 1734 850 curam¹'
1766 807 1970 848 adhibere
2013 807 2226 863 promisit,
2267 813 2369 849 necS

182 887 388 926 terminus
435 884 517 924 nisi
560 884 612 924 de
658 895 870 923 consensu
913 881 1096 935 partium
1142 880 1340 921 ulteriust
1373 877 1696 933 prorogabitur:
1744 881 1808 917 set
1848 877 1900 926 si,
1943 876 2055 931 quod
2087 876 2218 928 absit,
2259 876 2371 918 infra

184 954 374 994 dictumu
413 952 640 994 terminum
683 951 752 991 via
793 951 966 991 inventa
1005 963 1089 990 non
1130 949 1299 999 fueritv,
1343 962 1399 988 ex
1440 951 1541 987 tunc
1583 960 1660 1001 per
1692 945 1875 986 arbitros
1906 945 2114 986 interimW
2147 944 2370 1000 eligendos

184 1021 444 1077 procedetur
475 1022 516 1061 in
550 1021 640 1065 via,
681 1024 727 1060 ut
759 1019 918 1059 dictum
952 1025 1032 1063 est.
1066 1016 1322 1058 invenienda
1335 1024 1368 1067 X,
1401 1029 1579 1070 quorum
1611 1014 1694 1055 duo
1728 1015 1838 1054 sinty
1871 1027 1927 1054 ex
1957 1017 2080 1068 parte
2113 1014 2297 1056 ecclesie
2330 1018 2373 1056 et

185 1091 267 1131 duo
302 1105 355 1131 ex
389 1095 510 1145 parte
544 1089 729 1130 dominit
761 1087 1045 1143 imperatoris.
1108 1085 1191 1132 Qui
1231 1086 1265 1126 si
1300 1084 1559 1126 concordare
1591 1097 1675 1124 non
1707 1086 1946 1138 poteruntz,
1981 1082 2173 1136 quintum
2198 1083 2372 1138 eligent,

186 1165 227 1199 et
261 1159 374 1199 dieto
417 1159 587 1199 maioris
621 1158 754 1213 partis
789 1157 982 1197 stabitur.
1046 1154 1240 1195 Prestitit
1277 1154 1450 1207 itaque³
1482 1151 1678 1193 dominus
1720 1152 1950 1206 imperator
1981 1151 2264 1192 iuramentum
2298 1166 2375 1207 per

186 1228 462 1268 Thomasium
495 1227 693 1267 comitem
718 1225 1010 1266 Acel·l'a1·11n1¹'
1044 1224 1084 1263 in
1118 1223 1302 1264 animam
1336 1235 1456 1262 suam
1491 1225 1534 1262 et
1566 1220 1618 1261 de
1642 1219 1844 1261 mandato
1865 1226 1971 1260 8110(Ζ
2002 1220 2227 1271 iurantem,
2261 1221 2374 1276 quod

187 1297 355 1337 iuterim
390 1296 603 1351 predictas
636 1300 773 1336 terras
807 1298 849 1335 et
882 1294 1076 1334 homines
1109 1306 1194 1333 non
1227 1291 1417 1333 offendet
1448 1289 1520 1331 in<l
1552 1289 1750 1345 personis
1784 1292 1828 1330 et
1859 1289 1988 1329 rebus
2013 1302 2092 1330 nec
2117 1302 2141 1329 a
2165 1289 2251 1330 suis
2275 1303 2374 1344 per-

187 1367 326 1407 mittet
359 1364 553 1410 offendie.
596 1368 638 1405 et
670 1364 802 1407 viam.
837 1376 919 1416 que
953 1361 1196 1402 invenietur
1228 1374 1305 1415 per
1338 1373 1606 1401 communem
1639 1357 1894 1399 tractatumf
1924 1357 2148 1399 eiusdemg
2178 1357 2375 1400 Romane

188 1434 370 1475 ecclesie
405 1433 472 1474 eth
505 1432 665 1473 domini
698 1431 969 1487 imperatoris
1002 1431 1070 1471 vel
1104 1444 1181 1484 per
1213 1428 1420 1480 arbitrosqv
1453 1426 1585 1468 idemi
1618 1426 1814 1467 dominus
1847 1426 2082 1481 imperator
2113 1426 2376 1468 observabit.

330 1504 369 1544 2.
402 1502 561 1542 Notum
596 1513 763 1555 quoque
800 1500 1001 1541 facimus:
1037 1497 1176 1554 quodk
1209 1497 1406 1539 dominus
1438 1498 1670 1551 imperator
1691 1496 1870 1536 remittit
1893 1509 2062 1536 omnem
2085 1495 2292 1536 offensam
2317 1495 2379 1537 et¹

189 1585 342 1626 penam
375 1570 674 1621 Theotonicis‚
714 1568 990 1613 LombardiS.
1032 1567 1180 1608 Tuscis
1216 1571 1258 1607 et
1290 1565 1535 1607 hominibus
1570 1565 1660 1606 dem
1694 1577 1826 1619 regno
1862 1564 2007 1605 Sicilie
2040 1564 2304 1618 generaliter
2335 1568 2380 1606 et

192 1640 368 1681 Gallicis
402 1645 472 1681 et¹¹
505 1640 704 1680 omnibus
738 1638 833 1679 aliis
865 1638 936 1692 qui
965 1637 1149 1678 ecclesie
1173 1640 1323 1676 contra
1346 1641 1471 1677 eum0
1503 1633 1780 1683 adheserunt,
1815 1638 1857 1674 et
1879 1633 2158 1674 Thomasium
2182 1633 2380 1674 comitem

192 1710 477 1750 AcerrarumP
509 1709 611 1749 fecit
643 1709 715 1748 inq
748 1707 934 1747 animam
968 1719 1089 1747 suam
1111 1706 1265 1757 iurare,
1301 1704 1413 1759 quod
1441 1703 1659 1759 predictos
1682 1703 1800 1743 nullo
1824 1706 2045 1757 temporer
2077 1701 2269 1743 offendet
2299 1716 2380 1744 nec

193 1778 346 1819 facietS
378 1778 535 1818 offendi
567 1792 643 1832 pro
677 1791 727 1818 eo
761 1776 874 1831 quod
906 1775 1100 1816 Romane
1134 1774 1342 1815 ecclesiet
1375 1777 1521 1814 contra
1554 1786 1650 1813 eum
1685 1775 1779 1812 orta
1800 1770 2017 1812 discordia
2039 1771 2281 1822 astiterunt,
2316 1774 2382 1812 set

195 1861 346 1901 pacem
381 1847 441 1887 eis
476 1852 518 1887 et
551 1846 734 1887 ecclesie
760 1844 1019 1885 observabit.
1082 1843 1280 1884 Remittit
1312 1842 1470 1882 etiamu
1503 1841 1698 1882 dominus
1731 1841 1966 1895 imperator
1995 1840 2247 1891 sententias,
2280 1853 2382 1880 con-

199 1917 444 1956 stitutiones
478 1920 520 1956 et
553 1915 708 1966 banna⁷
743 1915 776 1954 si
811 1928 893 1968 qua
925 1927 1003 1968 per
1036 1927 1133 1953 eum
1157 1912 1225 1953 vel
1257 1926 1335 1966 per
1367 1911 1476 1951 alios
1509 1911 1597 1951 lata
1620 1910 1687 1951 vel
1721 1909 1837 1950 edita
1862 1912 1960 1948 sunt
1984 1909 2211 1950 occasione
2235 1909 2382 1949 huius-

195 1984 308 2025 modi
343 1988 490 2025 contra
523 1998 612 2025 eos.
674 1983 892 2024 Promittit
933 1983 1149 2037 insuperv,
1193 1981 1306 2036 quod
1338 1984 1472 2021 terras
1506 1979 1691 2020 ecclesie
1723 1979 1766 2018 in
1798 1977 1973 2018 Ducatu
2006 1981 2049 2018 et
2079 1978 2160 2018 inw
2192 1977 2386 2019 Marchia

200 2068 277 2095 seu
309 2054 392 2093 alio
425 2053 684 2108 patrimonio
718 2052 903 2094 ecclesie
936 2065 1019 2092 non
1050 2050 1229 2091 invadet
1261 2063 1399 2104 neque
1425 2048 1644 2091 vastabitX
1676 2061 1754 2103 per
1786 2059 1831 2087 se
1855 2047 1923 2087 vel
1954 2060 2031 2101 per
2052 2046 2176 2098 alios,
2211 2047 2321 2088 sicut
2341 2047 2385 2087 in

200 2124 367 2178 scriptis
401 2123 454 2163 ab
488 2122 670 2164 eodemy
702 2121 870 2162 domino
909 2121 1168 2176 imperatore
1202 2133 1332 2174 super
1363 2118 1567 2174 predictis
1600 2116 1795 2157 omnibus
1827 2115 1980 2155 factisZ
2013 2119 2054 2156 et
2085 2115 2213 2156 bullis
2243 2115 2386 2156 aureis

197 2193 417 2248 impressis
462 2196 504 2232 et
548 2191 728 2246 typariis
772 2190 1012 2231 maiestatis
1058 2196 1161 2229 sue³
1203 2186 1505 2229 communitisb
1549 2186 1740 2241 plenarie
1773 2184 2031 2225 continetur.
2091 2183 2180 2224 Nos
2213 2187 2388 2225 autem⁰

197 2262 324 2301 tactis
365 2260 650 2300 sacrosanctis
692 2259 929 2313 euangeliis
963 2257 1179 2298 iuramusd
1212 2270 1441 2313 procura-re
1474 2255 1586 2296 bona
1617 2254 1723 2304 fide,
1769 2252 1883 2308 quod
1913 2252 2131 2307 predictus
2164 2251 2387 2293 dominuse

199 2332 430 2385 imperator
462 2328 653 2383 predicta
686 2327 875 2367 servabit
907 2331 949 2367 ct
982 2330 1132 2367 contra
1165 2339 1216 2366 ea
1247 2339 1331 2365 non
1364 2324 1522 2373 veniet.
1584 2322 1815 2378 Alioquins
1843 2322 1923 2362 nisi
1955 2322 2065 2363 infra
2097 2326 2184 2363 tres
2217 2335 2388 2362 menses

200 2400 239 2440 in
272 2412 405 2453 regno
440 2397 625 2442 Sicilieg.
658 2396 768 2436 infra
801 2400 1003 2450 quattuor
1034 2396 1075 2435 in
1108 2394 1295 2445 'Ytaliah‚
1337 2394 1449 2434 infra
1481 2393 1668 2447 quinque
1702 2395 1826 2432 extra
1860 2390 2050 2431 Ytaliam
2082 2389 2185 2431 noni
2216 2389 2390 2431 duxerit

201 2466 471 2508 emendanda
484 2466 517 2518 k,
549 2469 750 2521 potenter
771 2479 820 2506 ac
843 2469 1046 2520 patenter
1068 2463 1121 2504 ad
1145 2462 1473 2518 requisitionem
1495 2461 1677 2502 ecclesie
1699 2460 1952 2501 assistemus
1973 2459 2011 2499 ei
2035 2463 2182 2500 contra
2204 2457 2390 2500 eundem

201 2536 418 2577 <lominum
451 2536 769 2590 imperatorem,
803 2532 938 2574 donec
972 2532 1248 2574 satisfecerit.

345 2607 383 2646 3.
417 2602 563 2651 Quod¹
586 2603 619 2643 si
642 2616 716 2658 per
738 2590 955 2643 dominum
977 2606 1212 2642 nostrumm
1235 2602 1539 2655 imperatorem
1562 2598 1743 2649 steterit,
1767 2596 1880 2652 quod
1902 2596 2086 2637 arbitros
2104 2610 2190 2637 non
2210 2595 2392 2650 elegerit

204 2675 269 2714 vel
310 2674 498 2713 electos¹¹
532 2671 775 2726 impedierit
816 2685 867 2711 nc
906 2670 1163 2725 procedant,
1205 2683 1282 2709 nos
1324 2668 1506 2709 ecclesie
1549 2666 1820 2708 tenebimuro
1853 2665 2108 2716 assisterem,
2151 2663 2288 2704 sicutl’
2323 2666 2390 2703 est

205 2743 451 2797 scriptumq.
515 2741 558 2781 Si
601 2744 743 2780 autem
789 2740 975 2780 ecclesia
1017 2739 1197 2779 arbitros
1231 2737 1334 2778 dare
1374 2736 1559 2777 noluerit
1590 2734 1658 2775 vel
1690 2733 1811 2774 datos
1854 2732 2125 2789 impediverit
2156 2746 2210 2772 ne
2242 2744 2392 2787 proce-

347 2855 428 2889 131.
465 2855 498 2896 ¹¹)
525 2856 614 2897 quod
632 2872 675 2876 ——-
694 2853 822 2886 Notum
848 2865 981 2896 quoque
999 2855 1142 2886 facimus
1160 2853 1228 2886 des.
1244 2853 1275 2883 A
1293 2851 1325 2885 2.
1343 2851 1373 2885 3.
1458 2850 1480 2892 i)
1507 2855 1647 2883 matrem
1664 2855 1815 2882 nostram
1833 2854 1865 2881 et
1882 2848 2052 2881 dominam
2070 2847 2103 2879 Β
2115 2846 2147 2880 2.
2217 2845 2252 2888 k)
2278 2847 2334 2879 Fr.
2352 2845 2394 2878 A.

205 2914 211 2937 1
218 2926 228 2956 j
255 2915 294 2947 (le
320 2914 490 2946 communi
515 2924 654 2945 eorum
682 2912 855 2944 voluntate
882 2911 914 2943 Β
931 2911 961 2944 2.
1080 2910 1123 2952 m)
1149 2911 1259 2953 ipsum
1284 2909 1316 2941 Β
1332 2908 1364 2942 2.
1473 2907 1507 2952 ¹¹)
1540 2912 1753 2940 revertantur
1777 2906 1926 2948 sequitur
1950 2907 1986 2937 in
2011 2904 2044 2937 Β
2059 2904 2080 2937 2
2097 2909 2180 2947 post
2202 2904 2395 2947 perdurant.

205 2977 237 3012 0)
265 2972 407 3003 Gaia-tan
434 2971 475 3002 A.
593 2976 625 3010 1))
658 2970 742 3011 quo‘s
767 2970 802 3000 in
832 2969 896 3001 fide
921 2980 982 3001 sua
1010 2968 1136 3011 recepit
1160 2967 1300 3000 ecelesia
1324 2966 1357 2998 Β
1375 2965 1406 2998 2.
1524 2963 1557 3008 q)
1582 2966 1618 2997 in
1642 2975 1772 2997 rasura
1797 2965 1829 2995 A
1848 2963 1899 2995 1³:
2008 2962 2036 3004 r)
2062 2972 2132 2994 cur.
2158 2966 2191 2994 et
2215 2960 2287 2992 soll.
2314 2959 2345 2992 Β
2364 2958 2396 2993 2.

207 3039 231 3054 1
259 3029 347 3060 ultra
374 3028 454 3060 fuld.
472 3028 524 3059 Ιιίο
542 3027 573 3058 Β
587 3026 616 3060 2.
711 3027 737 3065 2)
764 3026 853 3058 deest
870 3026 902 3057 Β
916 3024 946 3058 2.
1019 3024 1053 3067 ¹¹)
1080 3026 1189 3067 ipsum
1208 3025 1240 3056 B
1253 3024 1283 3057 2.
1369 3028 1401 3064 γ)
1428 3024 1483 3055 via
1501 3023 1645 3055 inveniri
1663 3021 1852 3063 nonqwossit
1869 3020 1901 3052 Β
1914 3019 1946 3052 2.
2017 3018 2056 3060 w)
2083 3019 2305 3052 communiter
2321 3016 2354 3048 Β
2366 3015 2397 3049 2.

208 3092 237 3124 Ns
265 3085 419 3125 eligenda
447 3084 523 3116 112.
639 3089 670 3123 δ’)
696 3085 762 3115 sint
787 3084 853 3114 dno
883 3083 911 3113 Β
927 3082 958 3114 2.
1053 3082 1082 3124 z)
1109 3083 1253 3124 poterint
1281 3081 1310 3112 Β
1327 3080 1358 3113 2.
1454 3080 1485 3120 ³)
1512 3085 1626 3112 autem
1650 3079 1682 3111 Β
1698 3077 1730 3111 2.
1825 3076 1857 3119 ¹¹)
1884 3089 1942 3120 per
1966 3077 2131 3109 Theman]
2157 3076 2203 3108 (le
2228 3074 2399 3116 Aquino

209 3145 406 3173 Accrrarum
434 3143 586 3173 comitem
614 3140 645 3172 Β
662 3140 692 3173 2.
803 3145 833 3181 ⁰)
859 3141 899 3171 de
925 3141 1034 3172 mand.
1061 3152 1122 3172 suo
1149 3141 1181 3171 in
1207 3140 1318 3171 anima
1343 3150 1404 3170 sua
1434 3138 1465 3169 Β
1483 3137 1513 3169 2.
1610 3135 1642 3177 d)
1668 3137 1702 3168 111
1727 3154 1772 3159 —-
1798 3136 1899 3167 rebus
1925 3135 1992 3167 des.
2011 3133 2043 3164 Β
2059 3132 2090 3166 2.
2186 3132 2215 3172 θ)
2242 3142 2303 3164 nce
2327 3141 2399 3173 per-

210 3200 313 3231 mittet
341 3200 460 3230 utl'cmli
487 3212 504 3230 a
530 3199 599 3230 suis
618 3198 649 3229 Β
666 3197 696 3230 2.
808 3195 838 3237 s)
865 3202 1073 3229 contractum
1095 3196 1196 3229 111⁴.
1291 3200 1322 3237 K)
1347 3200 1465 3228 sancte
1491 3195 1522 3226 Β
1538 3193 1570 3227 2.
1665 3192 1698 3234 11)
1724 3194 1873 3226 eiusdem
1899 3192 1979 3224 add.
1999 3191 2031 3223 Β
2047 3190 2078 3224 2.
2171 3187 2196 3230 i)
2223 3190 2292 3232 ipse
2317 3186 2396 3220 Β2.

209 3255 239 3282 k*
267 3257 428 3297 incipiunt
455 3267 572 3287 rurs-w<
592 3257 621 3286 ‚1
641 3254 671 3287 2.
697 3255 727 3287 23.
822 3253 845 3295 l)
872 3261 902 3285 et
929 3265 1049 3296 penam
1074 3254 1141 3286 (les.
1160 3253 1192 3284 Β
1210 3253 1241 3285 2.
1337 3254 1378 3294 m)
1404 3254 1444 3285 (10
1470 3264 1574 3295 reguo
1592 3251 1658 3284 des.
1677 3251 1710 3282 Β
1726 3249 1757 3283 2.
1851 3250 1886 3292 ¹¹>
1911 3254 1944 3283 et
1962 3248 2118 3281 omnibus
2136 3247 2213 3280 aliis
2230 3246 2296 3279 cles.
2317 3244 2350 3277 B
2366 3243 2396 3276 2.

210 3315 240 3353 ⁰)
266 3314 323 3353 qui
350 3320 465 3345 contra
492 3324 566 3344 eum
595 3314 740 3344 Romano
766 3312 906 3344 ecclesie
929 3312 959 3342 Β
978 3310 1008 3344 2,
1125 3310 1157 3352 Ρ)
1183 3316 1215 3343 et
1241 3311 1367 3343 dictum
1385 3308 1446 3342 Ac.
1472 3310 1626 3342 comitem
1645 3307 1677 3339 Β
1693 3306 1725 3340 2.
1836 3305 1869 3349 q)
1895 3307 1929 3339 in
1954 3306 2101 3338 animam
2117 3315 2214 3337 suam
2233 3303 2301 3336 (les.
2319 3301 2350 3333 B
2366 3300 2398 3335 2.

211 3377 237 3411 r)
264 3371 353 3411 quod
378 3370 471 3401 nullo
491 3381 638 3410 unquam
658 3375 804 3411 tempore
824 3369 987 3411 predictos
1004 3368 1036 3399 Β
1049 3366 1077 3400 2.
1175 3366 1202 3408 S)
1229 3369 1400 3410 permittet
1417 3367 1449 3398 Β
1463 3365 1494 3399 2.
1577 3365 1604 3406 t)
1630 3366 1723 3397 Rom.
1743 3363 1824 3396 eccl.
1847 3368 1924 3405 post
1940 3362 2105 3395 discordia
2122 3361 2154 3394 B
2167 3360 2197 3393 2.
2269 3359 2302 3400 ¹¹)
2329 3359 2399 3401 ipsc

212 3427 291 3458 add,
312 3426 344 3457 Β
357 3426 387 3458 2.
482 3432 512 3457 Υ)
539 3427 638 3458 etiam
659 3427 690 3457 Β
707 3426 737 3459 2.
833 3426 872 3469 w)
899 3426 986 3459 deest
1004 3426 1036 3457 Β
1052 3425 1083 3458 2.
1177 3432 1209 3465 x)
1236 3437 1298 3458 nec
1323 3425 1513 3457 devastabit
1532 3423 1562 3454 Β
1575 3421 1606 3454 2.
1699 3422 1732 3462 y)
1744 3432 1749 3437 ⁸
1761 3421 1831 3463 ipso
1850 3420 1881 3452 Β
1894 3419 1924 3452 2.
2020 3418 2050 3461 Ζ)
2076 3419 2174 3451 factis
2191 3427 2291 3459 super
2308 3415 2399 3459 pred.

212 3484 368 3515 omnihus
388 3483 418 3513 Β
432 3484 461 3515 2.
557 3488 586 3517 ³>
612 3495 671 3515 sue
698 3485 893 3525 magestatis
912 3484 943 3515 Β
956 3482 986 3515 2.
1087 3481 1119 3523 l»)
1147 3483 1284 3514 munitis
1302 3482 1334 3513 Β
1349 3481 1379 3514 2.
1475 3480 1503 3522 c)
1529 3479 1767 3512 nichilominus
1785 3477 1866 3510 aad.
1885 3476 1917 3507 Β
1933 3476 1964 3510 2.
2053 3474 2091 3517 ’(1)
2119 3475 2306 3507 iuravimus
2325 3471 2399 3505 Β2.

213 3546 240 3578 ‘si
268 3541 354 3582 pred.
382 3541 536 3571 dominu>¹
563 3541 593 3571 lu
623 3552 745 3571 rasura
773 3542 799 3571 A
825 3540 852 3572 1.
993 3538 1022 3581 f)
1057 3540 1153 3579 Quod
1184 3540 1211 3571 si
1238 3540 1331 3571 tieret
1356 3539 1388 3570 Β
1405 3537 1436 3570 2.
1578 3539 1611 3575 H)
1645 3536 1677 3567 iu
1710 3546 1851 3576 regnum
1881 3533 1909 3564 Β
1926 3532 1958 3565 2.
2100 3531 2133 3571 ¹¹)
2167 3532 2294 3564 Italiam
2322 3528 2400 3562 Β2.

213 3597 234 3630 i,
261 3597 349 3628 dee-se
368 3596 399 3627 Β
413 3598 445 3628 2.
466 3597 494 3626 ,1
515 3596 545 3628 3.
661 3595 693 3635 k)
721 3598 967 3629 emendandum
995 3597 1027 3628 Β
1044 3595 1074 3629 2.
1193 3594 1217 3637 ι)
1243 3597 1375 3637 'reliqna
1401 3596 1469 3627 (les.
1489 3594 1516 3625 A
1537 3593 1569 3626 2.
1587 3592 1616 3625 3.
1712 3592 1755 3632 Π1)
1783 3591 1871 3623 deest
1897 3591 1929 3622 Β
1947 3589 1978 3623 2.
2093 3588 2128 3631 ¹¹)
2152 3589 2296 3622 arbitros
2321 3585 2354 3619 Β
2370 3584 2402 3619 2.

214 3660 243 3693 (11
270 3662 423 3685 tenemur
451 3654 476 3683 ,1
502 3653 550 3684 l'.
670 3661 701 3691 ¹¹)
730 3661 766 3686 ut
792 3655 822 3685 Β
840 3654 870 3686 2.
989 3658 1022 3694 sl)
1048 3654 1208 3695 scriptum
1235 3658 1285 3685 est
1309 3654 1340 3686 A
1361 3653 1410 3686 l'.

2409 892 2440 916 10

2412 1234 2442 1259 15

2416 1576 2449 1601 20

2422 1921 2455 1947 25

2424 2263 2458 2288 30

2427 2608 2460 2634 35

2433 2967 2467 2991 40

2433 3251 2466 3275 45

2439 3535 2472 3559 50
