<?xml version="1.0" encoding="UTF-8"?>
<!DOCTYPE html PUBLIC "-//W3C//DTD XHTML 1.0 Transitional//EN"
    "http://www.w3.org/TR/xhtml1/DTD/xhtml1-transitional.dtd">
<html xmlns="http://www.w3.org/1999/xhtml" xml:lang="en" lang="en">
 <head>
  <title>
</title>
<meta http-equiv="Content-Type" content="text/html;charset=utf-8" />
  <meta name='ocr-system' content='tesseract 3.04.00' />
  <meta name='ocr-capabilities' content='ocr_page ocr_carea ocr_par ocr_line ocrx_word'/>
</head>
<body>
  <div class='ocr_page' id='page_1' title='image "./monumentager02geseuoft_0367.png"; bbox 0 0 2558 3970; ppageno 0'>
   <div class='ocr_carea' id='block_1_1' title="bbox 0 2635 43 3970">
    <p class='ocr_par' dir='ltr' id='par_1_1' title="bbox 0 2635 43 3970">
     <span class='ocr_line' id='line_1_1' title="bbox 0 2635 43 3970; baseline 0 0"><span class='ocrx_word' id='word_1_1' title='bbox 0 2635 43 3970; x_wconf 95' lang='lat' dir='ltr'> </span> 
     </span>
    </p>
   </div>
   <div class='ocr_carea' id='block_1_2' title="bbox 130 1020 165 1046">
    <p class='ocr_par' dir='ltr' id='par_1_2' title="bbox 130 1020 165 1046">
     <span class='ocr_line' id='line_1_2' title="bbox 130 1020 165 1046; baseline 0 0"><span class='ocrx_word' id='word_1_2' title='bbox 130 1020 165 1046; x_wconf 89' lang='lat'>10</span> 
     </span>
    </p>
   </div>
   <div class='ocr_carea' id='block_1_3' title="bbox 133 1377 164 1402">
    <p class='ocr_par' dir='ltr' id='par_1_3' title="bbox 133 1377 164 1402">
     <span class='ocr_line' id='line_1_3' title="bbox 133 1377 164 1402; baseline -0.032 0"><span class='ocrx_word' id='word_1_3' title='bbox 133 1377 164 1402; x_wconf 83' lang='lat'>15</span> 
     </span>
    </p>
   </div>
   <div class='ocr_carea' id='block_1_4' title="bbox 135 1715 168 1741">
    <p class='ocr_par' dir='ltr' id='par_1_4' title="bbox 135 1715 168 1741">
     <span class='ocr_line' id='line_1_4' title="bbox 135 1715 168 1741; baseline 0 0"><span class='ocrx_word' id='word_1_4' title='bbox 135 1715 168 1741; x_wconf 83' lang='lat'>20</span> 
     </span>
    </p>
   </div>
   <div class='ocr_carea' id='block_1_5' title="bbox 138 2064 170 2090">
    <p class='ocr_par' dir='ltr' id='par_1_5' title="bbox 138 2064 170 2090">
     <span class='ocr_line' id='line_1_5' title="bbox 138 2064 170 2090; baseline 0.031 -1"><span class='ocrx_word' id='word_1_5' title='bbox 138 2064 170 2090; x_wconf 84' lang='lat'>25</span> 
     </span>
    </p>
   </div>
   <div class='ocr_carea' id='block_1_6' title="bbox 142 2408 175 2433">
    <p class='ocr_par' dir='ltr' id='par_1_6' title="bbox 142 2408 175 2433">
     <span class='ocr_line' id='line_1_6' title="bbox 142 2408 175 2433; baseline 0 0"><span class='ocrx_word' id='word_1_6' title='bbox 142 2408 175 2433; x_wconf 83' lang='lat'>30</span> 
     </span>
    </p>
   </div>
   <div class='ocr_carea' id='block_1_7' title="bbox 143 2754 176 2781">
    <p class='ocr_par' dir='ltr' id='par_1_7' title="bbox 143 2754 176 2781">
     <span class='ocr_line' id='line_1_7' title="bbox 143 2754 176 2781; baseline 0.03 -1"><span class='ocrx_word' id='word_1_7' title='bbox 143 2754 176 2781; x_wconf 80' lang='lat'>35</span> 
     </span>
    </p>
   </div>
   <div class='ocr_carea' id='block_1_8' title="bbox 149 3456 182 3482">
    <p class='ocr_par' dir='ltr' id='par_1_8' title="bbox 149 3456 182 3482">
     <span class='ocr_line' id='line_1_8' title="bbox 149 3456 182 3482; baseline 0 0"><span class='ocrx_word' id='word_1_8' title='bbox 149 3456 182 3482; x_wconf 83' lang='lat'>45</span> 
     </span>
    </p>
   </div>
   <div class='ocr_carea' id='block_1_9' title="bbox 681 144 2391 189">
    <p class='ocr_par' dir='ltr' id='par_1_9' title="bbox 681 144 2391 189">
     <span class='ocr_line' id='line_1_9' title="bbox 681 144 2391 189; baseline 0.002 -9"><span class='ocrx_word' id='word_1_9' title='bbox 681 144 923 181; x_wconf 85' lang='lat' dir='ltr'>FRIDERICI</span> <span class='ocrx_word' id='word_1_10' title='bbox 950 145 995 180; x_wconf 90' lang='lat'>11.</span> <span class='ocrx_word' id='word_1_11' title='bbox 1021 145 1455 183; x_wconf 78' lang='lat' dir='ltr'>CONSTITUTIONES.</span> <span class='ocrx_word' id='word_1_12' title='bbox 1508 149 1604 182; x_wconf 73' lang='lat'>1:240.</span> <span class='ocrx_word' id='word_1_13' title='bbox 1656 146 1718 183; x_wconf 81' lang='lat' dir='ltr'>Nr.</span> <span class='ocrx_word' id='word_1_14' title='bbox 1736 147 1814 182; x_wconf 73' lang='lat'>233.</span> <span class='ocrx_word' id='word_1_15' title='bbox 1841 147 1917 182; x_wconf 77' lang='lat'>234.</span> <span class='ocrx_word' id='word_1_16' title='bbox 2318 150 2391 189; x_wconf 82' lang='lat'>321</span> 
     </span>
    </p>
   </div>
   <div class='ocr_carea' id='block_1_10' title="bbox 194 261 2404 867">
    <p class='ocr_par' dir='ltr' id='par_1_10' title="bbox 194 261 2404 867">
     <span class='ocr_line' id='line_1_10' title="bbox 197 261 2398 318; baseline -0.001 -14"><span class='ocrx_word' id='word_1_17' title='bbox 197 262 444 304; x_wconf 78' lang='lat' dir='ltr'>securitatis</span> <span class='ocrx_word' id='word_1_18' title='bbox 468 266 614 303; x_wconf 89' lang='lat' dir='ltr'>nostre</span> <span class='ocrx_word' id='word_1_19' title='bbox 638 261 793 302; x_wconf 85' lang='lat' dir='ltr'>fiducia</span> <span class='ocrx_word' id='word_1_20' title='bbox 818 261 870 303; x_wconf 89' lang='lat' dir='ltr'>ad</span> <span class='ocrx_word' id='word_1_21' title='bbox 894 276 1019 316; x_wconf 74' lang='lat' dir='ltr'>syno-</span> <span class='ocrx_word' id='word_1_22' title='bbox 1097 262 1351 318; x_wconf 69' lang='lat' dir='ltr'>divulgetis.</span> <span class='ocrx_word' id='word_1_23' title='bbox 1398 270 1442 304; x_wconf 84' lang='lat' dir='ltr'>ut</span> <span class='ocrx_word' id='word_1_24' title='bbox 1488 264 1629 304; x_wconf 78' lang='lat' dir='ltr'>nullus</span> <span class='ocrx_word' id='word_1_25' title='bbox 1671 264 1748 303; x_wconf 74' lang='lat' dir='ltr'>sub</span> <span class='ocrx_word' id='word_1_26' title='bbox 1783 264 2027 304; x_wconf 80' lang='lat' dir='ltr'>securitatis</span> <span class='ocrx_word' id='word_1_27' title='bbox 2061 270 2202 304; x_wconf 77' lang='lat' dir='ltr'>nostre</span> <span class='ocrx_word' id='word_1_28' title='bbox 2245 262 2398 304; x_wconf 75' lang='lat' dir='ltr'>fiducia</span> 
     </span>
     <span class='ocr_line' id='line_1_11' title="bbox 194 330 2399 388; baseline -0 -15"><span class='ocrx_word' id='word_1_29' title='bbox 194 332 294 373; x_wconf 90' lang='lat' dir='ltr'>dum</span> <span class='ocrx_word' id='word_1_30' title='bbox 318 332 456 387; x_wconf 83' lang='lat' dir='ltr'>ipsam</span> <span class='ocrx_word' id='word_1_31' title='bbox 475 330 697 381; x_wconf 72' lang='lat' dir='ltr'>accedatk‚</span> <span class='ocrx_word' id='word_1_32' title='bbox 723 331 857 371; x_wconf 90' lang='lat' dir='ltr'>sicut¹</span> <span class='ocrx_word' id='word_1_33' title='bbox 882 345 1022 372; x_wconf 88' lang='lat' dir='ltr'>rerum</span> <span class='ocrx_word' id='word_1_34' title='bbox 1097 333 1147 373; x_wconf 83' lang='lat' dir='ltr'>ad</span> <span class='ocrx_word' id='word_1_35' title='bbox 1195 332 1407 387; x_wconf 70' lang='lat' dir='ltr'>synodum</span> <span class='ocrx_word' id='word_1_36' title='bbox 1458 333 1594 388; x_wconf 82' lang='lat' dir='ltr'>ipsam</span> <span class='ocrx_word' id='word_1_37' title='bbox 1635 332 1826 373; x_wconf 70' lang='lat' dir='ltr'>accedat.</span> <span class='ocrx_word' id='word_1_38' title='bbox 1895 332 1983 372; x_wconf 83' lang='lat' dir='ltr'>Nos</span> <span class='ocrx_word' id='word_1_39' title='bbox 2023 332 2135 372; x_wconf 88' lang='lat' dir='ltr'>enim</span> <span class='ocrx_word' id='word_1_40' title='bbox 2170 337 2399 387; x_wconf 84' lang='lat' dir='ltr'>quantum-</span> 
     </span>
     <span class='ocr_line' id='line_1_12' title="bbox 201 400 2400 456; baseline -0.001 -14"><span class='ocrx_word' id='word_1_41' title='bbox 201 405 244 442; x_wconf 86' lang='lat' dir='ltr'>et</span> <span class='ocrx_word' id='word_1_42' title='bbox 302 414 488 456; x_wconf 84' lang='lat' dir='ltr'><strong>persone</strong></span> <span class='ocrx_word' id='word_1_43' title='bbox 540 400 724 441; x_wconf 87' lang='lat' dir='ltr'>voluerit</span> <span class='ocrx_word' id='word_1_44' title='bbox 782 400 1021 454; x_wconf 86' lang='lat' dir='ltr'>perieulum</span> <span class='ocrx_word' id='word_1_45' title='bbox 1097 414 1265 454; x_wconf 91' lang='lat' dir='ltr'>cunque</span> <span class='ocrx_word' id='word_1_46' title='bbox 1290 402 1411 455; x_wconf 87' lang='lat' dir='ltr'>regni</span> <span class='ocrx_word' id='word_1_47' title='bbox 1433 402 1564 441; x_wconf 85' lang='lat' dir='ltr'>vestri</span> <span class='ocrx_word' id='word_1_48' title='bbox 1590 400 1785 441; x_wconf 84' lang='lat' dir='ltr'>fidelibus</span> <span class='ocrx_word' id='word_1_49' title='bbox 1810 401 1862 441; x_wconf 88' lang='lat' dir='ltr'>ob</span> <span class='ocrx_word' id='word_1_50' title='bbox 1882 415 2070 441; x_wconf 83' lang='lat' dir='ltr'>amorem</span> <span class='ocrx_word' id='word_1_51' title='bbox 2096 401 2400 456; x_wconf 71' lang='lat' dir='ltr'>precipuumffl,</span> 
     </span>
     <span class='ocr_line' id='line_1_13' title="bbox 199 469 2400 523; baseline -0.001 -12"><span class='ocrx_word' id='word_1_52' title='bbox 199 470 376 511; x_wconf 85' lang='lat' dir='ltr'>evitare.</span> <span class='ocrx_word' id='word_1_53' title='bbox 1097 482 1223 523; x_wconf 90' lang='lat' dir='ltr'>quem</span> <span class='ocrx_word' id='word_1_54' title='bbox 1268 483 1371 523; x_wconf 83' lang='lat' dir='ltr'>erga</span> <span class='ocrx_word' id='word_1_55' title='bbox 1414 476 1515 510; x_wconf 70' lang='lat' dir='ltr'>vesu</span> <span class='ocrx_word' id='word_1_56' title='bbox 1553 470 1763 523; x_wconf 83' lang='lat' dir='ltr'>gerimus.</span> <span class='ocrx_word' id='word_1_57' title='bbox 1816 470 2097 510; x_wconf 82' lang='lat' dir='ltr'>libentissime</span> <span class='ocrx_word' id='word_1_58' title='bbox 2140 469 2400 510; x_wconf 82' lang='lat' dir='ltr'>deferamus.</span> 
     </span>
     <span class='ocr_line' id='line_1_14' title="bbox 1096 537 2403 594; baseline 0 -16"><span class='ocrx_word' id='word_1_59' title='bbox 1096 543 1477 593; x_wconf 82' lang='lat' dir='ltr'>presumptuosam</span> <span class='ocrx_word' id='word_1_60' title='bbox 1520 543 1663 578; x_wconf 84' lang='lat' dir='ltr'>tamen</span> <span class='ocrx_word' id='word_1_61' title='bbox 1707 537 1958 578; x_wconf 68' lang='grc' dir='ltr'>ειιιὼιοὶιιιη0</span> <span class='ocrx_word' id='word_1_62' title='bbox 2000 552 2166 579; x_wconf 88' lang='lat' dir='ltr'>eorum.</span> <span class='ocrx_word' id='word_1_63' title='bbox 2217 539 2316 594; x_wconf 81' lang='lat' dir='ltr'>quip</span> <span class='ocrx_word' id='word_1_64' title='bbox 2350 537 2403 578; x_wconf 85' lang='lat' dir='ltr'>ad</span> 
     </span>
     <span class='ocr_line' id='line_1_15' title="bbox 1096 606 2402 655; baseline 0.002 -9"><span class='ocrx_word' id='word_1_65' title='bbox 1096 606 1256 646; x_wconf 86' lang='lat' dir='ltr'>inimici</span> <span class='ocrx_word' id='word_1_66' title='bbox 1317 608 1450 647; x_wconf 82' lang='lat' dir='ltr'>nostri</span> <span class='ocrx_word' id='word_1_67' title='bbox 1507 607 1784 647; x_wconf 83' lang='lat' dir='ltr'>vocacionem</span> <span class='ocrx_word' id='word_1_68' title='bbox 1847 606 2124 655; x_wconf 72' lang='lat' dir='ltr'><strong>accederent,</strong></span> <span class='ocrx_word' id='word_1_69' title='bbox 2190 623 2264 649; x_wconf 88' lang='lat' dir='ltr'>nos</span> <span class='ocrx_word' id='word_1_70' title='bbox 2318 621 2402 648; x_wconf 91' lang='lat' dir='ltr'>non</span> 
     </span>
     <span class='ocr_line' id='line_1_16' title="bbox 1098 674 2108 730; baseline 0.001 -14"><span class='ocrx_word' id='word_1_71' title='bbox 1098 674 1276 716; x_wconf 82' lang='lat' dir='ltr'>deceret</span> <span class='ocrx_word' id='word_1_72' title='bbox 1308 676 1556 717; x_wconf 84' lang='lat' dir='ltr'>ullatenusq</span> <span class='ocrx_word' id='word_1_73' title='bbox 1592 676 1878 730; x_wconf 84' lang='lat' dir='ltr'>equanimiter</span> <span class='ocrx_word' id='word_1_74' title='bbox 1910 676 2108 717; x_wconf 84' lang='lat' dir='ltr'>tolerare.</span> 
     </span>
     <span class='ocr_line' id='line_1_17' title="bbox 1183 743 2404 796; baseline 0.001 -11"><span class='ocrx_word' id='word_1_75' title='bbox 1183 743 1343 785; x_wconf 89' lang='lat' dir='ltr'>Datum</span> <span class='ocrx_word' id='word_1_76' title='bbox 1388 745 1452 785; x_wconf 77' lang='lat' dir='ltr'>in¹</span> <span class='ocrx_word' id='word_1_77' title='bbox 1493 744 1646 785; x_wconf 83' lang='lat' dir='ltr'>castris</span> <span class='ocrx_word' id='word_1_78' title='bbox 1680 744 1722 784; x_wconf 90' lang='lat' dir='ltr'>in</span> <span class='ocrx_word' id='word_1_79' title='bbox 1755 743 1978 785; x_wconf 82' lang='lat' dir='ltr'>obsidione</span> <span class='ocrx_word' id='word_1_80' title='bbox 2012 743 2236 796; x_wconf 79' lang='lat' dir='ltr'>Faventic,</span> <span class='ocrx_word' id='word_1_81' title='bbox 2279 744 2404 786; x_wconf 76' lang='lat' dir='ltr'>Xlll.</span> 
     </span>
     <span class='ocr_line' id='line_1_18' title="bbox 1097 812 1848 867; baseline -0.001 -14"><span class='ocrx_word' id='word_1_82' title='bbox 1097 812 1382 867; x_wconf 78' lang='lat' dir='ltr'>Septembris,</span> <span class='ocrx_word' id='word_1_83' title='bbox 1416 812 1566 853; x_wconf 78' lang='lat' dir='ltr'>XIIII.</span> <span class='ocrx_word' id='word_1_84' title='bbox 1601 812 1848 853; x_wconf 88' lang='lat' dir='ltr'>indictione.</span> 
     </span>
    </p>
   </div>
   <div class='ocr_carea' id='block_1_11' title="bbox 670 1005 1934 1051">
    <p class='ocr_par' dir='ltr' id='par_1_11' title="bbox 670 1005 1934 1051">
     <span class='ocr_line' id='line_1_19' title="bbox 670 1005 1934 1051; baseline -0.001 -2"><span class='ocrx_word' id='word_1_85' title='bbox 670 1005 774 1049; x_wconf 80' lang='lat'>234.</span> <span class='ocrx_word' id='word_1_86' title='bbox 818 1005 1193 1051; x_wconf 82' lang='lat' dir='ltr'><strong><em>MANDATUM</em></strong></span> <span class='ocrx_word' id='word_1_87' title='bbox 1220 1006 1308 1049; x_wconf 77' lang='lat' dir='ltr'>AD</span> <span class='ocrx_word' id='word_1_88' title='bbox 1345 1005 1614 1049; x_wconf 85' lang='lat' dir='ltr'><strong><em>IMPERII</em></strong></span> <span class='ocrx_word' id='word_1_89' title='bbox 1649 1005 1934 1049; x_wconf 86' lang='lat' dir='ltr'>FIDELES.</span> 
     </span>
    </p>
   </div>
   <div class='ocr_carea' id='block_1_12' title="bbox 200 1086 2411 1486">
    <p class='ocr_par' dir='ltr' id='par_1_12' title="bbox 200 1086 2411 1486">
     <span class='ocr_line' id='line_1_20' title="bbox 343 1086 2407 1142; baseline -0.001 -13"><span class='ocrx_word' id='word_1_90' title='bbox 343 1087 614 1138; x_wconf 75' lang='lat' dir='ltr'>Mandatum,</span> <span class='ocrx_word' id='word_1_91' title='bbox 646 1101 726 1142; x_wconf 81' lang='lat' dir='ltr'>quo</span> <span class='ocrx_word' id='word_1_92' title='bbox 747 1089 973 1141; x_wconf 76' lang='lat' dir='ltr'>imperator</span> <span class='ocrx_word' id='word_1_93' title='bbox 994 1088 1184 1130; x_wconf 74' lang='lat' dir='ltr'>omnibus</span> <span class='ocrx_word' id='word_1_94' title='bbox 1209 1088 1375 1140; x_wconf 73' lang='lat' dir='ltr'>imperii</span> <span class='ocrx_word' id='word_1_95' title='bbox 1393 1088 1588 1140; x_wconf 74' lang='lat' dir='ltr'>fidelibus</span> <span class='ocrx_word' id='word_1_96' title='bbox 1611 1088 1832 1142; x_wconf 68' lang='lat' dir='ltr'>praecipit,</span> <span class='ocrx_word' id='word_1_97' title='bbox 1864 1090 1910 1127; x_wconf 76' lang='lat' dir='ltr'>ut</span> <span class='ocrx_word' id='word_1_98' title='bbox 1932 1088 2148 1139; x_wconf 76' lang='lat' dir='ltr'>praelatos</span> <span class='ocrx_word' id='word_1_99' title='bbox 2171 1086 2227 1128; x_wconf 81' lang='lat' dir='ltr'>ad</span> <span class='ocrx_word' id='word_1_100' title='bbox 2247 1086 2407 1127; x_wconf 79' lang='lat' dir='ltr'>curiam</span> 
     </span>
     <span class='ocr_line' id='line_1_21' title="bbox 200 1155 2405 1212; baseline -0.001 -14"><span class='ocrx_word' id='word_1_101' title='bbox 200 1159 342 1200; x_wconf 78' lang='lat' dir='ltr'>euntes</span> <span class='ocrx_word' id='word_1_102' title='bbox 362 1158 544 1212; x_wconf 76' lang='lat' dir='ltr'>capiant,</span> <span class='ocrx_word' id='word_1_103' title='bbox 566 1171 605 1199; x_wconf 84' lang='lat' dir='ltr'>a.</span> <span class='ocrx_word' id='word_1_104' title='bbox 626 1159 738 1199; x_wconf 74' lang='lat'>1240</span> <span class='ocrx_word' id='word_1_105' title='bbox 768 1160 940 1199; x_wconf 73' lang='lat' dir='ltr'>excunte</span> <span class='ocrx_word' id='word_1_106' title='bbox 967 1158 1278 1210; x_wconf 70' lang='lat' dir='ltr'>pronmlyatum</span> <span class='ocrx_word' id='word_1_107' title='bbox 1309 1157 1467 1198; x_wconf 71' lang='lat' dir='ltr'>edimus</span> <span class='ocrx_word' id='word_1_108' title='bbox 1491 1170 1563 1209; x_wconf 77' lang='lat' dir='ltr'>ope</span> <span class='ocrx_word' id='word_1_109' title='bbox 1601 1157 1637 1211; x_wconf 91' lang='grc'>1)</span> <span class='ocrx_word' id='word_1_110' title='bbox 1662 1157 1810 1198; x_wconf 76' lang='lat' dir='ltr'>codicis</span> <span class='ocrx_word' id='word_1_111' title='bbox 1834 1155 2028 1197; x_wconf 76' lang='lat' dir='ltr'>Parisini</span> <span class='ocrx_word' id='word_1_112' title='bbox 2052 1157 2190 1197; x_wconf 76' lang='lat'><em>13059</em></span> <span class='ocrx_word' id='word_1_113' title='bbox 2213 1155 2278 1209; x_wconf 84' lang='lat' dir='ltr'>(S.</span> <span class='ocrx_word' id='word_1_114' title='bbox 2301 1155 2405 1197; x_wconf 83' lang='lat' dir='ltr'>Ger-</span> 
     </span>
     <span class='ocr_line' id='line_1_22' title="bbox 202 1225 2411 1282; baseline -0.001 -14"><span class='ocrx_word' id='word_1_115' title='bbox 202 1226 320 1268; x_wconf 82' lang='lat' dir='ltr'>maz&#39;n</span> <span class='ocrx_word' id='word_1_116' title='bbox 351 1226 521 1281; x_wconf 76' lang='lat' dir='ltr'>Harlay</span> <span class='ocrx_word' id='word_1_117' title='bbox 547 1227 652 1278; x_wconf 79' lang='lat'>455)</span> <span class='ocrx_word' id='word_1_118' title='bbox 689 1239 794 1269; x_wconf 80' lang='lat' dir='ltr'>saec.</span> <span class='ocrx_word' id='word_1_119' title='bbox 819 1226 1080 1268; x_wconf 90' lang='lat' dir='ltr'><strong><em>XIII—XI</em></strong></span> <span class='ocrx_word' id='word_1_120' title='bbox 1091 1226 1136 1269; x_wconf 88' lang='lat' dir='ltr'>V.</span> <span class='ocrx_word' id='word_1_121' title='bbox 1173 1239 1277 1279; x_wconf 75' lang='lat' dir='ltr'>pars</span> <span class='ocrx_word' id='word_1_122' title='bbox 1299 1226 1330 1268; x_wconf 91' lang='lat' dir='ltr'><strong><em>I</em></strong></span> <span class='ocrx_word' id='word_1_123' title='bbox 1351 1226 1432 1282; x_wconf 77' lang='lat' dir='ltr'>fol.</span> <span class='ocrx_word' id='word_1_124' title='bbox 1457 1228 1525 1277; x_wconf 84' lang='lat'>16,·</span> <span class='ocrx_word' id='word_1_125' title='bbox 1557 1226 1601 1278; x_wconf 82' lang='grc'>2)</span> <span class='ocrx_word' id='word_1_126' title='bbox 1634 1226 1828 1266; x_wconf 70' lang='lat' dir='ltr'>editionis</span> <span class='ocrx_word' id='word_1_127' title='bbox 1858 1225 2100 1274; x_wconf 74' lang='grc' dir='ltr'>Ηιιίίῖιινιῖί,</span> <span class='ocrx_word' id='word_1_128' title='bbox 2133 1225 2206 1277; x_wconf 60' lang='lat' dir='ltr'>qm?</span> <span class='ocrx_word' id='word_1_129' title='bbox 2240 1227 2411 1276; x_wconf 76' lang='lat' dir='ltr'>practer</span> 
     </span>
     <span class='ocr_line' id='line_1_23' title="bbox 201 1293 2411 1350; baseline -0.002 -13"><span class='ocrx_word' id='word_1_130' title='bbox 201 1295 373 1338; x_wconf 78' lang='lat' dir='ltr'>codicem</span> <span class='ocrx_word' id='word_1_131' title='bbox 402 1298 427 1336; x_wconf 92' lang='lat'><strong><em>1</em></strong></span> <span class='ocrx_word' id='word_1_132' title='bbox 458 1297 582 1337; x_wconf 74' lang='lat' dir='ltr'>etiam</span> <span class='ocrx_word' id='word_1_133' title='bbox 620 1296 792 1338; x_wconf 79' lang='lat' dir='ltr'>codicem</span> <span class='ocrx_word' id='word_1_134' title='bbox 832 1295 1167 1348; x_wconf 71' lang='lat' dir='ltr'>Phillipsiawum</span> <span class='ocrx_word' id='word_1_135' title='bbox 1196 1297 1310 1336; x_wconf 81' lang='lat'><em>8390</em></span> <span class='ocrx_word' id='word_1_136' title='bbox 1346 1295 1558 1345; x_wconf 69' lang='lat' dir='ltr'>czdkibm‘t,⁸</span> <span class='ocrx_word' id='word_1_137' title='bbox 1598 1295 1642 1350; x_wconf 87' lang='lat'>3)</span> <span class='ocrx_word' id='word_1_138' title='bbox 1676 1294 1825 1336; x_wconf 71' lang='lat' dir='ltr'>codicis</span> <span class='ocrx_word' id='word_1_139' title='bbox 1866 1294 2192 1348; x_wconf 59' lang='lat' dir='ltr'>Guelfhrbylcmi,</span> <span class='ocrx_word' id='word_1_140' title='bbox 2223 1293 2330 1346; x_wconf 69' lang='lat' dir='ltr'>Any.</span> <span class='ocrx_word' id='word_1_141' title='bbox 2355 1293 2411 1333; x_wconf 78' lang='lat'>4⁰</span> 
     </span>
     <span class='ocr_line' id='line_1_24' title="bbox 200 1361 2409 1421; baseline -0.002 -15"><span class='ocrx_word' id='word_1_142' title='bbox 200 1364 335 1408; x_wconf 92' lang='lat' dir='ltr'><strong><em>XIII.</em></strong></span> <span class='ocrx_word' id='word_1_143' title='bbox 359 1367 398 1416; x_wconf 85' lang='lat'>3,</span> <span class='ocrx_word' id='word_1_144' title='bbox 423 1364 503 1420; x_wconf 82' lang='lat' dir='ltr'>fol.</span> <span class='ocrx_word' id='word_1_145' title='bbox 526 1361 618 1416; x_wconf 56' lang='lat'>492·</span> <span class='ocrx_word' id='word_1_146' title='bbox 648 1365 694 1421; x_wconf 81' lang='lat'>4)</span> <span class='ocrx_word' id='word_1_147' title='bbox 725 1365 875 1407; x_wconf 69' lang='lat' dir='ltr'>codicis</span> <span class='ocrx_word' id='word_1_148' title='bbox 905 1366 1074 1420; x_wconf 59' lang='lat' dir='ltr'>reginae</span> <span class='ocrx_word' id='word_1_149' title='bbox 1107 1365 1292 1415; x_wconf 74' lang='lat' dir='ltr'>Szccciac,</span> <span class='ocrx_word' id='word_1_150' title='bbox 1325 1379 1443 1418; x_wconf 75' lang='lat' dir='ltr'>quem</span> <span class='ocrx_word' id='word_1_151' title='bbox 1474 1365 1653 1406; x_wconf 67' lang='lat' dir='ltr'>excussit</span> <span class='ocrx_word' id='word_1_152' title='bbox 1677 1364 1874 1405; x_wconf 58' lang='lat' dir='ltr'>Mat-tene</span> <span class='ocrx_word' id='word_1_153' title='bbox 1907 1363 2115 1406; x_wconf 71' lang='lat' dir='ltr'>‘Collecte‘o</span> <span class='ocrx_word' id='word_1_154' title='bbox 2136 1363 2409 1415; x_wconf 75' lang='lat' dir='ltr'>amplissima’</span> 
     </span>
     <span class='ocr_line' id='line_1_25' title="bbox 200 1433 2134 1486; baseline -0.002 -10"><span class='ocrx_word' id='word_1_155' title='bbox 200 1434 263 1485; x_wconf 81' lang='lat' dir='ltr'>II,</span> <span class='ocrx_word' id='word_1_156' title='bbox 286 1436 398 1476; x_wconf 75' lang='lat'>1146</span> <span class='ocrx_word' id='word_1_157' title='bbox 428 1447 495 1477; x_wconf 77' lang='lat' dir='ltr'>nr.</span> <span class='ocrx_word' id='word_1_158' title='bbox 521 1437 586 1477; x_wconf 88' lang='grc'>13.</span> <span class='ocrx_word' id='word_1_159' title='bbox 620 1460 673 1465; x_wconf 87' lang='grc'><strong>-</strong></span> <span class='ocrx_word' id='word_1_160' title='bbox 705 1434 1176 1477; x_wconf 76' lang='lat' dir='ltr'>Huillard-Bre&#39;holles</span> <span class='ocrx_word' id='word_1_161' title='bbox 1207 1434 1251 1485; x_wconf 87' lang='lat' dir='ltr'>V,</span> <span class='ocrx_word' id='word_1_162' title='bbox 1274 1435 1398 1476; x_wconf 85' lang='grc'><em>1089.</em></span> <span class='ocrx_word' id='word_1_163' title='bbox 1461 1433 1656 1484; x_wconf 75' lang='grc' dir='ltr'>ΒὸῘιηιεν,</span> <span class='ocrx_word' id='word_1_164' title='bbox 1690 1433 1790 1486; x_wconf 73' lang='lat' dir='ltr'>Rcy.</span> <span class='ocrx_word' id='word_1_165' title='bbox 1816 1434 1910 1485; x_wconf 77' lang='lat' dir='ltr'>imp.</span> <span class='ocrx_word' id='word_1_166' title='bbox 1946 1433 1987 1483; x_wconf 89' lang='lat' dir='ltr'>V,</span> <span class='ocrx_word' id='word_1_167' title='bbox 2009 1434 2134 1474; x_wconf 74' lang='lat'>3145.</span> 
     </span>
    </p>
   </div>
   <div class='ocr_carea' id='block_1_13' title="bbox 347 1502 2269 1618">
    <p class='ocr_par' dir='ltr' id='par_1_13' title="bbox 347 1502 2269 1618">
     <span class='ocr_line' id='line_1_26' title="bbox 347 1502 2269 1618; baseline -0.014 -14"><span class='ocrx_word' id='word_1_168' title='bbox 347 1561 624 1604; x_wconf 60' lang='lat' dir='ltr'>“Fridericus-</span> <span class='ocrx_word' id='word_1_169' title='bbox 651 1563 754 1604; x_wconf 84' lang='lat' dir='ltr'>etc.b</span> <span class='ocrx_word' id='word_1_170' title='bbox 786 1563 1002 1605; x_wconf 90' lang='lat' dir='ltr'>universis</span> <span class='ocrx_word' id='word_1_171' title='bbox 1035 1562 1205 1618; x_wconf 89' lang='lat' dir='ltr'>imperii</span> <span class='ocrx_word' id='word_1_172' title='bbox 1239 1561 1439 1603; x_wconf 92' lang='lat' dir='ltr'>fidelibus</span> <span class='ocrx_word' id='word_1_173' title='bbox 1473 1562 1577 1602; x_wconf 86' lang='lat' dir='ltr'>etc.b</span> <span class='ocrx_word' id='word_1_174' title='bbox 2032 1502 2102 1555; x_wconf 60' lang='grc' dir='ltr'>(Β</span> <span class='ocrx_word' id='word_1_175' title='bbox 2126 1502 2269 1555; x_wconf 45' lang='lat' dir='ltr'>dees&amp;</span> 
     </span>
    </p>
   </div>
   <div class='ocr_carea' id='block_1_14' title="bbox 204 1629 2420 3008">
    <p class='ocr_par' dir='ltr' id='par_1_14' title="bbox 204 1629 2420 3008">
     <span class='ocr_line' id='line_1_27' title="bbox 346 1629 2413 1688; baseline -0.002 -15"><span class='ocrx_word' id='word_1_176' title='bbox 346 1631 441 1673; x_wconf 89' lang='lat' dir='ltr'>Hoc</span> <span class='ocrx_word' id='word_1_177' title='bbox 475 1636 541 1673; x_wconf 89' lang='lat' dir='ltr'>est</span> <span class='ocrx_word' id='word_1_178' title='bbox 573 1631 794 1674; x_wconf 89' lang='lat' dir='ltr'>fidelitatis</span> <span class='ocrx_word' id='word_1_179' title='bbox 829 1632 1022 1674; x_wconf 89' lang='lat' dir='ltr'>debitum</span> <span class='ocrx_word' id='word_1_180' title='bbox 1057 1646 1140 1688; x_wconf 91' lang='lat' dir='ltr'>quo</span> <span class='ocrx_word' id='word_1_181' title='bbox 1175 1631 1361 1673; x_wconf 89' lang='lat' dir='ltr'>subiecti</span> <span class='ocrx_word' id='word_1_182' title='bbox 1396 1635 1597 1672; x_wconf 88' lang='lat' dir='ltr'>tenentur</span> <span class='ocrx_word' id='word_1_183' title='bbox 1629 1630 1682 1671; x_wconf 91' lang='lat' dir='ltr'>ad</span> <span class='ocrx_word' id='word_1_184' title='bbox 1715 1629 1930 1679; x_wconf 89' lang='lat' dir='ltr'>dominos,</span> <span class='ocrx_word' id='word_1_185' title='bbox 1971 1629 2051 1671; x_wconf 91' lang='lat' dir='ltr'>hee</span> <span class='ocrx_word' id='word_1_186' title='bbox 2085 1634 2151 1670; x_wconf 88' lang='lat' dir='ltr'>est</span> <span class='ocrx_word' id='word_1_187' title='bbox 2183 1629 2413 1683; x_wconf 85' lang='lat' dir='ltr'>singularis</span> 
     </span>
     <span class='ocr_line' id='line_1_28' title="bbox 205 1698 2412 1757; baseline -0.001 -15"><span class='ocrx_word' id='word_1_188' title='bbox 205 1701 406 1742; x_wconf 77' lang='lat' dir='ltr'>devotio⁰</span> <span class='ocrx_word' id='word_1_189' title='bbox 439 1715 521 1756; x_wconf 91' lang='lat' dir='ltr'>que</span> <span class='ocrx_word' id='word_1_190' title='bbox 555 1700 751 1749; x_wconf 87' lang='lat' dir='ltr'>debetur,</span> <span class='ocrx_word' id='word_1_191' title='bbox 784 1706 831 1742; x_wconf 91' lang='lat' dir='ltr'>ut</span> <span class='ocrx_word' id='word_1_192' title='bbox 863 1702 906 1743; x_wconf 92' lang='lat' dir='ltr'>in</span> <span class='ocrx_word' id='word_1_193' title='bbox 939 1702 1021 1743; x_wconf 92' lang='lat' dir='ltr'>hiis</span> <span class='ocrx_word' id='word_1_194' title='bbox 1054 1715 1137 1757; x_wconf 90' lang='lat' dir='ltr'>que</span> <span class='ocrx_word' id='word_1_195' title='bbox 1173 1706 1272 1743; x_wconf 89' lang='lat' dir='ltr'>sunt</span> <span class='ocrx_word' id='word_1_196' title='bbox 1305 1701 1434 1742; x_wconf 79' lang='lat' dir='ltr'>noxia</span> <span class='ocrx_word' id='word_1_197' title='bbox 1468 1700 1550 1741; x_wconf 87' lang='lat' dir='ltr'>sibi</span> <span class='ocrx_word' id='word_1_198' title='bbox 1593 1705 1775 1741; x_wconf 87' lang='lat' dir='ltr'>caveant</span> <span class='ocrx_word' id='word_1_199' title='bbox 1815 1704 1857 1740; x_wconf 89' lang='lat' dir='ltr'>et</span> <span class='ocrx_word' id='word_1_200' title='bbox 1889 1699 1941 1740; x_wconf 92' lang='lat' dir='ltr'>ad</span> <span class='ocrx_word' id='word_1_201' title='bbox 1976 1713 2027 1740; x_wconf 88' lang='lat' dir='ltr'>ea</span> <span class='ocrx_word' id='word_1_202' title='bbox 2049 1713 2131 1754; x_wconf 90' lang='lat' dir='ltr'>que</span> <span class='ocrx_word' id='word_1_203' title='bbox 2156 1698 2284 1739; x_wconf 81' lang='lat' dir='ltr'>suntd</span> <span class='ocrx_word' id='word_1_204' title='bbox 2318 1713 2412 1754; x_wconf 90' lang='lat' dir='ltr'>pro-</span> 
     </span>
     <span class='ocr_line' id='line_1_29' title="bbox 204 1769 2414 1826; baseline -0.001 -16"><span class='ocrx_word' id='word_1_205' title='bbox 204 1769 378 1812; x_wconf 76' lang='lat' dir='ltr'>futura⁰</span> <span class='ocrx_word' id='word_1_206' title='bbox 410 1769 641 1825; x_wconf 85' lang='lat' dir='ltr'>diligenter</span> <span class='ocrx_word' id='word_1_207' title='bbox 673 1771 911 1813; x_wconf 85' lang='lat' dir='ltr'>intendant.</span> <span class='ocrx_word' id='word_1_208' title='bbox 976 1770 1085 1812; x_wconf 87' lang='lat' dir='ltr'>Cum</span> <span class='ocrx_word' id='word_1_209' title='bbox 1118 1771 1249 1826; x_wconf 88' lang='lat' dir='ltr'>igitur</span> <span class='ocrx_word' id='word_1_210' title='bbox 1280 1769 1440 1812; x_wconf 84' lang='lat' dir='ltr'>nedum</span> <span class='ocrx_word' id='word_1_211' title='bbox 1472 1770 1681 1826; x_wconf 83' lang='lat' dir='ltr'>proximis</span> <span class='ocrx_word' id='word_1_212' title='bbox 1715 1776 1757 1810; x_wconf 87' lang='lat' dir='ltr'>et</span> <span class='ocrx_word' id='word_1_213' title='bbox 1792 1770 1982 1820; x_wconf 90' lang='lat' dir='ltr'>remotis,</span> <span class='ocrx_word' id='word_1_214' title='bbox 2018 1773 2084 1809; x_wconf 86' lang='lat' dir='ltr'>set</span> <span class='ocrx_word' id='word_1_215' title='bbox 2118 1769 2172 1809; x_wconf 85' lang='lat' dir='ltr'>sit</span> <span class='ocrx_word' id='word_1_216' title='bbox 2206 1769 2414 1809; x_wconf 87' lang='lat' dir='ltr'>notorium</span> 
     </span>
     <span class='ocr_line' id='line_1_30' title="bbox 204 1837 2415 1896; baseline -0.001 -16"><span class='ocrx_word' id='word_1_217' title='bbox 204 1840 284 1880; x_wconf 90' lang='lat' dir='ltr'>toti</span> <span class='ocrx_word' id='word_1_218' title='bbox 318 1840 408 1881; x_wconf 90' lang='lat' dir='ltr'>orbi</span> <span class='ocrx_word' id='word_1_219' title='bbox 441 1844 667 1887; x_wconf 79' lang='lat' dir='ltr'>terrarum.</span> <span class='ocrx_word' id='word_1_220' title='bbox 701 1845 862 1896; x_wconf 91' lang='lat' dir='ltr'>quanta</span> <span class='ocrx_word' id='word_1_221' title='bbox 895 1840 1132 1882; x_wconf 70' lang='lat' dir='ltr'>dissensios</span> <span class='ocrx_word' id='word_1_222' title='bbox 1162 1847 1267 1896; x_wconf 77' lang='lat' dir='ltr'>perg</span> <span class='ocrx_word' id='word_1_223' title='bbox 1298 1839 1545 1880; x_wconf 86' lang='lat' dir='ltr'>Romanum</span> <span class='ocrx_word' id='word_1_224' title='bbox 1578 1838 1825 1894; x_wconf 87' lang='lat' dir='ltr'>pontificem</span> <span class='ocrx_word' id='word_1_225' title='bbox 1857 1837 2123 1892; x_wconf 79' lang='lat' dir='ltr'>generaliter</span> <span class='ocrx_word' id='word_1_226' title='bbox 2146 1838 2201 1878; x_wconf 89' lang='lat' dir='ltr'>sit</span> <span class='ocrx_word' id='word_1_227' title='bbox 2225 1838 2415 1887; x_wconf 81' lang='lat' dir='ltr'>suborta,</span> 
     </span>
     <span class='ocr_line' id='line_1_31' title="bbox 207 1906 2415 1964; baseline -0.002 -14"><span class='ocrx_word' id='word_1_228' title='bbox 207 1908 280 1950; x_wconf 82' lang='lat' dir='ltr'>et¹1</span> <span class='ocrx_word' id='word_1_229' title='bbox 311 1909 517 1964; x_wconf 90' lang='lat' dir='ltr'>generale</span> <span class='ocrx_word' id='word_1_230' title='bbox 550 1909 709 1951; x_wconf 90' lang='lat' dir='ltr'>nedum</span> <span class='ocrx_word' id='word_1_231' title='bbox 740 1910 783 1950; x_wconf 91' lang='lat' dir='ltr'>in</span> <span class='ocrx_word' id='word_1_232' title='bbox 816 1909 999 1951; x_wconf 86' lang='lat' dir='ltr'>ruinami</span> <span class='ocrx_word' id='word_1_233' title='bbox 1033 1909 1159 1960; x_wconf 90' lang='lat' dir='ltr'>cleri,</span> <span class='ocrx_word' id='word_1_234' title='bbox 1193 1907 1287 1950; x_wconf 75' lang='lat' dir='ltr'>setk</span> <span class='ocrx_word' id='word_1_235' title='bbox 1318 1908 1450 1949; x_wconf 90' lang='lat' dir='ltr'>totius</span> <span class='ocrx_word' id='word_1_236' title='bbox 1484 1906 1715 1948; x_wconf 87' lang='lat' dir='ltr'>discrimen</span> <span class='ocrx_word' id='word_1_237' title='bbox 1748 1907 1894 1963; x_wconf 88' lang='lat' dir='ltr'>populi</span> <span class='ocrx_word' id='word_1_238' title='bbox 1919 1907 2143 1947; x_wconf 87' lang='lat' dir='ltr'>christiani</span> <span class='ocrx_word' id='word_1_239' title='bbox 2166 1906 2415 1947; x_wconf 86' lang='lat' dir='ltr'>scandalum</span> 
     </span>
     <span class='ocr_line' id='line_1_32' title="bbox 207 1976 2413 2035; baseline -0.002 -14"><span class='ocrx_word' id='word_1_240' title='bbox 207 1983 431 2035; x_wconf 79' lang='lat' dir='ltr'>augeatur,</span> <span class='ocrx_word' id='word_1_241' title='bbox 472 1984 516 2021; x_wconf 91' lang='lat' dir='ltr'>et</span> <span class='ocrx_word' id='word_1_242' title='bbox 549 1980 673 2034; x_wconf 86' lang='lat' dir='ltr'>signa</span> <span class='ocrx_word' id='word_1_243' title='bbox 705 1978 805 2035; x_wconf 91' lang='lat' dir='ltr'>quel</span> <span class='ocrx_word' id='word_1_244' title='bbox 837 1979 890 2020; x_wconf 91' lang='lat' dir='ltr'>ab</span> <span class='ocrx_word' id='word_1_245' title='bbox 923 1979 1028 2034; x_wconf 87' lang='lat' dir='ltr'>ipsis</span> <span class='ocrx_word' id='word_1_246' title='bbox 1072 1978 1289 2034; x_wconf 89' lang='lat' dir='ltr'>prodeunt</span> <span class='ocrx_word' id='word_1_247' title='bbox 1328 1982 1405 2018; x_wconf 76' lang='lat' dir='ltr'>etm</span> <span class='ocrx_word' id='word_1_248' title='bbox 1444 1982 1650 2032; x_wconf 87' lang='lat' dir='ltr'>precepta</span> <span class='ocrx_word' id='word_1_249' title='bbox 1689 1977 1730 2017; x_wconf 94' lang='lat' dir='ltr'>in</span> <span class='ocrx_word' id='word_1_250' title='bbox 1765 1977 2011 2017; x_wconf 89' lang='lat' dir='ltr'>continuam</span> <span class='ocrx_word' id='word_1_251' title='bbox 2046 1976 2205 2017; x_wconf 86' lang='lat' dir='ltr'>adeant</span> <span class='ocrx_word' id='word_1_252' title='bbox 2237 1991 2413 2031; x_wconf 89' lang='lat' dir='ltr'>corrup-</span> 
     </span>
     <span class='ocr_line' id='line_1_33' title="bbox 209 2045 2414 2101; baseline -0.002 -11"><span class='ocrx_word' id='word_1_253' title='bbox 209 2049 359 2100; x_wconf 85' lang='lat' dir='ltr'>telam,</span> <span class='ocrx_word' id='word_1_254' title='bbox 402 2049 731 2090; x_wconf 81' lang='lat' dir='ltr'>necessarium¹²</span> <span class='ocrx_word' id='word_1_255' title='bbox 762 2049 985 2090; x_wconf 87' lang='lat' dir='ltr'>videmus⁰</span> <span class='ocrx_word' id='word_1_256' title='bbox 1018 2053 1062 2090; x_wconf 90' lang='lat' dir='ltr'>et</span> <span class='ocrx_word' id='word_1_257' title='bbox 1102 2048 1236 2089; x_wconf 75' lang='lat' dir='ltr'>utilev</span> <span class='ocrx_word' id='word_1_258' title='bbox 1271 2047 1469 2101; x_wconf 89' lang='lat' dir='ltr'>malignis</span> <span class='ocrx_word' id='word_1_259' title='bbox 1511 2060 1658 2087; x_wconf 91' lang='lat' dir='ltr'>eorum</span> <span class='ocrx_word' id='word_1_260' title='bbox 1691 2045 2072 2087; x_wconf 83' lang='lat' dir='ltr'>adinventionibus</span> <span class='ocrx_word' id='word_1_261' title='bbox 2114 2051 2156 2086; x_wconf 92' lang='lat' dir='ltr'>et</span> <span class='ocrx_word' id='word_1_262' title='bbox 2189 2046 2414 2086; x_wconf 87' lang='lat' dir='ltr'>conatibus</span> 
     </span>
     <span class='ocr_line' id='line_1_34' title="bbox 207 2115 2417 2174; baseline -0.002 -15"><span class='ocrx_word' id='word_1_263' title='bbox 207 2118 480 2168; x_wconf 90' lang='lat' dir='ltr'>obviandum,</span> <span class='ocrx_word' id='word_1_264' title='bbox 515 2119 587 2174; x_wconf 91' lang='lat' dir='ltr'>qui</span> <span class='ocrx_word' id='word_1_265' title='bbox 609 2119 901 2160; x_wconf 73' lang='lat' dir='ltr'>mentientes&lt;l</span> <span class='ocrx_word' id='word_1_266' title='bbox 932 2117 1142 2173; x_wconf 84' lang='lat' dir='ltr'>speciemr</span> <span class='ocrx_word' id='word_1_267' title='bbox 1166 2116 1418 2166; x_wconf 79' lang='lat' dir='ltr'>honestatis,</span> <span class='ocrx_word' id='word_1_268' title='bbox 1453 2115 1720 2157; x_wconf 89' lang='lat' dir='ltr'>contendunt</span> <span class='ocrx_word' id='word_1_269' title='bbox 1743 2115 1979 2156; x_wconf 88' lang='lat' dir='ltr'>universali</span> <span class='ocrx_word' id='word_1_270' title='bbox 2004 2115 2196 2170; x_wconf 87' lang='lat' dir='ltr'>periculo</span> <span class='ocrx_word' id='word_1_271' title='bbox 2222 2115 2417 2156; x_wconf 86' lang='lat' dir='ltr'>subicere</span> 
     </span>
     <span class='ocr_line' id='line_1_35' title="bbox 207 2183 2416 2243; baseline -0.003 -14"><span class='ocrx_word' id='word_1_272' title='bbox 207 2192 346 2229; x_wconf 90' lang='lat' dir='ltr'>totum</span> <span class='ocrx_word' id='word_1_273' title='bbox 379 2187 542 2238; x_wconf 90' lang='lat' dir='ltr'>orbem,</span> <span class='ocrx_word' id='word_1_274' title='bbox 576 2192 866 2229; x_wconf 87' lang='lat' dir='ltr'>convocantes</span> <span class='ocrx_word' id='word_1_275' title='bbox 891 2188 1095 2243; x_wconf 86' lang='lat' dir='ltr'>prelatos,</span> <span class='ocrx_word' id='word_1_276' title='bbox 1128 2187 1494 2242; x_wconf 82' lang='lat' dir='ltr'>archiepiscopos,</span> <span class='ocrx_word' id='word_1_277' title='bbox 1526 2185 1734 2226; x_wconf 74' lang='lat' dir='ltr'>abbates⁸</span> <span class='ocrx_word' id='word_1_278' title='bbox 1767 2190 1896 2240; x_wconf 91' lang='lat' dir='ltr'>atque</span> <span class='ocrx_word' id='word_1_279' title='bbox 1919 2185 2084 2239; x_wconf 88' lang='lat' dir='ltr'>priores</span> <span class='ocrx_word' id='word_1_280' title='bbox 2118 2183 2169 2224; x_wconf 89' lang='lat' dir='ltr'>ad</span> <span class='ocrx_word' id='word_1_281' title='bbox 2205 2183 2416 2239; x_wconf 85' lang='lat' dir='ltr'>synodum</span> 
     </span>
     <span class='ocr_line' id='line_1_36' title="bbox 207 2254 2420 2312; baseline -0.003 -13"><span class='ocrx_word' id='word_1_282' title='bbox 207 2257 477 2312; x_wconf 74' lang='lat' dir='ltr'>generalem,</span> <span class='ocrx_word' id='word_1_283' title='bbox 511 2262 558 2298; x_wconf 91' lang='lat' dir='ltr'>ut</span> <span class='ocrx_word' id='word_1_284' title='bbox 588 2257 718 2299; x_wconf 88' lang='lat' dir='ltr'>liceat</span> <span class='ocrx_word' id='word_1_285' title='bbox 750 2257 835 2299; x_wconf 68' lang='lat' dir='ltr'>eis2</span> <span class='ocrx_word' id='word_1_286' title='bbox 866 2256 1028 2298; x_wconf 86' lang='lat' dir='ltr'>ibidem</span> <span class='ocrx_word' id='word_1_287' title='bbox 1061 2261 1321 2312; x_wconf 90' lang='lat' dir='ltr'>conceptum</span> <span class='ocrx_word' id='word_1_288' title='bbox 1354 2257 1470 2297; x_wconf 88' lang='lat' dir='ltr'>virus</span> <span class='ocrx_word' id='word_1_289' title='bbox 1503 2268 1705 2296; x_wconf 86' lang='lat' dir='ltr'>evomere</span> <span class='ocrx_word' id='word_1_290' title='bbox 1738 2255 1780 2295; x_wconf 90' lang='lat' dir='ltr'>in</span> <span class='ocrx_word' id='word_1_291' title='bbox 1813 2260 1994 2309; x_wconf 86' lang='lat' dir='ltr'>regumu</span> <span class='ocrx_word' id='word_1_292' title='bbox 2027 2258 2069 2294; x_wconf 92' lang='lat' dir='ltr'>et</span> <span class='ocrx_word' id='word_1_293' title='bbox 2101 2254 2341 2309; x_wconf 86' lang='lat' dir='ltr'>principum</span> <span class='ocrx_word' id='word_1_294' title='bbox 2378 2257 2420 2293; x_wconf 85' lang='lat' dir='ltr'>et</span> 
     </span>
     <span class='ocr_line' id='line_1_37' title="bbox 207 2323 2418 2383; baseline -0.003 -14"><span class='ocrx_word' id='word_1_295' title='bbox 207 2328 340 2369; x_wconf 91' lang='lat' dir='ltr'>totius</span> <span class='ocrx_word' id='word_1_296' title='bbox 374 2327 488 2369; x_wconf 91' lang='lat' dir='ltr'>orbis</span> <span class='ocrx_word' id='word_1_297' title='bbox 529 2327 769 2383; x_wconf 91' lang='lat' dir='ltr'>perieulum</span> <span class='ocrx_word' id='word_1_298' title='bbox 815 2330 859 2368; x_wconf 89' lang='lat' dir='ltr'>et</span> <span class='ocrx_word' id='word_1_299' title='bbox 901 2327 1124 2368; x_wconf 84' lang='lat' dir='ltr'>iacturam.</span> <span class='ocrx_word' id='word_1_300' title='bbox 1188 2325 1399 2367; x_wconf 88' lang='lat' dir='ltr'>Volentes</span> <span class='ocrx_word' id='word_1_301' title='bbox 1432 2325 1564 2380; x_wconf 89' lang='lat' dir='ltr'>igitur</span> <span class='ocrx_word' id='word_1_302' title='bbox 1596 2338 1682 2365; x_wconf 92' lang='lat' dir='ltr'>non</span> <span class='ocrx_word' id='word_1_303' title='bbox 1713 2324 1854 2364; x_wconf 90' lang='lat' dir='ltr'>minus</span> <span class='ocrx_word' id='word_1_304' title='bbox 1888 2323 2007 2370; x_wconf 80' lang='lat' dir='ltr'>odio,</span> <span class='ocrx_word' id='word_1_305' title='bbox 2049 2330 2157 2377; x_wconf 78' lang='lat' dir='ltr'>quov</span> <span class='ocrx_word' id='word_1_306' title='bbox 2190 2337 2265 2378; x_wconf 87' lang='lat' dir='ltr'>pro</span> <span class='ocrx_word' id='word_1_307' title='bbox 2301 2336 2418 2363; x_wconf 89' lang='lat' dir='ltr'>com-</span> 
     </span>
     <span class='ocr_line' id='line_1_38' title="bbox 211 2391 2415 2449; baseline -0.003 -11"><span class='ocrx_word' id='word_1_308' title='bbox 211 2397 389 2438; x_wconf 82' lang='lat' dir='ltr'>missisW</span> <span class='ocrx_word' id='word_1_309' title='bbox 431 2396 607 2438; x_wconf 85' lang='lat' dir='ltr'>offensis</span> <span class='ocrx_word' id='word_1_310' title='bbox 651 2396 702 2438; x_wconf 92' lang='lat' dir='ltr'>de</span> <span class='ocrx_word' id='word_1_311' title='bbox 741 2396 1035 2438; x_wconf 88' lang='lat' dir='ltr'>benivolentia</span> <span class='ocrx_word' id='word_1_312' title='bbox 1078 2399 1227 2436; x_wconf 89' lang='lat' dir='ltr'>nostra</span> <span class='ocrx_word' id='word_1_313' title='bbox 1267 2395 1487 2443; x_wconf 88' lang='lat' dir='ltr'>diffidunt,</span> <span class='ocrx_word' id='word_1_314' title='bbox 1531 2408 1657 2449; x_wconf 90' lang='lat' dir='ltr'>quam</span> <span class='ocrx_word' id='word_1_315' title='bbox 1692 2393 1886 2448; x_wconf 89' lang='lat' dir='ltr'>generali</span> <span class='ocrx_word' id='word_1_316' title='bbox 1928 2393 2058 2433; x_wconf 89' lang='lat' dir='ltr'>totius</span> <span class='ocrx_word' id='word_1_317' title='bbox 2093 2391 2415 2433; x_wconf 83' lang='lat' dir='ltr'>christianitatis</span> 
     </span>
     <span class='ocr_line' id='line_1_39' title="bbox 211 2461 2419 2522; baseline -0.003 -15"><span class='ocrx_word' id='word_1_318' title='bbox 211 2466 437 2522; x_wconf 90' lang='lat' dir='ltr'>dispendio</span> <span class='ocrx_word' id='word_1_319' title='bbox 480 2471 522 2508; x_wconf 88' lang='lat' dir='ltr'>et</span> <span class='ocrx_word' id='word_1_320' title='bbox 568 2466 730 2508; x_wconf 89' lang='lat' dir='ltr'>zizanie</span> <span class='ocrx_word' id='word_1_321' title='bbox 775 2473 1056 2522; x_wconf 83' lang='lat' dir='ltr'>precavere¹,</span> <span class='ocrx_word' id='word_1_322' title='bbox 1100 2466 1203 2507; x_wconf 89' lang='lat' dir='ltr'>licet</span> <span class='ocrx_word' id='word_1_323' title='bbox 1244 2479 1321 2505; x_wconf 86' lang='lat' dir='ltr'>vos</span> <span class='ocrx_word' id='word_1_324' title='bbox 1364 2470 1568 2519; x_wconf 89' lang='lat' dir='ltr'>tanquam</span> <span class='ocrx_word' id='word_1_325' title='bbox 1617 2463 1765 2504; x_wconf 87' lang='lat' dir='ltr'>fideles</span> <span class='ocrx_word' id='word_1_326' title='bbox 1809 2467 1972 2503; x_wconf 84' lang='lat' dir='ltr'>nostros</span> <span class='ocrx_word' id='word_1_327' title='bbox 2015 2461 2068 2502; x_wconf 91' lang='lat' dir='ltr'>ad</span> <span class='ocrx_word' id='word_1_328' title='bbox 2110 2461 2331 2515; x_wconf 82' lang='lat' dir='ltr'>dignitatis</span> <span class='ocrx_word' id='word_1_329' title='bbox 2376 2466 2419 2501; x_wconf 89' lang='lat' dir='ltr'>et</span> 
     </span>
     <span class='ocr_line' id='line_1_40' title="bbox 210 2529 2419 2589; baseline -0.004 -12"><span class='ocrx_word' id='word_1_330' title='bbox 210 2535 385 2577; x_wconf 88' lang='lat' dir='ltr'>honoris</span> <span class='ocrx_word' id='word_1_331' title='bbox 431 2536 567 2577; x_wconf 90' lang='lat' dir='ltr'>nostri</span> <span class='ocrx_word' id='word_1_332' title='bbox 618 2536 833 2577; x_wconf 86' lang='lat' dir='ltr'>cautelam</span> <span class='ocrx_word' id='word_1_333' title='bbox 882 2550 968 2576; x_wconf 87' lang='lat' dir='ltr'>non</span> <span class='ocrx_word' id='word_1_334' title='bbox 1020 2535 1159 2576; x_wconf 88' lang='lat' dir='ltr'>minus</span> <span class='ocrx_word' id='word_1_335' title='bbox 1208 2548 1336 2589; x_wconf 90' lang='lat' dir='ltr'>quam</span> <span class='ocrx_word' id='word_1_336' title='bbox 1388 2533 1581 2575; x_wconf 85' lang='lat' dir='ltr'>scandali</span> <span class='ocrx_word' id='word_1_337' title='bbox 1631 2531 1937 2573; x_wconf 89' lang='lat' dir='ltr'>universaliter</span> <span class='ocrx_word' id='word_1_338' title='bbox 1988 2531 2278 2584; x_wconf 82' lang='lat' dir='ltr'>emergentisy</span> <span class='ocrx_word' id='word_1_339' title='bbox 2329 2529 2419 2570; x_wconf 89' lang='lat' dir='ltr'>fore</span> 
     </span>
     <span class='ocr_line' id='line_1_41' title="bbox 213 2597 2413 2661; baseline -0.004 -14"><span class='ocrx_word' id='word_1_340' title='bbox 213 2605 419 2646; x_wconf 90' lang='lat' dir='ltr'>sollicitos</span> <span class='ocrx_word' id='word_1_341' title='bbox 458 2606 749 2661; x_wconf 89' lang='lat' dir='ltr'>presciamus,</span> <span class='ocrx_word' id='word_1_342' title='bbox 791 2605 971 2647; x_wconf 85' lang='lat' dir='ltr'>verbum</span> <span class='ocrx_word' id='word_1_343' title='bbox 1010 2604 1109 2645; x_wconf 91' lang='lat' dir='ltr'>fidei</span> <span class='ocrx_word' id='word_1_344' title='bbox 1143 2603 1343 2645; x_wconf 89' lang='lat' dir='ltr'>fidelibus</span> <span class='ocrx_word' id='word_1_345' title='bbox 1377 2601 1625 2648; x_wconf 68' lang='lat' dir='ltr'>adicimusz,</span> <span class='ocrx_word' id='word_1_346' title='bbox 1667 2601 1981 2643; x_wconf 85' lang='lat' dir='ltr'>exhortationis</span> <span class='ocrx_word' id='word_1_347' title='bbox 2015 2599 2220 2641; x_wconf 89' lang='lat' dir='ltr'>mandata</span> <span class='ocrx_word' id='word_1_348' title='bbox 2253 2597 2413 2639; x_wconf 89' lang='lat' dir='ltr'>deseri-</span> 
     </span>
     <span class='ocr_line' id='line_1_42' title="bbox 210 2667 2418 2731; baseline -0.004 -15"><span class='ocrx_word' id='word_1_349' title='bbox 210 2674 350 2716; x_wconf 91' lang='lat' dir='ltr'>bimus</span> <span class='ocrx_word' id='word_1_350' title='bbox 383 2680 426 2716; x_wconf 90' lang='lat' dir='ltr'>et</span> <span class='ocrx_word' id='word_1_351' title='bbox 459 2689 515 2717; x_wconf 88' lang='lat' dir='ltr'>ex</span> <span class='ocrx_word' id='word_1_352' title='bbox 537 2675 750 2731; x_wconf 85' lang='lat' dir='ltr'>imperiali</span> <span class='ocrx_word' id='word_1_353' title='bbox 773 2678 1017 2730; x_wconf 72' lang='lat' dir='ltr'>potestatea</span> <span class='ocrx_word' id='word_1_354' title='bbox 1050 2672 1334 2714; x_wconf 90' lang='lat' dir='ltr'>mandamusb</span> <span class='ocrx_word' id='word_1_355' title='bbox 1369 2673 1448 2713; x_wconf 90' lang='lat' dir='ltr'>sub</span> <span class='ocrx_word' id='word_1_356' title='bbox 1482 2686 1594 2727; x_wconf 89' lang='lat' dir='ltr'>pena</span> <span class='ocrx_word' id='word_1_357' title='bbox 1626 2672 1788 2726; x_wconf 83' lang='lat' dir='ltr'>gratiec</span> <span class='ocrx_word' id='word_1_358' title='bbox 1810 2675 1956 2711; x_wconf 89' lang='lat' dir='ltr'>nostre</span> <span class='ocrx_word' id='word_1_359' title='bbox 1981 2674 2022 2710; x_wconf 88' lang='lat' dir='ltr'>et</span> <span class='ocrx_word' id='word_1_360' title='bbox 2044 2672 2253 2724; x_wconf 91' lang='lat' dir='ltr'>perpetuo</span> <span class='ocrx_word' id='word_1_361' title='bbox 2279 2667 2418 2708; x_wconf 92' lang='lat' dir='ltr'>banno</span> 
     </span>
     <span class='ocr_line' id='line_1_43' title="bbox 212 2736 2420 2800; baseline -0.005 -14"><span class='ocrx_word' id='word_1_362' title='bbox 212 2744 381 2800; x_wconf 86' lang='lat' dir='ltr'>imperii</span> <span class='ocrx_word' id='word_1_363' title='bbox 403 2743 613 2786; x_wconf 85' lang='lat' dir='ltr'>firmiterd</span> <span class='ocrx_word' id='word_1_364' title='bbox 635 2745 925 2799; x_wconf 80' lang='lat' dir='ltr'>iniungentes,</span> <span class='ocrx_word' id='word_1_365' title='bbox 950 2743 1150 2799; x_wconf 89' lang='lat' dir='ltr'>quatinus</span> <span class='ocrx_word' id='word_1_366' title='bbox 1175 2755 1320 2783; x_wconf 86' lang='lat' dir='ltr'>omnes</span> <span class='ocrx_word' id='word_1_367' title='bbox 1344 2742 1549 2797; x_wconf 86' lang='lat' dir='ltr'>prelatos,</span> <span class='ocrx_word' id='word_1_368' title='bbox 1581 2740 1945 2795; x_wconf 88' lang='lat' dir='ltr'>archiepiscopos,</span> <span class='ocrx_word' id='word_1_369' title='bbox 1973 2738 2215 2792; x_wconf 86' lang='lat' dir='ltr'>episcopos.</span> <span class='ocrx_word' id='word_1_370' title='bbox 2240 2736 2420 2777; x_wconf 86' lang='lat' dir='ltr'>abbates</span> 
     </span>
     <span class='ocr_line' id='line_1_44' title="bbox 212 2805 2419 2869; baseline -0.005 -14"><span class='ocrx_word' id='word_1_371' title='bbox 212 2818 341 2869; x_wconf 87' lang='lat' dir='ltr'>atque</span> <span class='ocrx_word' id='word_1_372' title='bbox 372 2814 540 2869; x_wconf 88' lang='lat' dir='ltr'>priores</span> <span class='ocrx_word' id='word_1_373' title='bbox 573 2817 617 2855; x_wconf 88' lang='lat' dir='ltr'>et</span> <span class='ocrx_word' id='word_1_374' title='bbox 648 2813 879 2855; x_wconf 90' lang='lat' dir='ltr'>cuiuslibet</span> <span class='ocrx_word' id='word_1_375' title='bbox 912 2813 1071 2854; x_wconf 90' lang='lat' dir='ltr'>ordinis</span> <span class='ocrx_word' id='word_1_376' title='bbox 1107 2812 1349 2867; x_wconf 89' lang='lat' dir='ltr'>prepositos</span> <span class='ocrx_word' id='word_1_377' title='bbox 1382 2817 1459 2851; x_wconf 77' lang='lat' dir='ltr'>ac⁰</span> <span class='ocrx_word' id='word_1_378' title='bbox 1492 2810 1712 2850; x_wconf 90' lang='lat' dir='ltr'>ministros</span> <span class='ocrx_word' id='word_1_379' title='bbox 1741 2822 1820 2863; x_wconf 91' lang='lat' dir='ltr'>per</span> <span class='ocrx_word' id='word_1_380' title='bbox 1844 2822 1916 2848; x_wconf 91' lang='lat' dir='ltr'>vos</span> <span class='ocrx_word' id='word_1_381' title='bbox 1942 2809 2076 2847; x_wconf 91' lang='lat' dir='ltr'>ituros</span> <span class='ocrx_word' id='word_1_382' title='bbox 2103 2806 2157 2847; x_wconf 89' lang='lat' dir='ltr'>ad</span> <span class='ocrx_word' id='word_1_383' title='bbox 2179 2805 2419 2846; x_wconf 88' lang='lat' dir='ltr'>Romanam</span> 
     </span>
     <span class='ocr_line' id='line_1_45' title="bbox 213 2874 2417 2936; baseline -0.005 -12"><span class='ocrx_word' id='word_1_384' title='bbox 213 2883 375 2924; x_wconf 90' lang='lat' dir='ltr'>curiam</span> <span class='ocrx_word' id='word_1_385' title='bbox 408 2888 694 2932; x_wconf 80' lang='lat' dir='ltr'>transeuntes,</span> <span class='ocrx_word' id='word_1_386' title='bbox 729 2883 818 2924; x_wconf 89' lang='lat' dir='ltr'>sive</span> <span class='ocrx_word' id='word_1_387' title='bbox 850 2883 956 2923; x_wconf 87' lang='lat' dir='ltr'>mari</span> <span class='ocrx_word' id='word_1_388' title='bbox 980 2880 1070 2923; x_wconf 77' lang='lat' dir='ltr'>velf</span> <span class='ocrx_word' id='word_1_389' title='bbox 1099 2887 1226 2932; x_wconf 89' lang='lat' dir='ltr'>terra,</span> <span class='ocrx_word' id='word_1_390' title='bbox 1251 2879 1452 2936; x_wconf 87' lang='lat' dir='ltr'>privatim</span> <span class='ocrx_word' id='word_1_391' title='bbox 1475 2879 1543 2920; x_wconf 85' lang='lat' dir='ltr'>vel</span> <span class='ocrx_word' id='word_1_392' title='bbox 1575 2877 1747 2934; x_wconf 89' lang='lat' dir='ltr'>publice</span> <span class='ocrx_word' id='word_1_393' title='bbox 1781 2878 1964 2917; x_wconf 88' lang='lat' dir='ltr'>transire</span> <span class='ocrx_word' id='word_1_394' title='bbox 1989 2875 2214 2924; x_wconf 88' lang='lat' dir='ltr'>voluerint,</span> <span class='ocrx_word' id='word_1_395' title='bbox 2247 2874 2289 2914; x_wconf 93' lang='lat' dir='ltr'>in</span> <span class='ocrx_word' id='word_1_396' title='bbox 2321 2887 2417 2928; x_wconf 93' lang='lat' dir='ltr'>per-</span> 
     </span>
     <span class='ocr_line' id='line_1_46' title="bbox 215 2943 2418 3008; baseline -0.004 -16"><span class='ocrx_word' id='word_1_397' title='bbox 215 2953 330 2993; x_wconf 92' lang='lat' dir='ltr'>sonis</span> <span class='ocrx_word' id='word_1_398' title='bbox 364 2957 435 2994; x_wconf 74' lang='lat' dir='ltr'>etg</span> <span class='ocrx_word' id='word_1_399' title='bbox 464 2952 596 2994; x_wconf 89' lang='lat' dir='ltr'>rebus</span> <span class='ocrx_word' id='word_1_400' title='bbox 627 2951 849 3008; x_wconf 89' lang='lat' dir='ltr'>impedire,</span> <span class='ocrx_word' id='word_1_401' title='bbox 883 2950 1127 2992; x_wconf 88' lang='lat' dir='ltr'>disturbare</span> <span class='ocrx_word' id='word_1_402' title='bbox 1162 2956 1205 2992; x_wconf 89' lang='lat' dir='ltr'>et</span> <span class='ocrx_word' id='word_1_403' title='bbox 1243 2949 1438 2991; x_wconf 89' lang='lat' dir='ltr'>detinere</span> <span class='ocrx_word' id='word_1_404' title='bbox 1472 2947 1610 2989; x_wconf 89' lang='lat' dir='ltr'>modis</span> <span class='ocrx_word' id='word_1_405' title='bbox 1644 2946 1844 2988; x_wconf 90' lang='lat' dir='ltr'>omnibus</span> <span class='ocrx_word' id='word_1_406' title='bbox 1877 2944 2136 3001; x_wconf 88' lang='lat' dir='ltr'>procuretis,</span> <span class='ocrx_word' id='word_1_407' title='bbox 2170 2943 2418 2999; x_wconf 89' lang='lat' dir='ltr'>passagium</span> 
     </span>
    </p>
   </div>
   <div class='ocr_carea' id='block_1_15' title="bbox 215 3082 2424 3724">
    <p class='ocr_par' dir='ltr' id='par_1_15' title="bbox 215 3082 2422 3252">
     <span class='ocr_line' id='line_1_47' title="bbox 352 3082 2422 3135; baseline -0.006 -9"><span class='ocrx_word' id='word_1_408' title='bbox 352 3091 438 3126; x_wconf 78' lang='lat'>233.</span> <span class='ocrx_word' id='word_1_409' title='bbox 473 3091 507 3135; x_wconf 84' lang='lat' dir='ltr'>k)</span> <span class='ocrx_word' id='word_1_410' title='bbox 532 3093 638 3127; x_wconf 86' lang='lat' dir='ltr'>vadat</span> <span class='ocrx_word' id='word_1_411' title='bbox 662 3092 695 3125; x_wconf 82' lang='lat' dir='ltr'><strong><em>A</em></strong></span> <span class='ocrx_word' id='word_1_412' title='bbox 712 3091 744 3126; x_wconf 87' lang='lat'>3.</span> <span class='ocrx_word' id='word_1_413' title='bbox 860 3089 883 3132; x_wconf 83' lang='lat'>¹)</span> <span class='ocrx_word' id='word_1_414' title='bbox 910 3092 998 3124; x_wconf 87' lang='lat' dir='ltr'>sicut</span> <span class='ocrx_word' id='word_1_415' title='bbox 1025 3108 1067 3114; x_wconf 84' lang='lat'>-—</span> <span class='ocrx_word' id='word_1_416' title='bbox 1092 3091 1227 3123; x_wconf 86' lang='lat' dir='ltr'>evitare.</span> <span class='ocrx_word' id='word_1_417' title='bbox 1248 3089 1316 3122; x_wconf 74' lang='lat' dir='ltr'>des.</span> <span class='ocrx_word' id='word_1_418' title='bbox 1336 3089 1369 3122; x_wconf 77' lang='lat' dir='ltr'><strong><em>A</em></strong></span> <span class='ocrx_word' id='word_1_419' title='bbox 1390 3088 1419 3121; x_wconf 88' lang='lat'>1.</span> <span class='ocrx_word' id='word_1_420' title='bbox 1446 3087 1477 3121; x_wconf 77' lang='lat'>2.</span> <span class='ocrx_word' id='word_1_421' title='bbox 1605 3087 1647 3127; x_wconf 87' lang='lat' dir='ltr'>m)</span> <span class='ocrx_word' id='word_1_422' title='bbox 1674 3086 1864 3130; x_wconf 86' lang='lat' dir='ltr'>principum</span> <span class='ocrx_word' id='word_1_423' title='bbox 1890 3084 1923 3117; x_wconf 91' lang='lat' dir='ltr'><em>B</em></span> <span class='ocrx_word' id='word_1_424' title='bbox 1940 3083 1972 3116; x_wconf 76' lang='lat'>2.</span> <span class='ocrx_word' id='word_1_425' title='bbox 2089 3085 2122 3125; x_wconf 82' lang='lat' dir='ltr'>n)</span> <span class='ocrx_word' id='word_1_426' title='bbox 2147 3094 2207 3116; x_wconf 88' lang='lat' dir='ltr'>nos</span> <span class='ocrx_word' id='word_1_427' title='bbox 2235 3083 2264 3115; x_wconf 72' lang='lat' dir='ltr'>(J</span> <span class='ocrx_word' id='word_1_428' title='bbox 2280 3082 2316 3119; x_wconf 88' lang='grc'><em>1;</em></span> <span class='ocrx_word' id='word_1_429' title='bbox 2343 3093 2422 3125; x_wconf 87' lang='lat' dir='ltr'>erga</span> 
     </span>
     <span class='ocr_line' id='line_1_48' title="bbox 215 3139 2422 3193; baseline -0.006 -9"><span class='ocrx_word' id='word_1_430' title='bbox 215 3163 276 3185; x_wconf 83' lang='lat' dir='ltr'>vos</span> <span class='ocrx_word' id='word_1_431' title='bbox 299 3152 368 3185; x_wconf 78' lang='lat' dir='ltr'>dee.</span> <span class='ocrx_word' id='word_1_432' title='bbox 389 3150 470 3186; x_wconf 79' lang='lat'>132.</span> <span class='ocrx_word' id='word_1_433' title='bbox 611 3152 644 3193; x_wconf 91' lang='lat'>0)</span> <span class='ocrx_word' id='word_1_434' title='bbox 670 3152 894 3185; x_wconf 82' lang='lat' dir='ltr'>temeritatem</span> <span class='ocrx_word' id='word_1_435' title='bbox 922 3150 956 3183; x_wconf 81' lang='lat' dir='ltr'>C.</span> <span class='ocrx_word' id='word_1_436' title='bbox 1097 3148 1131 3189; x_wconf 78' lang='lat' dir='ltr'>P)</span> <span class='ocrx_word' id='word_1_437' title='bbox 1158 3148 1474 3192; x_wconf 86' lang='lat' dir='ltr'>prohibitionis</span> <span class='ocrx_word' id='word_1_438' title='bbox 1508 3153 1655 3179; x_wconf 88' lang='lat' dir='ltr'>nostre</span> <span class='ocrx_word' id='word_1_439' title='bbox 1680 3143 1908 3178; x_wconf 81' lang='lat' dir='ltr'>temerarii</span> <span class='ocrx_word' id='word_1_440' title='bbox 1933 3145 2255 3183; x_wconf 87' lang='lat' dir='ltr'>contemptores</span> <span class='ocrx_word' id='word_1_441' title='bbox 2281 3139 2362 3172; x_wconf 76' lang='lat' dir='ltr'>add.</span> <span class='ocrx_word' id='word_1_442' title='bbox 2387 3139 2422 3171; x_wconf 87' lang='lat' dir='ltr'>C.</span> 
     </span>
     <span class='ocr_line' id='line_1_49' title="bbox 215 3203 1480 3252; baseline -0.005 -9"><span class='ocrx_word' id='word_1_443' title='bbox 215 3208 248 3252; x_wconf 87' lang='lat' dir='ltr'>q)</span> <span class='ocrx_word' id='word_1_444' title='bbox 274 3210 419 3243; x_wconf 85' lang='lat' dir='ltr'>ulterius</span> <span class='ocrx_word' id='word_1_445' title='bbox 445 3209 481 3242; x_wconf 78' lang='grc' dir='ltr'>Ο.</span> <span class='ocrx_word' id='word_1_446' title='bbox 599 3208 626 3250; x_wconf 84' lang='lat' dir='ltr'>r)</span> <span class='ocrx_word' id='word_1_447' title='bbox 653 3209 725 3242; x_wconf 84' lang='lat' dir='ltr'>loco</span> <span class='ocrx_word' id='word_1_448' title='bbox 750 3209 786 3241; x_wconf 89' lang='lat' dir='ltr'>in</span> <span class='ocrx_word' id='word_1_449' title='bbox 812 3227 854 3231; x_wconf 90' lang='lat'><strong>—</strong></span> <span class='ocrx_word' id='word_1_450' title='bbox 880 3208 1065 3240; x_wconf 85' lang='lat' dir='ltr'>indictione</span> <span class='ocrx_word' id='word_1_451' title='bbox 1089 3206 1123 3238; x_wconf 92' lang='lat' dir='ltr'><em>B</em></span> <span class='ocrx_word' id='word_1_452' title='bbox 1139 3205 1176 3238; x_wconf 81' lang='lat'>2:</span> <span class='ocrx_word' id='word_1_453' title='bbox 1203 3211 1283 3244; x_wconf 87' lang='lat' dir='ltr'>ete.;</span> <span class='ocrx_word' id='word_1_454' title='bbox 1310 3205 1378 3238; x_wconf 76' lang='lat' dir='ltr'>des.</span> <span class='ocrx_word' id='word_1_455' title='bbox 1407 3203 1480 3237; x_wconf 83' lang='lat'>01.</span> 
     </span>
    </p>

    <p class='ocr_par' dir='ltr' id='par_1_16' title="bbox 216 3266 2424 3724">
     <span class='ocr_line' id='line_1_50' title="bbox 354 3266 2424 3320; baseline -0.008 -8"><span class='ocrx_word' id='word_1_456' title='bbox 354 3276 440 3312; x_wconf 76' lang='lat'>234·</span> <span class='ocrx_word' id='word_1_457' title='bbox 473 3278 506 3320; x_wconf 68' lang='grc'>8)</span> <span class='ocrx_word' id='word_1_458' title='bbox 533 3279 726 3311; x_wconf 82' lang='lat' dir='ltr'>Fridericus</span> <span class='ocrx_word' id='word_1_459' title='bbox 750 3278 921 3310; x_wconf 88' lang='lat' dir='ltr'>universis</span> <span class='ocrx_word' id='word_1_460' title='bbox 946 3276 1104 3308; x_wconf 88' lang='lat' dir='ltr'>fidelibus</span> <span class='ocrx_word' id='word_1_461' title='bbox 1130 3275 1201 3308; x_wconf 91' lang='lat' dir='ltr'>suis</span> <span class='ocrx_word' id='word_1_462' title='bbox 1227 3274 1318 3316; x_wconf 87' lang='lat' dir='ltr'>quod</span> <span class='ocrx_word' id='word_1_463' title='bbox 1342 3273 1530 3316; x_wconf 83' lang='lat' dir='ltr'>impediant</span> <span class='ocrx_word' id='word_1_464' title='bbox 1554 3272 1737 3304; x_wconf 85' lang='lat' dir='ltr'>transitum</span> <span class='ocrx_word' id='word_1_465' title='bbox 1763 3271 1811 3302; x_wconf 88' lang='lat' dir='ltr'>ire</span> <span class='ocrx_word' id='word_1_466' title='bbox 1836 3270 1879 3301; x_wconf 85' lang='lat' dir='ltr'>ad</span> <span class='ocrx_word' id='word_1_467' title='bbox 1897 3268 2080 3301; x_wconf 85' lang='lat' dir='ltr'>concilium</span> <span class='ocrx_word' id='word_1_468' title='bbox 2099 3268 2291 3299; x_wconf 85' lang='lat' dir='ltr'>Romanum</span> <span class='ocrx_word' id='word_1_469' title='bbox 2310 3266 2424 3297; x_wconf 84' lang='lat' dir='ltr'>volen-</span> 
     </span>
     <span class='ocr_line' id='line_1_51' title="bbox 216 3320 2422 3377; baseline -0.007 -8"><span class='ocrx_word' id='word_1_470' title='bbox 216 3336 303 3369; x_wconf 87' lang='lat' dir='ltr'>tium</span> <span class='ocrx_word' id='word_1_471' title='bbox 325 3336 467 3368; x_wconf 73' lang='lat' dir='ltr'>rubrica</span> <span class='ocrx_word' id='word_1_472' title='bbox 490 3335 528 3368; x_wconf 81' lang='lat' dir='ltr'>in</span> <span class='ocrx_word' id='word_1_473' title='bbox 551 3334 588 3377; x_wconf 83' lang='lat'>33</span> <span class='ocrx_word' id='word_1_474' title='bbox 615 3335 770 3368; x_wconf 77' lang='lat' dir='ltr'>similiter</span> <span class='ocrx_word' id='word_1_475' title='bbox 793 3335 831 3367; x_wconf 76' lang='lat' dir='ltr'>in</span> <span class='ocrx_word' id='word_1_476' title='bbox 855 3333 887 3367; x_wconf 89' lang='lat'>4.</span> <span class='ocrx_word' id='word_1_477' title='bbox 1005 3331 1038 3374; x_wconf 79' lang='lat' dir='ltr'>b)</span> <span class='ocrx_word' id='word_1_478' title='bbox 1062 3337 1125 3366; x_wconf 86' lang='lat' dir='ltr'>ete.</span> <span class='ocrx_word' id='word_1_479' title='bbox 1153 3331 1221 3364; x_wconf 74' lang='lat' dir='ltr'>des,</span> <span class='ocrx_word' id='word_1_480' title='bbox 1242 3330 1271 3364; x_wconf 94' lang='lat'>1.</span> <span class='ocrx_word' id='word_1_481' title='bbox 1298 3329 1327 3363; x_wconf 89' lang='grc'>3.</span> <span class='ocrx_word' id='word_1_482' title='bbox 1355 3329 1387 3362; x_wconf 96' lang='lat'>4.</span> <span class='ocrx_word' id='word_1_483' title='bbox 1507 3328 1538 3371; x_wconf 86' lang='lat' dir='ltr'>c)</span> <span class='ocrx_word' id='word_1_484' title='bbox 1565 3338 1648 3361; x_wconf 89' lang='lat' dir='ltr'>cura</span> <span class='ocrx_word' id='word_1_485' title='bbox 1673 3326 1704 3359; x_wconf 86' lang='lat'>4.</span> <span class='ocrx_word' id='word_1_486' title='bbox 1823 3323 1856 3367; x_wconf 68' lang='grc'>(1)</span> <span class='ocrx_word' id='word_1_487' title='bbox 1882 3325 1974 3357; x_wconf 68' lang='lat' dir='ltr'>deest</span> <span class='ocrx_word' id='word_1_488' title='bbox 1996 3321 2028 3356; x_wconf 91' lang='lat'>3.</span> <span class='ocrx_word' id='word_1_489' title='bbox 2054 3323 2085 3357; x_wconf 86' lang='lat'>4.</span> <span class='ocrx_word' id='word_1_490' title='bbox 2192 3322 2222 3366; x_wconf 78' lang='lat' dir='ltr'>e)</span> <span class='ocrx_word' id='word_1_491' title='bbox 2248 3324 2367 3355; x_wconf 84' lang='lat' dir='ltr'>futura</span> <span class='ocrx_word' id='word_1_492' title='bbox 2391 3320 2422 3355; x_wconf 88' lang='lat'>3.</span> 
     </span>
     <span class='ocr_line' id='line_1_52' title="bbox 216 3378 2424 3435; baseline -0.007 -9"><span class='ocrx_word' id='word_1_493' title='bbox 216 3391 248 3435; x_wconf 78' lang='lat' dir='ltr'>f)</span> <span class='ocrx_word' id='word_1_494' title='bbox 273 3394 413 3426; x_wconf 86' lang='lat' dir='ltr'>dissenti</span> <span class='ocrx_word' id='word_1_495' title='bbox 439 3392 477 3433; x_wconf 78' lang='lat'>13</span> <span class='ocrx_word' id='word_1_496' title='bbox 514 3394 676 3426; x_wconf 88' lang='lat' dir='ltr'>dissentio</span> <span class='ocrx_word' id='word_1_497' title='bbox 701 3391 732 3425; x_wconf 80' lang='lat'>2.</span> <span class='ocrx_word' id='word_1_498' title='bbox 866 3392 899 3433; x_wconf 73' lang='grc' dir='ltr'>Β)</span> <span class='ocrx_word' id='word_1_499' title='bbox 927 3417 934 3424; x_wconf 94' lang='grc'><strong>.</strong></span> <span class='ocrx_word' id='word_1_500' title='bbox 952 3416 960 3424; x_wconf 93' lang='grc'><em>.</em></span> <span class='ocrx_word' id='word_1_501' title='bbox 987 3390 1069 3423; x_wconf 79' lang='lat' dir='ltr'>add.</span> <span class='ocrx_word' id='word_1_502' title='bbox 1089 3390 1119 3423; x_wconf 93' lang='lat'>1.</span> <span class='ocrx_word' id='word_1_503' title='bbox 1247 3387 1282 3431; x_wconf 89' lang='lat' dir='ltr'>h)</span> <span class='ocrx_word' id='word_1_504' title='bbox 1308 3393 1342 3420; x_wconf 89' lang='lat' dir='ltr'>et</span> <span class='ocrx_word' id='word_1_505' title='bbox 1366 3387 1526 3431; x_wconf 86' lang='lat' dir='ltr'>generale</span> <span class='ocrx_word' id='word_1_506' title='bbox 1551 3385 1619 3418; x_wconf 76' lang='lat' dir='ltr'>des.</span> <span class='ocrx_word' id='word_1_507' title='bbox 1639 3384 1668 3417; x_wconf 97' lang='lat'>1.</span> <span class='ocrx_word' id='word_1_508' title='bbox 1799 3382 1822 3423; x_wconf 87' lang='lat' dir='ltr'>i)</span> <span class='ocrx_word' id='word_1_509' title='bbox 1851 3408 1857 3415; x_wconf 97' lang='lat'>.</span> <span class='ocrx_word' id='word_1_510' title='bbox 1880 3408 1886 3415; x_wconf 95' lang='lat'>.</span> <span class='ocrx_word' id='word_1_511' title='bbox 1906 3407 1912 3414; x_wconf 94' lang='lat'>.</span> <span class='ocrx_word' id='word_1_512' title='bbox 1938 3382 1980 3414; x_wconf 87' lang='lat' dir='ltr'>ad</span> <span class='ocrx_word' id='word_1_513' title='bbox 2004 3380 2036 3413; x_wconf 86' lang='lat'>4.</span> <span class='ocrx_word' id='word_1_514' title='bbox 2166 3379 2198 3420; x_wconf 86' lang='lat' dir='ltr'>k)</span> <span class='ocrx_word' id='word_1_515' title='bbox 2224 3381 2266 3413; x_wconf 89' lang='lat' dir='ltr'>ad</span> <span class='ocrx_word' id='word_1_516' title='bbox 2291 3380 2373 3412; x_wconf 85' lang='lat' dir='ltr'>add.</span> <span class='ocrx_word' id='word_1_517' title='bbox 2392 3378 2424 3411; x_wconf 88' lang='grc'>4.</span> 
     </span>
     <span class='ocr_line' id='line_1_53' title="bbox 216 3436 2423 3494; baseline -0.008 -9"><span class='ocrx_word' id='word_1_518' title='bbox 216 3449 242 3494; x_wconf 92' lang='lat' dir='ltr'>l)</span> <span class='ocrx_word' id='word_1_519' title='bbox 266 3456 301 3484; x_wconf 82' lang='lat' dir='ltr'>et</span> <span class='ocrx_word' id='word_1_520' title='bbox 324 3452 353 3484; x_wconf 85' lang='lat' dir='ltr'>si</span> <span class='ocrx_word' id='word_1_521' title='bbox 377 3462 448 3494; x_wconf 85' lang='lat' dir='ltr'>qua</span> <span class='ocrx_word' id='word_1_522' title='bbox 471 3448 502 3483; x_wconf 89' lang='lat'>4.</span> <span class='ocrx_word' id='word_1_523' title='bbox 597 3448 642 3494; x_wconf 85' lang='lat'>¹¹¹)</span> <span class='ocrx_word' id='word_1_524' title='bbox 667 3450 759 3483; x_wconf 81' lang='lat' dir='ltr'>deest</span> <span class='ocrx_word' id='word_1_525' title='bbox 782 3448 813 3483; x_wconf 89' lang='lat'>3.</span> <span class='ocrx_word' id='word_1_526' title='bbox 839 3448 872 3483; x_wconf 88' lang='grc'>4.</span> <span class='ocrx_word' id='word_1_527' title='bbox 966 3447 1000 3492; x_wconf 86' lang='lat' dir='ltr'>n)</span> <span class='ocrx_word' id='word_1_528' title='bbox 1026 3447 1251 3482; x_wconf 89' lang='lat' dir='ltr'>necessariam</span> <span class='ocrx_word' id='word_1_529' title='bbox 1278 3445 1307 3478; x_wconf 91' lang='lat'>1.</span> <span class='ocrx_word' id='word_1_530' title='bbox 1415 3443 1448 3486; x_wconf 86' lang='lat'>⁰)</span> <span class='ocrx_word' id='word_1_531' title='bbox 1473 3444 1639 3476; x_wconf 86' lang='lat' dir='ltr'>audemus</span> <span class='ocrx_word' id='word_1_532' title='bbox 1664 3441 1696 3475; x_wconf 87' lang='lat'>3.</span> <span class='ocrx_word' id='word_1_533' title='bbox 1721 3440 1753 3474; x_wconf 88' lang='lat'>4.</span> <span class='ocrx_word' id='word_1_534' title='bbox 1848 3438 1881 3483; x_wconf 84' lang='grc' dir='ltr'>Ρ)</span> <span class='ocrx_word' id='word_1_535' title='bbox 1908 3450 2025 3472; x_wconf 86' lang='lat' dir='ltr'>eorum</span> <span class='ocrx_word' id='word_1_536' title='bbox 2051 3438 2133 3471; x_wconf 75' lang='lat' dir='ltr'>add.</span> <span class='ocrx_word' id='word_1_537' title='bbox 2150 3437 2181 3470; x_wconf 91' lang='lat'>3.</span> <span class='ocrx_word' id='word_1_538' title='bbox 2278 3436 2310 3479; x_wconf 76' lang='lat' dir='ltr'>q)</span> <span class='ocrx_word' id='word_1_539' title='bbox 2337 3448 2423 3469; x_wconf 88' lang='lat' dir='ltr'>nun-</span> 
     </span>
     <span class='ocr_line' id='line_1_54' title="bbox 217 3493 2422 3552; baseline -0.007 -11"><span class='ocrx_word' id='word_1_540' title='bbox 217 3509 347 3543; x_wconf 84' lang='lat' dir='ltr'>ciantes</span> <span class='ocrx_word' id='word_1_541' title='bbox 372 3507 402 3541; x_wconf 88' lang='lat'>1.</span> <span class='ocrx_word' id='word_1_542' title='bbox 518 3508 547 3550; x_wconf 80' lang='lat'>1)</span> <span class='ocrx_word' id='word_1_543' title='bbox 573 3509 634 3552; x_wconf 70' lang='lat' dir='ltr'>spe</span> <span class='ocrx_word' id='word_1_544' title='bbox 662 3508 698 3547; x_wconf 91' lang='lat'>1;</span> <span class='ocrx_word' id='word_1_545' title='bbox 724 3508 882 3551; x_wconf 86' lang='lat' dir='ltr'>spiritum</span> <span class='ocrx_word' id='word_1_546' title='bbox 907 3506 939 3539; x_wconf 79' lang='lat'>2.</span> <span class='ocrx_word' id='word_1_547' title='bbox 964 3505 997 3540; x_wconf 90' lang='lat'>4.</span> <span class='ocrx_word' id='word_1_548' title='bbox 1107 3505 1135 3548; x_wconf 77' lang='lat' dir='ltr'>s)</span> <span class='ocrx_word' id='word_1_549' title='bbox 1161 3506 1336 3549; x_wconf 84' lang='lat' dir='ltr'>episcopos</span> <span class='ocrx_word' id='word_1_550' title='bbox 1363 3502 1392 3535; x_wconf 91' lang='lat'>1.</span> <span class='ocrx_word' id='word_1_551' title='bbox 1500 3502 1526 3543; x_wconf 67' lang='lat'>2)</span> <span class='ocrx_word' id='word_1_552' title='bbox 1553 3501 1643 3534; x_wconf 78' lang='lat' dir='ltr'>deest</span> <span class='ocrx_word' id='word_1_553' title='bbox 1667 3499 1698 3532; x_wconf 90' lang='lat'>3.</span> <span class='ocrx_word' id='word_1_554' title='bbox 1801 3505 1835 3540; x_wconf 61' lang='grc' dir='ltr'>ι1)</span> <span class='ocrx_word' id='word_1_555' title='bbox 1861 3509 2006 3541; x_wconf 85' lang='lat' dir='ltr'>regnum</span> <span class='ocrx_word' id='word_1_556' title='bbox 2030 3495 2061 3529; x_wconf 89' lang='lat'>3.</span> <span class='ocrx_word' id='word_1_557' title='bbox 2158 3496 2190 3537; x_wconf 82' lang='lat' dir='ltr'>v)</span> <span class='ocrx_word' id='word_1_558' title='bbox 2217 3496 2306 3538; x_wconf 87' lang='lat' dir='ltr'>quod</span> <span class='ocrx_word' id='word_1_559' title='bbox 2331 3494 2363 3527; x_wconf 90' lang='lat'>3.</span> <span class='ocrx_word' id='word_1_560' title='bbox 2390 3493 2422 3526; x_wconf 92' lang='lat'>4.</span> 
     </span>
     <span class='ocr_line' id='line_1_55' title="bbox 219 3552 2423 3611; baseline -0.009 -10"><span class='ocrx_word' id='word_1_561' title='bbox 219 3565 259 3607; x_wconf 84' lang='lat' dir='ltr'>w)</span> <span class='ocrx_word' id='word_1_562' title='bbox 285 3567 358 3600; x_wconf 80' lang='lat' dir='ltr'>loco</span> <span class='ocrx_word' id='word_1_563' title='bbox 381 3578 442 3611; x_wconf 89' lang='lat' dir='ltr'>pro</span> <span class='ocrx_word' id='word_1_564' title='bbox 468 3577 553 3599; x_wconf 88' lang='lat' dir='ltr'>com.</span> <span class='ocrx_word' id='word_1_565' title='bbox 571 3564 603 3599; x_wconf 81' lang='lat'>2.</span> <span class='ocrx_word' id='word_1_566' title='bbox 628 3564 666 3598; x_wconf 91' lang='lat'>4:</span> <span class='ocrx_word' id='word_1_567' title='bbox 693 3566 882 3609; x_wconf 81' lang='lat' dir='ltr'>premissis3</span> <span class='ocrx_word' id='word_1_568' title='bbox 919 3564 955 3597; x_wconf 74' lang='lat'>1:</span> <span class='ocrx_word' id='word_1_569' title='bbox 980 3563 1240 3608; x_wconf 87' lang='lat' dir='ltr'>compromissis.</span> <span class='ocrx_word' id='word_1_570' title='bbox 1358 3559 1392 3603; x_wconf 72' lang='lat'>¹)</span> <span class='ocrx_word' id='word_1_571' title='bbox 1419 3569 1583 3603; x_wconf 74' lang='lat' dir='ltr'>pacavero</span> <span class='ocrx_word' id='word_1_572' title='bbox 1610 3557 1640 3591; x_wconf 94' lang='lat'>1.</span> <span class='ocrx_word' id='word_1_573' title='bbox 1734 3556 1767 3598; x_wconf 73' lang='lat' dir='ltr'>y)</span> <span class='ocrx_word' id='word_1_574' title='bbox 1793 3557 1883 3589; x_wconf 77' lang='lat' dir='ltr'>enim</span> <span class='ocrx_word' id='word_1_575' title='bbox 1908 3555 2022 3598; x_wconf 86' lang='lat' dir='ltr'>gentis</span> <span class='ocrx_word' id='word_1_576' title='bbox 2046 3552 2078 3586; x_wconf 92' lang='lat'>3.</span> <span class='ocrx_word' id='word_1_577' title='bbox 2174 3552 2204 3594; x_wconf 91' lang='lat' dir='ltr'>z)</span> <span class='ocrx_word' id='word_1_578' title='bbox 2230 3564 2277 3595; x_wconf 90' lang='lat' dir='ltr'>pr.</span> <span class='ocrx_word' id='word_1_579' title='bbox 2305 3563 2423 3584; x_wconf 87' lang='lat' dir='ltr'>verum</span> 
     </span>
     <span class='ocr_line' id='line_1_56' title="bbox 218 3607 2423 3666; baseline -0.008 -10"><span class='ocrx_word' id='word_1_580' title='bbox 218 3624 376 3658; x_wconf 85' lang='lat' dir='ltr'>fidelibus</span> <span class='ocrx_word' id='word_1_581' title='bbox 400 3622 642 3666; x_wconf 45' lang='lat' dir='ltr'>adiecimus-¹24.</span> <span class='ocrx_word' id='word_1_582' title='bbox 679 3637 685 3642; x_wconf 60' lang='grc'><em>’</em></span> <span class='ocrx_word' id='word_1_583' title='bbox 739 3621 770 3664; x_wconf 68' lang='lat'>³)</span> <span class='ocrx_word' id='word_1_584' title='bbox 796 3627 894 3666; x_wconf 85' lang='lat' dir='ltr'>parte</span> <span class='ocrx_word' id='word_1_585' title='bbox 920 3621 948 3654; x_wconf 95' lang='lat'>1.</span> <span class='ocrx_word' id='word_1_586' title='bbox 975 3621 1007 3655; x_wconf 83' lang='lat'>2.</span> <span class='ocrx_word' id='word_1_587' title='bbox 1032 3620 1064 3654; x_wconf 92' lang='lat'>3.</span> <span class='ocrx_word' id='word_1_588' title='bbox 1159 3619 1191 3660; x_wconf 89' lang='lat' dir='ltr'>b)</span> <span class='ocrx_word' id='word_1_589' title='bbox 1217 3619 1456 3652; x_wconf 86' lang='lat' dir='ltr'>mandavimus</span> <span class='ocrx_word' id='word_1_590' title='bbox 1480 3615 1512 3649; x_wconf 89' lang='lat'>3.</span> <span class='ocrx_word' id='word_1_591' title='bbox 1619 3614 1650 3658; x_wconf 83' lang='lat' dir='ltr'>c)</span> <span class='ocrx_word' id='word_1_592' title='bbox 1676 3625 1799 3658; x_wconf 86' lang='lat' dir='ltr'>guerre</span> <span class='ocrx_word' id='word_1_593' title='bbox 1824 3612 1856 3646; x_wconf 89' lang='lat'>3.</span> <span class='ocrx_word' id='word_1_594' title='bbox 1951 3609 1984 3653; x_wconf 77' lang='lat' dir='ltr'>d)</span> <span class='ocrx_word' id='word_1_595' title='bbox 2011 3610 2102 3643; x_wconf 75' lang='lat' dir='ltr'>deest</span> <span class='ocrx_word' id='word_1_596' title='bbox 2124 3608 2155 3642; x_wconf 91' lang='lat'>4.</span> <span class='ocrx_word' id='word_1_597' title='bbox 2251 3607 2282 3651; x_wconf 80' lang='grc' dir='ltr'>θ)</span> <span class='ocrx_word' id='word_1_598' title='bbox 2307 3613 2367 3641; x_wconf 86' lang='lat' dir='ltr'>aut</span> <span class='ocrx_word' id='word_1_599' title='bbox 2395 3607 2423 3640; x_wconf 92' lang='lat'>1.</span> 
     </span>
     <span class='ocr_line' id='line_1_57' title="bbox 218 3678 790 3724; baseline -0.003 -9"><span class='ocrx_word' id='word_1_600' title='bbox 218 3680 252 3724; x_wconf 73' lang='lat' dir='ltr'>f)</span> <span class='ocrx_word' id='word_1_601' title='bbox 277 3683 349 3715; x_wconf 86' lang='lat' dir='ltr'>sive</span> <span class='ocrx_word' id='word_1_602' title='bbox 372 3681 406 3715; x_wconf 89' lang='lat'>3.</span> <span class='ocrx_word' id='word_1_603' title='bbox 431 3680 463 3714; x_wconf 85' lang='lat'>4.</span> <span class='ocrx_word' id='word_1_604' title='bbox 581 3681 615 3722; x_wconf 77' lang='lat'>8)</span> <span class='ocrx_word' id='word_1_605' title='bbox 643 3681 734 3713; x_wconf 78' lang='lat' dir='ltr'>deest</span> <span class='ocrx_word' id='word_1_606' title='bbox 758 3678 790 3713; x_wconf 89' lang='lat'>3.</span> 
     </span>
    </p>
   </div>
   <div class='ocr_carea' id='block_1_16' title="bbox 355 3726 2148 3778">
    <p class='ocr_par' dir='ltr' id='par_1_17' title="bbox 355 3726 2148 3778">
     <span class='ocr_line' id='line_1_58' title="bbox 355 3726 2148 3778; baseline -0.011 0"><span class='ocrx_word' id='word_1_607' title='bbox 355 3754 405 3778; x_wconf 77' lang='grc' dir='ltr'>ιι..</span> <span class='ocrx_word' id='word_1_608' title='bbox 432 3751 716 3778; x_wconf 75' lang='lat' dir='ltr'>CONSTITUTIONES</span> <span class='ocrx_word' id='word_1_609' title='bbox 740 3752 774 3776; x_wconf 88' lang='lat' dir='ltr'>n.</span> <span class='ocrx_word' id='word_1_610' title='bbox 2104 3726 2148 3760; x_wconf 84' lang='lat'>41</span> 
     </span>
    </p>
   </div>
  </div>
 </body>
</html>
