2558 3970
96 951 128 975 10

95 1295 125 1319 15

94 2143 128 2170 20

95 2526 127 2553 25

94 2873 128 2899 30

96 3216 128 3241 35

98 3595 132 3620 40

315 194 410 229 PAX
436 194 699 228 WEltNllEltl
730 194 947 229 Auelllissr.
976 195 1254 230 MOGUN'l'lNl
1284 196 1344 231 ΕΤ
1376 196 1598 231 helwile!
1631 197 1871 232 1'ALA'1'1N1.
1918 198 2012 231 mul.
2057 197 2117 232 Nr.
2136 197 2211 231 412.
2281 202 2363 237 (Ην.)

166 310 238 351 alii
284 323 377 351 cum
422 309 776 351 ministerialibus
820 315 861 350 et
902 311 1063 351 nuntiis
1097 317 1138 352 ct
1173 312 1337 352 civibus
1371 313 1439 367 qui
1473 313 1648 353 adorant
1692 314 1930 368 prenotatis
1965 313 2146 354 eundem
2183 315 2361 353 formam

165 379 286 434 pacis
328 393 374 420 se
420 383 669 420 servaturos
708 379 972 420 iuraverunt.
1094 384 1155 434 (3)
1203 381 1268 421 Ad
1312 381 1435 422 liuius
1476 396 1579 434 ergo
1623 384 1739 437 pacis
1784 382 2022 424 custodiam
2068 388 2362 424 convenerunt

165 447 386 488 nobiscum
429 447 610 503 predicti
642 448 819 488 comites
855 453 897 489 et
929 448 999 488 alii
1041 449 1189 493 iurati.
1234 449 1347 504 quod
1381 451 1562 505 quilibet
1595 451 1863 492 dominorum
1899 453 1937 492 iu
1974 452 2097 492 torris
2132 456 2173 491 et
2207 451 2361 491 tinibus

164 517 252 558 suis
286 516 457 559 ordinet
487 518 651 572 aliquot
685 518 796 558 viros
828 517 1036 573 ydoneos,
1072 518 1124 559 ad
1158 533 1264 574 quos
1300 520 1475 560 violatio
1511 521 1650 575 pacis,
1685 522 1717 561 si
1752 536 1833 575 qua
1868 520 1979 575 quod
2015 521 2127 560 absit
2162 520 2200 560 in
2237 520 2362 560 torris

166 591 209 628 et
239 586 396 627 finibus
429 586 518 626 suis
553 587 802 638 emerserit,
841 586 1113 627 reformanda
1152 587 1337 628 fideliter
1369 588 1604 634 deferatur,
1648 596 1689 630 et
1725 589 1782 629 illi
1818 603 1949 644 super
1982 605 2032 629 eo
2068 590 2191 629 iurati
2229 588 2358 628 viola-

164 657 320 698 tionem
356 655 488 711 paciS,
522 669 648 710 quam
683 657 937 702 invenerint,
971 656 1024 697 ad
1058 656 1275 697 dominum
1311 671 1432 698 suum
1469 660 1657 698 referent
1691 658 1801 698 bonu
1835 658 1930 698 tide.
1967 666 2007 698 ct
2042 659 2131 713 ipse
2166 657 2363 698 dominus

164 725 278 766 facta
320 723 373 765 ad
415 738 511 766 eum
553 724 793 766 huiusmodi
836 725 1045 766 relatione
1089 725 1225 780 ipsum
1262 727 1509 767 violatorem
1555 727 1672 781 pacis
1717 726 1767 766 ud
1811 727 2152 767 salissam-tientein
2190 726 2360 767 inducat

162 808 397 849 congruam
430 798 472 834 et
505 794 749 849 compellat.
812 794 938 842 Quod
971 795 1005 835 si
1039 794 1119 835 hoe
1155 795 1262 835 l‘orte
1298 795 1429 850 ipsius
1464 794 1622 835 domini
1652 796 1761 836 vires
1793 795 2041 837 excederet.
2077 796 2282 836 auxilium
2311 796 2363 835 ad

163 863 243 904 hoc
283 862 500 904 invocabit
539 863 788 904 iuratorum.
852 864 896 904 Si
931 878 1031 904 vero
1073 870 1221 919 posset
1254 869 1296 905 ct
1338 865 1472 905 nollet
1507 865 1756 906 violatorem
1792 880 1988 906 coercere
2023 867 2262 921 prefatum,
2298 865 2362 905 vel

166 932 201 973 si
233 932 343 973 sorte
376 932 467 987 ipse
500 932 699 974 dominus
734 933 914 974 violator
951 933 1068 988 pacis
1102 933 1335 980 existeret,
1380 948 1528 974 omnes
1563 934 1687 974 iurati
1723 935 1803 989 ipsi
1837 935 2056 975 adversari
2092 949 2165 989 pro
2203 935 2364 975 virilius

164 1001 441 1044 tenebuntur.
560 1002 625 1057 (4)
665 1001 837 1043 Dictum
881 1007 948 1044 est
990 1003 1120 1044 etiam
1164 1003 1204 1043 in
1250 1003 1368 1058 pacis
1416 1003 1539 1044 liuius
1582 1004 1814 1059 colloquio,
1860 1004 1972 1059 quod
2015 1004 2194 1059 quilibet
2239 1004 2362 1044 liomo

163 1071 319 1126 legalis
354 1085 505 1126 pacem
540 1070 793 1113 desiderans
828 1072 867 1112 in
903 1072 1023 1113 istius
1057 1073 1237 1114 formam
1263 1072 1422 1114 federis
1448 1073 1711 1114 admittatur.
1822 1075 1884 1127 (5)
1921 1074 2008 1114 Nos
2034 1074 2164 1128 igitur
2186 1074 2365 1113 vomitos

163 1140 449 1195 prenominati
492 1141 550 1182 ita
589 1155 664 1181 nos
711 1142 876 1183 iurasse
922 1142 1220 1197 sollempniter
1261 1144 1533 1186 confitemur,
1584 1148 1733 1184 nostra
1773 1144 1915 1197 sigilla
1957 1158 2041 1184 una
2083 1158 2177 1184 cum
2224 1143 2365 1197 sigillo

164 1209 391 1252 reverendi
425 1211 556 1266 patris
590 1210 751 1252 domini
786 1211 971 1252 Conradi
1004 1212 1319 1267 archiepiscopi
1345 1212 1616 1253 Coloniensis
1651 1218 1694 1253 et
1719 1213 1906 1253 civitatis
1933 1213 2206 1253 (toloniensis
2231 1227 2362 1267 appo-

167 1279 308 1321 nendo
341 1280 382 1320 in
416 1280 710 1321 testimonium
744 1285 788 1322 et
821 1281 948 1322 robur
980 1287 1191 1337 perpetue
1224 1282 1452 1323 firmitatis.

313 1348 469 1390 Actum
503 1354 545 1390 et
577 1349 722 1390 datum
758 1349 979 1402 colonica,
1012 1366 1123 1392 anno
1158 1356 1200 1392 et
1232 1350 1300 1392 die
1337 1351 1552 1406 predictis.

295 1727 426 1796 4472.
477 1725 685 1796 PAX
730 1725 1333 1797 WERNHER]
1384 1724 2225 1797 ARCHIEPJ‘SOOPI

262 1839 908 1913 MOGUNTINI
966 1842 1099 1913 ET
1155 1840 1692 1914 LUDOVIGJ
1747 1839 2279 1911 PALATfiNl.

1069 1979 1211 2027 1264.
1253 1981 1359 2028 Iun.
1392 1980 1471 2026 021.

307 2125 474 2167 Damus
504 2139 554 2166 ea·
584 2124 842 2178 autographo
875 2124 1078 2166 tabularia·
1097 2125 1241 2167 secreti
1262 2123 1516 2176 ‘reipublicae
1538 2123 1803 2174 Balearicae,
1835 2124 1902 2164 ezei
1924 2124 2026 2165 loris
2047 2123 2370 2165 membranaceis

162 2194 397 2247 appendent
433 2194 611 2236 duorum
641 2194 886 2246 principem
921 2194 1066 2247 sefflica
1106 2194 1327 2235 aclmodzmc
1367 2194 1493 2235 laesa.
1556 2192 1626 2233 Eat·
1666 2192 1802 2233 eodem
1833 2193 1943 2234 edita
1975 2195 2033 2233 est
2066 2193 2253 2246 ‘taellen
2283 2193 2373 2233 und

162 2264 480 2318 Ero'rterunyen
508 2277 586 2305 zur
624 2263 890 2316 bayerc'selien
921 2264 1010 2304 und
1039 2263 1257 2305 deutschen
1293 2263 1543 2306 Gesclct'chte’
1580 2262 1624 2313 V,
1646 2264 1732 2303 201
1764 2277 1831 2304 ur.
1854 2265 1920 2304 64.
1954 2288 2007 2293 ——
2039 2262 2235 2312 Bo'hmer,
2269 2262 2369 2315 Res).

163 2335 264 2387 imp.
293 2333 338 2385 V,
364 2335 518 2377 11963.
1988 2330 2061 2383 (P.
2085 2331 2227 2384 deest.)

307 2438 359 2479 In
401 2438 574 2480 nomine
607 2437 784 2480 Domini
826 2453 964 2480 amen.
1085 2438 1150 2494 (1)
1194 2437 1284 2479 Nos
1318 2437 1590 2478 Wernherus
1623 2436 1708 2478 Dei
1751 2435 1898 2491 gracia
1931 2439 2078 2476 sancte
2112 2434 2367 2488 Maguntine

165 2508 280 2550 sedis
319 2508 691 2564 archiepiscopus,
732 2508 843 2549 sacri
882 2509 1050 2564 imperii
1082 2506 1511 2557 archicancellarius,
1556 2510 1599 2547 et
1638 2520 1714 2547 nos
1746 2504 2003 2545 Lodewicus
2038 2503 2188 2545 eadem
2223 2503 2368 2558 gracia

165 2591 310 2619 eomes
341 2578 616 2634 palentinus³
638 2577 796 2629 Rheni,
829 2577 918 2618 dux
941 2578 1153 2623 Bawarie,
1188 2576 1541 2632 recognoscimus
1574 2580 1617 2617 et
1648 2579 1952 2631 protestamur,
1987 2573 2100 2629 quod
2133 2573 2185 2614 ad
2211 2573 2369 2614 bonum

164 2652 324 2689 statum
363 2647 585 2689 hominum
628 2652 671 2689 et
712 2651 922 2689 terrarum
967 2652 1209 2689 nostrarum
1254 2647 1522 2702 prestitimus
1574 2645 1856 2700 corporaliter
1901 2648 2216 2685 sacramentum
2265 2647 2369 2697 aput

163 2716 591 2773 Hemmingisbachl,
636 2717 749 2773 quod
792 2731 817 2758 a
858 2717 969 2759 festo
1013 2717 1151 2758 sancti
1192 2716 1396 2758 Iohannis
1446 2715 1632 2771 baptiste
1675 2715 1870 2769 proximo
1913 2727 2024 2754 nune
2069 2716 2245 2754 venturo
2285 2726 2362 2767 per
2391 2727 2508 2754 1=1u.z4.

163 2787 384 2829 biennium
417 2787 667 2828 continuum
698 2800 869 2842 pacem,
903 2800 985 2841 que
1018 2785 1231 2827 lantfrede
1265 2784 1503 2839 vulgariter
1535 2784 1791 2839 appellatur,
1825 2782 2011 2823 fideliter
2044 2795 2365 2831 conservemus,

166 2860 209 2898 et
239 2857 300 2898 ita
331 2856 446 2912 quod
468 2861 649 2912 uterque
675 2860 866 2897 nostrum
890 2856 932 2896 in
957 2855 1154 2896 omnibus
1180 2855 1268 2896 suis
1292 2854 1471 2905 iuribus,
1505 2853 1802 2908 dignitatibus,
1835 2851 2113 2893 libertatibus
2142 2855 2184 2892 et
2206 2851 2368 2892 honore

163 2929 428 2982 permaneat,
462 2926 575 2968 sicut
606 2926 685 2967 fuit
714 2925 1074 2981 predecessorum
1107 2939 1156 2966 ac
1189 2923 1516 2980 progenitorum
1550 2935 1724 2963 suorum
1758 2921 2028 2976 temporibus
2062 2934 2199 2975 usque
2228 2919 2369 2960 modo.

164 2994 227 3051 (2)
259 2995 523 3051 ReligiosuS,
556 2995 762 3051 prelatus,
798 2995 995 3046 clericus,
1028 3007 1188 3045 comes,
1222 2992 1345 3044 liber,
1378 2991 1592 3041 fassallus,
1617 2991 1925 3041 ministerialis,
1952 2990 2198 3040 castrensis,
2227 2989 2368 3040 miles,

164 3064 422 3121 oppidanus,
464 3064 588 3117 civis,
630 3065 814 3106 rusticus
852 3063 1105 3120 gaudebunt
1142 3077 1249 3118 pace
1289 3061 1443 3103 eadem
1486 3066 1678 3116 tempore
1721 3060 1863 3101 medio
1908 3060 2030 3100 iuxta
2074 3059 2137 3099 ius
2171 3073 2293 3099 suum
2325 3059 2368 3098 in

164 3134 360 3176 terminis
399 3134 555 3176 Palatii
599 3139 642 3175 et
680 3134 722 3175 in
773 3133 965 3176 terminis
1007 3133 1191 3174 ecclesie
1230 3131 1485 3187 Maguntine
1531 3130 1584 3171 ab
1629 3144 1742 3185 aqua
1783 3129 1901 3170 dicta
1940 3128 2094 3170 Lena²
2135 3142 2270 3183 usque
2314 3127 2367 3168 ad

165 3204 414 3246 Neckarum
447 3209 490 3245 et
520 3217 656 3259 usque
689 3203 742 3244 ad
773 3203 980 3245 terminos
1004 3202 1180 3253 Hassie,
1213 3201 1446 3256 Thoringie
1482 3203 1525 3242 et
1551 3199 1740 3241 Saxonie
1775 3203 1819 3239 et
1850 3212 1986 3253 usque
2010 3197 2122 3238 ultra
2145 3196 2363 3238 Bissovis-

164 3273 279 3314 heim
292 3273 322 3325 ³,
355 3273 467 3314 sicut
499 3272 792 3314 extenduntur
824 3272 997 3315 termini
1029 3272 1214 3314 ecclesie
1246 3274 1497 3312 memorate.
1619 3268 1684 3323 (3)
1718 3268 1821 3309 Post
1851 3267 2013 3309 festum
2045 3271 2189 3308 autem
2214 3271 2363 3308 sancte

164 3342 411 3397 Margarete
443 3342 685 3397 proximum
720 3346 876 3383 neuter
906 3345 1099 3383 nostrum
1132 3344 1326 3382 assumat
1357 3340 1525 3394 aliquos
1558 3338 1626 3380 vel
1658 3338 1846 3393 aliquem
1870 3336 1923 3377 ad
1953 3337 2205 3378 societatem
2240 3336 2360 3391 pacis
2390 3347 2505 3375 1u1.13.

164 3412 289 3453 istius
320 3412 414 3453 sine
447 3412 625 3453 alterius
657 3412 893 3453 voluntate.
956 3410 1026 3451 Ad
1057 3410 1140 3451 hoe
1171 3412 1354 3464 uterque
1388 3412 1582 3449 nostrum
1616 3406 1669 3448 de
1694 3407 1886 3462 quolibet
1908 3406 1989 3448 sibi
2023 3405 2217 3446 subiecto
2240 3405 2362 3446 iusti-

303 3515 392 3551 441.
424 3517 456 3559 a)
481 3517 589 3550 Colofi
615 3529 666 3550 or.

304 3584 390 3620 442.
423 3585 453 3628 a)
480 3587 578 3630 palffi
601 3599 651 3619 or.

307 3678 341 3719 1)
369 3676 570 3711 Hemsbach
593 3676 641 3711 ad
664 3680 813 3711 stratam
835 3680 1042 3710 υιοηιαηαηι
1061 3685 1175 3719 prope
1201 3673 1406 3709 Weinlwim.
1523 3674 1558 3715 2)
1586 3672 1706 3706 Lahn.
1825 3672 1861 3715 3)
1889 3670 2142 3713 Bischofsheun
2167 3670 2215 3705 ad
2239 3671 2370 3704 laevam

169 3734 295 3770 Moeni
317 3735 437 3778 repam
460 3733 554 3768 inter
578 3734 812 3780 Moyuntiam
838 3737 870 3768 et
898 3732 1198 3776 Francofurtmn.

305 3809 355 3834 ιι..
380 3809 665 3833 CONSTITUTIONES
688 3809 721 3832 11.
1658 3832 1661 3834 ,
2050 3791 2093 3826 77
