2558 3970
173 159 222 197 75
721 156 953 189 ΡΒΙΟΕΗΙὉΙ
984 156 1026 189 ll.
1053 154 1478 188 voNsTl'rU'l'loNES.
1528 157 1626 191 1‘219.
1674 157 1736 191 Nr.
1755 158 1809 192 135.

168 271 396 322 deperdito:
440 285 470 311 r.
505 283 534 310 ι
550 270 678 311 'oriens
708 273 744 310 et
774 270 959 310 ‹¹.z·1‘›·‹1ils'
994 269 1120 319 XXI,
1142 271 1180 314 2.
1201 270 1286 310 288
1316 282 1380 309 φιν.
1403 270 1472 311 26.
1538 269 1770 310 Editimzcm
1809 271 1988 322 primam
2018 284 2069 311 ex
2098 271 2350 323 automapho

163 340 333 389 pararit
374 338 548 379 Theium·
586 339 626 377 in
674 338 815 379 Codice
854 338 1113 389 diplomat-0
1143 338 1317 377 domimi.
1353 337 1589 388 amusan-alis
1620 338 1656 381 Ι,
1680 338 1733 377 51
1763 351 1827 378 ην.
1851 341 1917 380 76.
1949 363 2003 367 —
2039 337 2105 391 Cf.
2127 337 2350 379 Huillard-

169 406 384 447 Rrelwllcs
415 407 448 449 Ι.
473 410 565 446 1575.
627 406 819 447 helmaci:
854 405 951 457 ch.
986 406 1079 459 imp.
1114 405 1157 449 V.
1183 406 1304 445 1050.
1998 404 2068 457 (P.
2088 406 2207 459 231.)

311 544 395 595 (Cy)
427 543 444 594 ῗξ
477 542 522 582 111
557 543 726 583 nomino
761 542 841 582 Dei
881 543 1017 583 eterni
1057 546 1098 582 et
1131 542 1356 582 salvatoris
1400 541 1532 581 nostri
1567 541 1666 581 Iesu
1698 540 1870 587 Christi,
1905 555 2041 583 amen.
2103 542 2352 596 Fridericus}

168 619 347 651 stu-nudus
379 618 501 651 diviua
539 618 685 651 tiu-oute
709 617 908 651 clementia
929 616 1179 651 Romanorum
1202 610 1294 651 rex*
1327 627 1472 660 semper
1493 617 1672 660 augustus
1695 617 1731 650 et
1753 626 1816 650 rex
1841 615 1975 651 Sicilie.
2085 610 2146 665 (l)
2179 617 2345 663 Regnum

169 692 333 719 nostrum
367 689 454 719 tunc
488 685 646 719 stabiliri
679 685 905 726 confidimus,
939 696 1018 719 cum
1051 685 1293 726 Altissiinum,
1333 684 1377 719 de
1408 684 1511 718 cuius
1542 695 1654 718 manu
1686 695 1729 718 ea
1759 696 1830 728 que
1861 684 2091 729 possidemus
2123 685 2222 720 bona
2251 697 2348 721 rece-

167 755 296 798 pimus.
340 755 574 788 honoramus.
635 754 755 787 'Panto
787 753 884 787 enim
917 753 1086 794 Domino,
1119 753 1182 797 qui
1214 753 1312 787 bona
1342 752 1475 786 tribuit
1506 752 1624 793 nobis,
1657 752 1704 786 ad
1742 752 1948 788 offerendas
1985 753 2127 788 hostias
2159 754 2280 798 operis
2312 755 2351 789 et

166 823 378 857 ‹im-«wionis
410 823 661 867 astringimur,
694 825 834 866 quanto
868 822 989 866 ipsum
1020 821 1295 856 misericordem
1327 820 1365 854 in
1396 820 1503 855 nobis
1535 822 1573 855 et
1606 814 1893 856 miserabilem
1925 821 2146 866 experimur.
2208 821 2349 867 Cogno-

167 895 310 926 scentes
342 891 456 935 igitur
487 891 647 936 gratiam
679 902 750 934 que
781 891 870 924 data
902 893 958 924 est·
989 890 1096 925 nobis
1127 890 1173 924 ab
1204 889 1296 934 ipso,
1338 889 1519 923 habentes
1551 899 1698 932 quoque
1730 900 1795 933 pre
1828 889 1943 923 oculis
1974 889 2143 925 inmensa
2174 892 2213 925 et
2243 890 2349 926 innu-

167 971 264 994 mera
305 960 479 994 beneficia
515 962 648 997 vestra,
690 959 884 994 karissime
922 959 1070 993 domine
1109 961 1147 993 et
1182 957 1481 993 reverentissime
1512 959 1629 1002 pater,
1667 959 1858 1002 protector
1894 959 1932 993 et
1970 957 2186 994 benefactor
2221 961 2350 995 noster

584 1018 601 1034 :s

166 1028 313 1063 domine
343 1019 361 1075 Ξ
392 1021 554 1062 Honori
585 1036 602 1069 ᾗ
632 1028 699 1062 Dei
728 1028 853 1073 gratia
875 1038 1014 1061 summe
1036 1026 1205 1071 pontifex
1229 1026 1449 1068 venerande,
1481 1036 1547 1070 per
1568 1025 1671 1060 cuius
1692 1025 1922 1069 beneficium,
1956 1038 2107 1071 operam
2129 1028 2168 1062 et
2187 1027 2348 1063 tutelam

165 1096 247 1131 aliti
280 1108 414 1137 sumus,
453 1096 613 1140 protecti
644 1096 785 1140 pariter
816 1098 853 1131 et
884 1095 1056 1141 promoti,
1099 1097 1298 1140 postquam
1335 1095 1374 1129 in
1411 1094 1700 1130 sollicitudinem
1732 1096 1894 1130 vestram
1924 1097 2044 1131 mater
2074 1097 2203 1131 nostra
2232 1096 2351 1132 felicis

166 1165 340 1200 memorie
373 1164 594 1199 Constancia
627 1165 846 1209 imperatrix
879 1167 914 1199 et
947 1164 1077 1210 regina
1107 1164 1231 1199 Sicilie
1264 1175 1308 1198 ex
1334 1163 1415 1208 ipso
1439 1163 1546 1207 quasi
1571 1165 1679 1198 utero
1700 1175 1767 1198 nos
1789 1163 1956 1207 iactavit,
1989 1164 2104 1207 vobis,
2136 1163 2351 1200 beatissime

166 1237 283 1278 pater.
316 1237 351 1268 et
385 1233 554 1268 omnibus
587 1233 859 1268 successoribus
891 1233 1024 1267 vestris
1056 1232 1251 1267 catholicis
1283 1234 1485 1276 sancteque
1508 1231 1673 1267 Romane
1705 1232 1869 1275 ecclesie,
1902 1233 2057 1277 speciali
2078 1232 2190 1267 matri
2211 1234 2350 1276 nostre,

167 1314 312 1337 omnem
351 1302 612 1343 obedientiam,
655 1302 979 1337 honorificentiam
1021 1303 1135 1345 atque
1179 1301 1428 1336 reverentiam
1466 1312 1610 1345 semper
1647 1300 1780 1334 humili
1816 1301 1923 1336 corde
1959 1313 2002 1336 ac
2040 1302 2176 1336 devoto
2218 1301 2352 1347 spiritu

165 1371 418 1416 inpendemus,
451 1382 563 1414 quam
594 1370 871 1414 predecessores
902 1370 1021 1405 nostri
1052 1381 1158 1415 reges
1190 1372 1228 1404 et
1258 1370 1503 1414 imperatores
1535 1368 1711 1404 catholici
1734 1369 1867 1404 vestris
1898 1370 2195 1405 antecessoribus
2223 1370 2352 1415 inpen-

165 1439 261 1474 disse
292 1442 506 1480 noscuntur,
538 1439 654 1473 nichil
686 1439 818 1474 exinde
841 1439 1009 1474 volentes
1032 1438 1200 1480 diminui,
1234 1441 1291 1474 set
1312 1439 1431 1484 magis
1454 1438 1593 1483 augeri,
1625 1439 1668 1472 ut
1687 1439 1817 1472 nostra
1844 1438 1963 1483 magis
1985 1438 2135 1473 devotio
2158 1438 2353 1474 enitescat.

165 1501 230 1556 (2)
261 1509 370 1542 11111111
400 1508 517 1553 igitur
547 1508 715 1544 volentes
747 1507 896 1543 abolere
928 1508 1094 1551 abusum,
1133 1519 1243 1552 quem
1274 1507 1463 1542 interdum
1493 1506 1645 1551 quidam
1675 1507 1977 1551 predecessorum
2007 1509 2221 1542 nostrorum
2251 1518 2352 1543 exer-

166 1576 283 1611 cuisse
318 1579 548 1610 noscuntur
587 1579 624 1611 et
655 1576 830 1611 dicuntur
866 1576 904 1609 in
936 1575 1182 1611 electionibus
1220 1575 1462 1620 prelatorum,
1504 1575 1738 1610 concedimus
1771 1578 1809 1610 et
1839 1576 2034 1619 sancimus,
2076 1577 2119 1610 ut
2151 1575 2352 1611 electiones

166 1645 394 1689 prelatorum
424 1645 540 1680 libere
573 1647 609 1679 et
641 1644 817 1679 canonice
848 1645 950 1686 fiant,
983 1646 1168 1688 qua-tenus
1190 1643 1254 1679 ille
1281 1643 1495 1688 preficiatur
1521 1643 1675 1678 ecclesie
1698 1643 1848 1679 viduate
1870 1656 1982 1688 quem
2003 1646 2125 1679 totum
2147 1643 2352 1689 capitulum

166 1715 223 1749 vel
254 1714 372 1748 maior
404 1716 439 1748 et
473 1714 597 1748 sanior
628 1724 713 1758 pars
744 1713 860 1758 ipsius
892 1713 1040 1748 duxerit
1071 1713 1293 1758 eligendum,
1326 1713 1414 1747 dum
1443 1713 1553 1747 modo
1584 1712 1701 1747 nichil
1720 1705 1847 1747 desit*
1878 1713 1922 1748 de
1945 1713 2132 1748 canonicis
2154 1711 2352 1747 institutis.

167 1777 228 1830 (3)
259 1782 541 1827 Appellationes
581 1784 707 1817 autem
744 1782 809 1816 ina
838 1781 1003 1826 negociis
1044 1784 1082 1817 et
1119 1781 1239 1817 causis
1277 1781 1540 1816 ecclesiasticis
1578 1782 1625 1816 ad
1662 1781 1786 1816 sedem
1817 1782 2063 1826 apostolicam
2102 1781 2218 1816 libere
2249 1781 2351 1824 fiant,

167 1862 293 1885 earum
323 1851 623 1896 prosecutionem
656 1851 732 1885 sive
771 1862 986 1895 processum
1025 1851 1150 1885 nullus
1180 1850 1361 1896 impedire
1393 1852 1594 1895 presumat.
1713 1843 1778 1898 (4)
1810 1850 1920 1884 Illum
1951 1861 2098 1894 quoque
2129 1849 2352 1884 dimittimus

165 1924 200 1955 et
235 1920 439 1954 refutamus
480 1919 646 1962 abusum,
686 1931 796 1963 quem
832 1919 870 1953 in
904 1919 1128 1964 occupandis
1168 1919 1276 1954 bonis
1313 1919 1573 1954 decedentium
1609 1919 1839 1964 prelatorum
1869 1921 1935 1953 aut
1965 1919 2080 1954 etiam
2112 1918 2352 1954 ecclesiarum

166 1989 377 2023 vacantium
409 1988 528 2023 nostri
560 1990 834 2023 consueverunt
865 1990 1119 2023 antecessores
1152 1987 1386 2023 committere
1416 1999 1483 2032 pro
1515 1989 1619 2023 motu
1650 1987 1800 2032 proprie
1832 1987 2049 2022 voluntatis.
2110 1986 2243 2022 Omnia
2264 1998 2350 2022 vero

165 2057 349 2102 spiritalia
381 2057 485 2091 vobis
526 2059 563 2091 et
602 2057 685 2091 aliis
726 2057 964 2092 ecclesiarum
1002 2057 1158 2101 prelatis
1199 2056 1444 2100 relinquimus
1484 2055 1601 2091 libere
1638 2056 1879 2101 disponenda,
1920 2058 1962 2090 ut
1992 2067 2063 2100 que
2100 2057 2187 2091 sunt
2217 2055 2354 2091 cesaris

166 2126 281 2160 cesari
314 2127 350 2160 et
382 2136 453 2169 que
486 2127 571 2159 sunt
603 2125 671 2160 Dei
701 2125 778 2160 Deo
811 2126 914 2160 recta
945 2124 1210 2160 distributione
1241 2125 1454 2159 reddantur.
1565 2118 1627 2173 (5)
1661 2124 1778 2170 Super
1800 2124 2020 2160 eradicando
2043 2126 2170 2159 autem
2190 2123 2353 2159 heretice

166 2193 364 2238 pravitatis
397 2205 519 2228 errore
553 2194 733 2228 auxilium
764 2193 933 2227 dabimus
965 2195 1004 2228 et
1036 2205 1187 2238 operam
1219 2194 1440 2236 efficacem.v
1535 2186 1596 2241 (6)
1629 2193 1884 2229 Possessiones
1916 2193 2041 2237 etiam,
2073 2205 2165 2238 quas
2187 2193 2356 2228 Romana

169 2262 323 2297 eeclesia
355 2262 601 2307 recuperavit,
634 2262 680 2296 ab
711 2261 1009 2296 antecessoribus
1040 2261 1179 2297 nostris
1212 2273 1276 2296 seu
1307 2261 1538 2305 quibuslibet
1558 2261 1642 2296 aliis
1664 2263 1751 2296 ante
1773 2262 1956 2305 detentas,
1988 2262 2125 2297 liberas
2148 2263 2186 2296 et
2207 2261 2354 2306 quietas

165 2331 235 2364 sibi
267 2330 489 2365 dimittimus
522 2333 560 2365 et
590 2331 709 2376 ipsam
740 2330 787 2364 ad
818 2341 880 2364 eas
912 2329 1134 2365 obtinendas
1165 2329 1266 2364 bona
1303 2329 1373 2364 fide
1404 2329 1658 2374 promittimus
1691 2329 1878 2364 adiuvare.
1938 2329 2036 2371 Quas
2068 2341 2154 2364 vero
2185 2328 2350 2363 nondum

165 2399 396 2444 recuperavit
429 2399 475 2433 ad
506 2399 800 2444 recuperandum
831 2398 966 2433 erimus
998 2410 1065 2443 pro
1089 2398 1229 2432 viribus
1261 2397 1469 2440 adiutores;
1502 2401 1540 2432 et
1570 2409 1801 2442 quecumque
1833 2397 1879 2431 ad
1910 2408 2041 2432 manus
2069 2398 2217 2432 nostras
2245 2398 2351 2433 deve·

164 2468 278 2509 nient,
318 2468 395 2502 sine
435 2468 655 2502 difficultate
695 2479 737 2502 ac
774 2479 879 2502 mora
917 2467 951 2502 ei
988 2467 1186 2502 restituere
1227 2469 1450 2511 satagemus.
1511 2466 1568 2500 Ad
1604 2467 1671 2500 has
1702 2466 1868 2511 pertinet
1897 2467 1980 2500 tota
2009 2467 2110 2501 terra
2140 2477 2211 2510 que
2243 2467 2300 2501 est
2330 2477 2353 2500 a

165 2536 391 2571 Radicofono
424 2548 539 2581 usque
572 2537 812 2582 Cepemnum,
844 2536 1010 2570 marchia
1043 2535 1315 2578 Anchonitana,
1348 2535 1504 2570 ducatus
1536 2535 1770 2580 Spoletanus,
1802 2536 1904 2569 terra
1933 2533 2120 2569 comitisse
2147 2533 2350 2577 Mahtildis,

163 2605 361 2639 comitatus
400 2605 623 2647 Brutenorii,
665 2607 858 2640 exarcatus
898 2606 1059 2647 Rauene,
1103 2604 1330 2650 PentapoliS,
1370 2604 1494 2638 Massa
1531 2603 1709 2638 Trabaria
1747 2615 1829 2637 cum
1869 2602 2125 2638 adiacentibus
2167 2602 2276 2638 terris
2315 2604 2353 2638 et

167 2673 336 2707 omnibus
368 2674 451 2707 aliis
484 2674 530 2708 ad
560 2674 766 2708 Romanam
797 2674 993 2708 ecclesiam
1023 2673 1309 2718 pertinentibus,
1342 2674 1384 2707 ut
1415 2684 1476 2707 eas
1507 2672 1646 2707 habeat
1675 2671 1843 2706 Romana
1875 2671 2030 2706 ecclesia
2060 2671 2100 2705 in
2129 2672 2352 2716 perpetuum

165 2753 245 2775 cum
278 2742 377 2776 omni
408 2736 682 2784 iuridictioneb,
715 2742 887 2777 districtu
919 2744 957 2777 et
986 2743 1125 2777 honore
1147 2753 1223 2776 suo.
1275 2741 1542 2776 Verumtamen
1564 2752 1647 2775 cum
1669 2741 1715 2774 ad
1736 2739 1987 2784 recipiendam
2009 2750 2184 2774 coronam
2205 2739 2353 2785 imperii

165 2810 221 2843 vel
253 2822 319 2855 pro
357 2810 642 2845 necessitatibus
676 2811 828 2846 ecclesie
860 2811 907 2844 ab
938 2811 1146 2856 apostolica
1185 2810 1270 2845 sede
1303 2809 1426 2844 vocati
1457 2809 1677 2851 veniremus,
1716 2809 1760 2843 de
1791 2808 1969 2843 mandato
2002 2807 2135 2842 summi
2165 2807 2352 2852 pontificis

164 2878 382 2922 recipiemus
413 2879 694 2923 procurationes
726 2879 802 2914 sive
831 2879 976 2913 fodrum
1007 2879 1054 2913 ab
1085 2878 1186 2923 ipsis.
1305 2870 1368 2926 (7)
1402 2877 1535 2912 Omnia
1565 2877 1681 2922 igitur
1712 2876 1926 2922 supradicta
1957 2879 1995 2911 et
2017 2887 2247 2920 quecumque
2279 2876 2354 2911 alia

165 2946 353 2989 pertinent
385 2947 431 2980 ad
462 2946 666 2982 Romanam
699 2948 891 2982 ecclesiam
923 2948 968 2982 de
1000 2948 1195 2982 voluntate
1227 2948 1265 2980 et
1296 2945 1535 2988 conscientia,
1574 2945 1728 2980 consilio
1761 2947 1800 2980 et
1830 2957 2010 2980 consensu
2042 2944 2253 2990 principum
2285 2944 2350 2979 im-

165 3014 257 3057 perii
289 3014 403 3049 libere
435 3015 490 3048 illi
521 3015 756 3058 dimittimus,
788 3015 1047 3050 renunciamus
1080 3017 1117 3049 et
1138 3013 1380 3056 restituimus,
1412 3025 1480 3049 nec
1500 3025 1575 3049 non
1596 3014 1643 3048 ad
1665 3025 1811 3048 omnem
1843 3013 2055 3058 scrupulum
2076 3012 2350 3056 removendum,

165 3086 275 3126 prout
311 3083 441 3117 melius
480 3084 580 3118 valet
621 3088 657 3119 et
699 3084 881 3119 efficatius
923 3083 1096 3128 intelligi,
1141 3082 1386 3125 concedimus,
1426 3082 1649 3117 conferimus
1680 3084 1718 3116 et
1748 3082 1938 3124 donamus,
1981 3083 2023 3115 ut
2054 3080 2202 3115 sublata
2233 3081 2350 3116 omnis

164 3150 413 3185 contentionis
446 3154 483 3185 et
514 3152 754 3187 dissensionis
785 3151 962 3193 materia,
1003 3152 1107 3185 firma
1144 3162 1217 3195 pax
1249 3153 1287 3185 et
1325 3150 1437 3195 plena
1468 3143 1692 3185 concordia*
1723 3150 1822 3185 inter
1858 3149 2052 3185 ecclesiam
2083 3151 2121 3184 et
2151 3149 2350 3194 imperium

165 3222 412 3262 perseverent.
533 3215 545 3259 (
551 3215 593 3268 8)
626 3221 825 3256 Adiutores
858 3221 972 3256 etiam
995 3220 1130 3255 erimus
1152 3219 1200 3254 ad
1220 3219 1456 3254 retinendum
1478 3220 1516 3253 et
1537 3219 1807 3253 defendendum
1829 3218 1983 3253 ecclesie
2006 3217 2171 3252 Romane
2191 3228 2351 3262 regnum

165 3286 288 3321 Sicilie
333 3299 414 3321 cum
453 3289 621 3323 omnibus
659 3289 705 3323 ad
742 3290 863 3334 ipsum
897 3289 1154 3334 spectantibus
1193 3290 1271 3322 tam
1308 3287 1402 3322 citra
1434 3288 1566 3322 Farum
1598 3298 1709 3331 quam
1739 3287 1848 3330 ultra,
1891 3298 1960 3322 nec
1989 3297 2065 3321 non
2097 3285 2283 3320 Corsicam
2313 3287 2352 3320 et

2386 964 2425 1008 10'

2389 1310 2420 1335 15

2388 1645 2422 1671 20

2388 1990 2420 2016 25

2387 2331 2421 2356 30

2389 2678 2420 2704 35

2387 3020 2421 3045 40

165 3354 373 3389 Sardiniam
404 3367 445 3390 ac
477 3360 599 3392 cetera
632 3358 713 3392 iura
745 3360 842 3402 quec
874 3358 920 3392 ad
952 3370 1034 3393 eam
1065 3357 1252 3402 pertinere
1283 3359 1497 3399 noscuntur,
1535 3358 1727 3400 tamquam
1757 3355 1913 3390 devotus
1944 3354 2040 3388 filius
2072 3355 2110 3388 et
2140 3345 2346 3388 catholicus
2383 3359 2415 3383 45

2061 3414 2078 3430 'A

2067 3432 2078 3441 ‚-

164 3423 346 3468 princeps.
465 3418 527 3472 (9)
567 3425 618 3460 Ut
655 3429 781 3461 autem
818 3427 886 3461 hec
925 3426 1049 3461 omnia
1088 3427 1294 3461 memorato
1326 3425 1560 3460 sanctissimo
1591 3423 1691 3469 patri
1721 3425 1848 3458 nostro
1879 3422 2030 3457 domino
2060 3432 2078 3467 2
2109 3415 2303 3456 Honorio
2333 3412 2352 3466 Ξ

165 3495 396 3526 sacrosancte
430 3492 592 3527 Romane
626 3495 779 3529 ecclesie
812 3506 953 3528 summo
986 3493 1153 3538 pontifici
1185 3493 1338 3537 eiusque
1369 3492 1640 3527 successoribus
1677 3503 1743 3536 per
1772 3502 1840 3526 nos
1872 3493 1910 3526 et
1939 3493 2086 3526 nostros
2119 3500 2347 3525 successores

304 3609 365 3644 65.
396 3615 427 3651 a)
455 3617 642 3644 atramento
662 3613 855 3654 pallidiore
880 3624 929 3645 or.
1052 3612 1083 3653 b)
1109 3614 1154 3645 8ἱο
1179 3624 1227 3644 or.
1347 3612 1376 3652 ⁰)
1403 3623 1503 3654 quem
1529 3623 1578 3644 or.
2290 3619 2305 3633 ‘
