2558 3970
181 174 260 212 502
684 168 886 203 ALFONSI
913 169 1050 203 REGIS
1077 168 1504 203 CONSTITUTIONES.
1557 170 1654 204 1267.
1704 170 1766 205 Nr.
1784 171 1860 205 397.

181 300 255 325 seu
287 285 632 325 nominationem.
665 298 746 338 que
779 283 831 324 de
865 283 1035 324 domino
1069 284 1225 325 comite
1260 283 1518 338 R(ichardo)
1551 284 1664 325 facta
1695 284 1861 336 dicitur,
1898 286 2143 327 interventu
2176 287 2360 342 pecunie

181 358 402 406 aceeptate
415 358 442 392 Θ.

325 423 390 462 20.
432 421 539 461 Item
583 420 692 476 quod
733 435 806 475 pro
849 420 1088 462 huiusmodi
1123 422 1332 463 electione
1371 436 1445 463 seu
1479 423 1768 464 nominatione
1801 423 1984 478 quilibet
2020 437 2166 465 eorum
2199 425 2362 480 recepit

182 503 379 543 magnam
413 489 593 544 pecunie
627 489 927 544 quantitatem.

324 560 388 597 21.
422 558 531 599 Item
565 558 676 613 quod
711 559 752 599 in
786 558 1026 601 Alamania.
1060 558 1255 609 Francia,
1278 560 1453 615 Anglia,
1487 561 1615 602 Italia
1647 565 1689 601 01
1720 574 1797 616 per
1818 561 1927 601 alias
1952 564 2097 615 partes
2120 560 2361 602 christiani-

181 628 278 667 tatis
312 626 484 682 publica
516 632 558 667 et
590 627 864 668 consentiens
898 627 1012 668 fama
1044 631 1122 674 est,
1156 628 1267 683 quod
1299 643 1375 683 per
1407 630 1631 684 pecuniam
1665 629 1743 670 hoc
1774 629 1980 670 fecerunt.

323 697 388 735 22.
428 695 537 737 Item
583 695 692 750 quod
736 696 777 736 in
810 695 966 751 oppido
1000 695 1300 738 Frankenfurd
1342 697 1422 738 fuit
1455 702 1498 739 et
1531 702 1598 739 est
1630 697 1796 753 capella
1829 697 2077 753 sollempnis
2110 702 2153 739 et
2184 698 2364 751 famosa,

181 765 219 803 in
254 778 335 818 qua
369 769 687 805 consueverunt
720 765 929 805 electores
961 764 1175 820 principes
1208 767 1441 807 convenire
1473 766 1526 807 ad
1551 766 1798 808 habendum
1822 766 1875 807 de
1899 767 2112 808 electione
2136 770 2365 809 tractatum

182 840 222 873 et
255 833 383 874 etiam
417 833 467 873 ad
501 834 759 874 electionem
793 834 999 875 canonice
1035 834 1355 876 celebrandam.

325 903 390 943 23.
426 901 535 943 Item
569 902 682 956 quod
715 917 764 943 00
797 907 989 957 tempore
1022 916 1104 956 quo
1138 903 1331 944 eiusdem
1358 905 1525 945 comitis
1559 905 1713 946 electio
1745 918 1821 945 seu
1853 904 2088 945 nominatio
2121 904 2236 946 facta
2266 918 2363 960 pro-

182 970 364 1024 ponitur.
399 1001 406 1010 .
433 1004 440 1011 .
476 970 688 1025 quondam
714 971 990 1026 Maguntinus
1024 971 1370 1026 archiepiscopus
1403 973 1447 1013 in
1482 987 1652 1014 carcere
1677 977 1719 1014 et
1747 977 1961 1027 potestate
1985 973 2105 1015 ducis
2128 973 2181 1015 de
2204 973 2368 1015 Brons-

182 1039 273 1080 vich
308 1038 579 1081 detinebatur
611 1040 814 1094 captivus.

325 1110 391 1151 24.
425 1108 533 1149 Item
567 1108 681 1163 quod
713 1123 787 1163 pro
822 1122 1038 1150 consensu
1062 1109 1129 1150 vel
1163 1123 1355 1161 assensu,
1389 1123 1516 1164 quem
1549 1110 1591 1150 in
1623 1109 1737 1151 facto
1770 1108 1872 1151 dicti
1905 1110 2072 1151 comitis
2093 1110 2207 1151 idem
2229 1110 2369 1152 archi-

184 1178 410 1232 episcopus
443 1177 599 1217 dicitur
631 1177 888 1231 prestitisse,
922 1178 1084 1232 recepit
1115 1178 1208 1232 ipse
1231 1178 1299 1218 vel
1331 1178 1441 1219 alius
1473 1192 1550 1233 pro
1584 1192 1635 1219 00
1670 1191 1725 1219 ex
1757 1179 2043 1220 conventione
2074 1179 2192 1233 prius
2224 1179 2371 1221 habita

184 1260 380 1300 magnam
415 1247 596 1301 pecunie
630 1246 931 1300 quantitatem:
967 1250 1008 1286 et
1041 1246 1094 1287 de
1128 1246 1208 1287 hoc
1242 1252 1308 1287 est
1339 1246 1514 1301 publica
1547 1252 1589 1289 et
1622 1247 1894 1289 consentiens
1926 1246 2040 1287 fama
2072 1248 2114 1288 in
2137 1246 2367 1289 Alamania

183 1322 224 1355 et
257 1320 322 1356 est
355 1320 501 1356 notum
535 1319 577 1356 et
610 1315 838 1355 notorium.

325 1386 389 1425 25.
432 1383 541 1425 Item
575 1384 686 1438 quod
728 1383 841 1425 idem
873 1383 1153 1438 Maguntinus
1193 1383 1546 1439 archiepiscopus
1587 1385 1823 1439 specialem
1863 1385 2058 1425 nuntium
2089 1398 2186 1425 cum
2216 1385 2370 1427 litteris

183 1453 269 1492 suis
303 1453 416 1493 misit
448 1453 488 1493 in
522 1452 743 1508 Ispaniam
778 1452 830 1493 ad
863 1452 1082 1493 dominum
1115 1466 1277 1507 regem,
1309 1467 1386 1508 per
1419 1467 1524 1508 quas
1558 1453 1610 1494 de
1635 1454 1860 1506 electione,
1894 1467 1976 1508 que
2009 1453 2123 1495 facta
2145 1453 2372 1496 dicebatur

183 1521 233 1562 de
267 1521 438 1562 domino
472 1522 626 1563 comite
652 1521 918 1575 R(ichardo),
952 1536 998 1563 se
1031 1521 1174 1562 multis
1208 1523 1348 1563 causis
1381 1527 1424 1563 et
1453 1523 1693 1564 rationibus
1716 1523 1967 1574 excusabat,
1998 1523 2112 1564 inter
2133 1523 2217 1564 alia
2240 1523 2371 1578 signi-

183 1591 315 1631 ficans
349 1595 390 1631 et
423 1590 609 1632 offerens
632 1590 802 1631 domino
829 1591 931 1645 regi,
965 1590 1079 1645 quod
1102 1590 1443 1645 recognoscebat
1476 1605 1574 1633 eum
1595 1605 1744 1633 verum
1768 1591 1987 1632 dominum
2011 1596 2055 1633 et
2076 1605 2221 1646 regem
2245 1606 2368 1633 suum

186 1664 229 1699 et
261 1659 374 1714 quod
407 1660 445 1700 ei
477 1660 518 1700 in
551 1659 838 1700 Theotoniam
872 1660 1062 1701 venienti
1102 1664 1279 1715 paratus
1313 1665 1406 1701 erat
1438 1664 1657 1715 tamquam
1691 1661 1785 1715 regi
1817 1664 1862 1701 et
1893 1659 2065 1701 domino
2099 1660 2296 1708 obedire;
2332 1665 2375 1701 et

185 1727 297 1783 quod
330 1728 510 1783 rogabat
544 1742 654 1773 eum.
690 1727 803 1783 quod
837 1727 916 1768 sibi
949 1728 1065 1768 cordi
1097 1733 1214 1769 esset
1242 1729 1389 1770 ulcisci
1423 1729 1620 1770 iniuriam
1652 1743 1728 1784 per
1759 1728 1912 1770 ducem
1945 1728 1998 1770 de
2022 1729 2261 1771 Bronsvich
2294 1728 2375 1770 sibi

190 1803 231 1837 et
264 1797 444 1838 ecclesie
478 1811 553 1838 sue
585 1797 749 1838 illatam
767 1797 792 1838 ¹.

329 1867 395 1907 26.
429 1866 537 1907 Item
572 1866 683 1920 quod
715 1865 817 1907 dicit
849 1870 891 1906 et
924 1866 1123 1921 proponit
1154 1866 1295 1908 dictus
1327 1870 1578 1922 procurator
1609 1867 1722 1922 regis
1754 1866 2064 1917 Romanorum,
2099 1865 2288 1908 Castelle
2322 1880 2372 1907 ac

184 1935 391 1990 Legionis
423 1935 622 1985 illustris,
656 1935 768 1990 quod
801 1934 902 1976 dicti
935 1935 999 1975 IV
1031 1936 1248 1991 principes
1281 1936 1483 1977 catholici
1518 1940 1560 1977 et
1591 1935 1757 1986 fideles,
1790 1934 1992 1976 videlicet
2024 1935 2134 1977 bone
2168 1935 2375 1976 memorie

186 2004 398 2059 quondam
431 2003 709 2045 Treverensis
749 2004 1124 2058 archiepiscopus,
1168 2004 1348 2045 Boemie
1380 2018 1457 2046 rex
1498 2005 1699 2055 illustris,
1742 2004 1932 2045 marchio
1966 2004 2370 2059 Brandeburgensis

187 2081 228 2114 et
259 2073 347 2113 dux
382 2073 589 2114 Saxonie.
632 2072 888 2114 adveniente
927 2073 1123 2128 predicto
1157 2073 1339 2114 termino
1382 2087 1458 2128 per
1490 2087 1587 2124 eos,
1630 2077 1676 2114 ut
1708 2072 1867 2113 dictum
1902 2077 1987 2124 est,
2032 2073 2085 2114 ad
2118 2074 2375 2115 electionem

188 2141 488 2183 celebrandam
524 2146 699 2193 statuto,
731 2141 935 2196 predictis
968 2141 1135 2183 duobus
1168 2142 1431 2197 principibus
1462 2147 1503 2183 et
1526 2142 1778 2197 Maguntino
1812 2143 1986 2184 minime
2011 2142 2371 2198 comparentibus,

189 2216 254 2251 set
286 2210 328 2250 in
360 2210 540 2265 perfidia
564 2215 606 2252 et
630 2211 898 2251 contumacia
919 2225 996 2252 sua
1028 2211 1423 2266 perseverantibus,
1459 2211 1768 2252 convenientes
1790 2212 1833 2252 in
1863 2211 1958 2252 loco
1981 2211 2124 2252 debito
2148 2215 2191 2253 et
2213 2215 2373 2252 statuto

188 2285 276 2320 tum
308 2293 384 2334 per
417 2293 461 2320 se
502 2284 589 2320 tum
631 2293 709 2334 per
743 2280 849 2321 alios
882 2293 958 2320 seu
991 2280 1142 2331 alium,
1182 2280 1364 2321 servatis
1397 2279 1596 2321 omnibus
1628 2279 2010 2321 consuetudinibus
2044 2284 2088 2320 et
2120 2279 2371 2335 sollempni-

188 2348 348 2389 tatibus
389 2347 571 2389 Romani
618 2349 805 2404 imperii,
847 2363 928 2404 que
974 2349 1113 2390 solent
1152 2352 1194 2389 et
1226 2348 1386 2390 debent
1425 2349 1586 2390 servari
1619 2349 1661 2389 in
1694 2349 1906 2390 electione
1938 2348 2123 2390 Romani
2155 2348 2376 2404 principis,

190 2416 398 2457 habentes
430 2423 529 2458 ante
563 2417 707 2458 oculos
738 2431 815 2473 per
846 2418 1010 2459 litteras
1043 2417 1335 2473 apostolicas2
1368 2417 1532 2459 eisdem
1565 2418 1648 2459 iam
1682 2422 1954 2473 presentatas
1988 2418 2225 2473 apostolice
2259 2417 2375 2458 sedis

192 2485 415 2525 consilium
448 2490 491 2527 et
521 2486 789 2538 mandatum,
833 2487 1072 2542 predictum
1107 2487 1324 2528 dominum
1362 2501 1511 2541 regem
1546 2486 1737 2528 Castelle
1770 2500 1819 2527 ac
1851 2487 2055 2541 Legionis
2090 2486 2298 2527 illustrem
2332 2486 2375 2526 in

192 2554 480 2595 Romanorum
523 2570 670 2610 regem
710 2555 1049 2610 promovendum
1087 2557 1130 2596 in
1169 2557 1472 2610 imperatorem
1516 2555 1786 2597 concorditer
1825 2559 1867 2596 et
1899 2556 2103 2596 canonice
2137 2555 2375 2609 elegerunt,

193 2624 299 2664 sicut
332 2625 373 2665 in
408 2624 581 2666 decreto
615 2626 836 2667 electionis
868 2625 1003 2681 ipsius
1036 2629 1079 2666 et
1112 2626 1265 2666 litteris
1299 2625 1564 2680 principum³
1596 2625 1786 2680 ipsorum
1818 2625 2010 2678 apertius
2044 2624 2298 2665 continetur.

337 2695 403 2735 27.
437 2693 547 2734 Item
579 2694 692 2749 quod
725 2695 980 2736 electionem
1010 2695 1146 2750 ipsam
1179 2709 1274 2735 cum
1307 2695 1474 2749 ingenti
1506 2693 1677 2749 gaudio,
1712 2694 1822 2734 sicut
1853 2693 1944 2735 fieri
1975 2693 2137 2745 debuit,
2171 2693 2374 2747 sollemp-

194 2762 303 2802 niter
334 2762 622 2817 publicarunt.

337 2833 401 2871 28.
436 2831 545 2872 Item
579 2831 690 2886 quod
723 2832 823 2873 dieti
855 2832 919 2873 IV
952 2833 1166 2887 principes
1200 2831 1435 2887 predictam
1470 2832 1725 2873 electionem
1758 2831 1810 2872 de
1842 2831 2015 2872 domino
2047 2845 2149 2886 rege
2173 2830 2375 2872 canonice

196 2899 456 2940 celebratam
496 2906 843 2956 recognoverunt
881 2906 924 2942 et
965 2901 1330 2956 approbaverunt,
1373 2905 1589 2955 tamquam
1631 2901 1865 2955 legitimam
1898 2904 1940 2941 et
1972 2904 2107 2941 ratam
2141 2904 2182 2940 et
2213 2899 2378 2940 firmam

196 2968 437 3008 habuerunt
476 2973 518 3008 et
558 2969 807 3010 iuraverunt
845 2968 1036 3024 predicto
1078 2969 1250 3009 domino
1292 2969 1383 3023 regi
1424 2968 1599 3010 obedire
1641 2973 1683 3010 et
1720 2969 1925 3009 assistere
1962 2972 2180 3023 tamquam
2221 2967 2377 3021 glorio-

198 3037 359 3076 sissimo
390 3036 679 3078 Romanorum
713 3039 801 3092 regi
835 3042 877 3078 et
909 3038 1050 3078 futuro
1083 3038 1330 3093 imperatori
1363 3052 1412 3078 ac
1447 3037 1616 3078 domino
1649 3051 1743 3078 suo.

340 3107 404 3145 29.
439 3105 548 3146 Item
583 3107 695 3161 quod
729 3106 831 3147 dicti
854 3106 920 3146 IV
944 3107 1156 3161 principes
1180 3106 1439 3148 electionem
1464 3111 1507 3148 et
1529 3107 1802 3148 concordiam
1825 3119 1970 3147 eorum
1995 3106 2048 3147 de
2071 3105 2184 3146 dicto
2207 3104 2379 3145 domino

199 3188 299 3227 rege
344 3174 547 3215 canonice
587 3175 847 3216 celebratam
887 3189 962 3230 per
1004 3176 1264 3231 sollempnes
1303 3176 1508 3217 officiales
1549 3177 1736 3232 imperii,
1770 3175 1971 3216 videlicet
2005 3174 2253 3229 Spirensem
2287 3173 2378 3228 epi-

201 3243 399 3296 scopum*
433 3244 734 3284 cancellarium
774 3245 942 3299 imperii
984 3248 1027 3284 et
1067 3244 1170 3285 alios
1210 3258 1389 3299 magnos
1423 3250 1466 3286 et
1499 3245 1768 3286 venerabiles
1803 3244 1910 3284 viros
1944 3244 2122 3284 clericos
2155 3247 2199 3284 et
2230 3242 2380 3293 laicos,

203 3311 373 3350 nuntios·
407 3316 449 3351 et
481 3317 781 3366 procuratores
815 3327 961 3353 eorum
996 3318 1097 3353 tunc
1130 3314 1169 3353 in
1197 3313 1430 3368 Yspaniam
1456 3314 1677 3355 venientes
1708 3312 1900 3368 predicto
1930 3311 2102 3353 domino
2132 3311 2223 3365 regi
2246 3310 2375 3351 devo-

338 3413 424 3447 397.
456 3419 486 3457 Β)
512 3419 676 3457 accepta?
695 3427 721 3448 c.

341 3505 373 3536 1»
410 3503 629 3537 Galum-dnm
666 3505 980 3549 archiepiserqmm,
1018 3506 1081 3550 qui
1111 3506 1193 3539 obiit
1225 3517 1258 3541 (ι.
1282 3510 1370 3541 1259.
1403 3505 1492 3548 Sept.
1515 3510 1566 3548 25,
1599 3505 1670 3538 ‘iam
1700 3507 1782 3538 ‹07th
1812 3504 1900 3539 diem.
1924 3505 2017 3549 Any.
2036 3510 2074 3539 16
2103 3516 2136 3539 a.
2159 3508 2238 3538 1:258
2264 3515 2287 3536 α
2309 3514 2384 3547 reye

205 3559 380 3593 Richards}
416 3560 620 3603 declinasse,
653 3562 798 3604 probari
833 3563 966 3596 ridetur
998 3567 1099 3597 carm
1128 3564 1215 3606 reglis·
1246 3563 1308 3597 hoc
1337 3563 1392 3596 die
1422 3563 1524 3604 (Ιιιῖιις
1558 3562 1716 3604 ΒόΙιηιεν,
1751 3561 1830 3605 Res).
1856 3562 1936 3605 imp.
1959 3562 1997 3605 V,
2015 3565 2108 3596 5352.
2225 3562 2260 3602 2)
2288 3561 2382 3595 Sunt

203 3618 333 3649 litterae
358 3618 556 3650 Alexandri
582 3619 605 3651 1
617 3619 649 3651 V.
675 3631 706 3652 a.
729 3625 822 3653 1256.
850 3620 978 3653 111123
1009 3620 1050 3653 (10
1075 3632 1147 3653 von
1172 3620 1330 3664 eliqemlo
1356 3619 1584 3661 Cano-adium
1621 3618 1823 3662 Hodenbery
1848 3619 1926 3657 ΙΙΙ,
1951 3624 2102 3653 111·.440.
2217 3618 2252 3661 3)
2283 3620 2382 3662 Quae

204 3673 380 3717 deperdita
408 3685 476 3707 mse
499 3675 657 3710 dolemus.
775 3677 809 3717 4)
836 3677 1045 3710 Heinricnm
1073 3679 1222 3711 electum.
1274 3677 1331 3710 De
1357 3677 1527 3720 leynclimze
1551 3677 1594 3717 cf.
1616 3676 1772 3718 manzer,
1803 3676 1883 3719 Rea.
1909 3677 1990 3719 imp.
2014 3675 2052 3718 V,
2070 3681 2193 3709 54880.

2406 920 2438 945 10

2409 1262 2439 1286 15

2409 1603 2442 1628 20

2413 1946 2444 1972 25

2413 2298 2446 2323 30

2415 2640 2447 2665 35

2418 2985 2452 3009 40

2419 3685 2452 3710 50
