2558 3970
131 906 162 930 10

131 1253 163 1278 15

132 1598 164 1624 20

134 1946 166 1971 25

138 2298 170 2323 30

141 2639 173 2664 35

147 3354 179 3378 45

151 3647 184 3672 50

732 147 974 184 FRIDERICI
1004 148 1045 182 11.
1074 146 1506 182 CONSTITUTIONES.
1560 146 1657 181 1:244.
1711 146 1772 180 Nr.
1791 147 1869 180 252.
2325 147 2405 186 345

339 267 404 323 (5)
439 266 532 314 Que
567 279 660 307 cum
706 265 843 321 parati
886 277 1082 305 essemus
1117 272 1216 318 per¹¹
1249 265 1391 305 omnia
1425 264 1679 305 observare.
1727 262 1926 303 dominus
1961 276 2071 318 papa
2106 266 2245 301 motus
2281 275 2405 316 prop—

197 341 336 388 terea,
378 337 478 392 quia
515 335 770 377 nolebamus
813 335 854 375 in
897 347 994 374 eum
1037 347 1168 389 super
1207 334 1388 387 negocio
1422 331 1785 374 Lmnbardorum.
1827 331 1879 372 de
1916 331 2079 372 iuribus
2112 335 2153 370 ct
2187 329 2407 384 regalibus

197 406 356 448 nostris
403 405 569 446 scilicet
608 405 977 459 compromittere.
1025 408 1154 457 negat
1194 409 1237 443 ct
1284 403 1426 443 differt
1469 402 1790 442 abalim-itmem
1841 406 2053 441 nostram.
2102 399 2312 440 volentis¹¹
2356 398 2408 438 (le

197 475 457 521 manifestis,
499 487 575 529 pro
609 473 764 528 quibus
799 472 1160 514 excommunicati
1195 472 1413 512 fucramus
1449 471 1502 512 ab
1538 471 1705 510 humine
1743 471 1805 510 vel
1843 484 2031 510 canone.
2078 470 2332 510 satisfacere
2367 474 2408 508 ct

196 543 423 586 emendam
457 547 651 598 prestare
687 548 727 582 et
761 542 811 582 ‹lc
845 541 987 582 dubiis
1020 541 1253 582 satisdare.
1296 540 1528 581 dummodo
1566 540 1688 580 uobis
1723 541 2023 595 ‹rexpriumntur
2056 555 2118 579 ca.
2155 553 2236 593 que
2272 538 2406 578 maui-

195 615 310 656 festa
342 618 385 654 et
419 613 459 653 in
494 626 626 654 causa
663 611 880 652 manifesti
916 626 1013 651 esse
1038 610 1234 651 dominus
1269 624 1377 665 papa
1405 609 1530 650 dicat.
1592 609 1656 649 Ad
1684 609 1953 649 ostendenda
1990 615 2184 664 preterea
2213 608 2409 647 111ai‹›ris¹'

197 682 447 725 devocionis
483 682 607 736 signa
642 681 834 721 misimus
868 679 1087 735 predictos
1124 680 1352 733 magistros
1386 679 1562 719 Petrum
1598 684 1638 719 et
1674 678 1899 719 'l‘addeum
1936 679 2122 718 munitos
2159 677 2407 732 plenissima

199 752 454 793 auctoritate
488 751 758 805 generalium
793 755 834 790 et
868 749 1151 803 singularium
1186 748 1487 788 mandatorum
1513 754 1555 788 et
1591 748 1846 787 litterarum.
1905 748 2022 793 Quas
2049 746 2228 801 predicti
2255 746 2408 786 nuncii.

198 826 427 878 postquam
463 819 673 862 iveruntd.
716 819 768 860 de
804 817 1003 859 mandato
1038 818 1192 858 summi
1227 818 1441 873 pontificis
1488 817 1623 857 tribus
1660 816 1952 857 cardinalibus
1988 815 2295 856 ostcmlcrunt.
2339 829 2413 870 per

200 897 308 947 que⁰
341 890 570 931 manifeste
605 888 845 938 constabat.
881 887 992 943 quod
1028 901 1156 942 super
1191 886 1388 927 omnibus
1423 893 1466 927 et
1501 886 1682 940 singulis
1709 886 1907 940 capitulis
1932 899 2014 939 que
2038 885 2267 925 manifesta
2292 888 2412 923 erant

200 960 454 1002 satisfacere
489 963 689 1014 poterant
721 962 764 999 et
799 957 1015 1001 volebant.
1050 956 1332 998 ostendentes
1368 955 1531 997 eciams
1563 956 1828 1010 sollempnes
1866 955 2047 994 nuncios
2082 958 2270 1009 paratos,
2305 966 2412 1007 quos

201 1043 349 1072 secum
382 1028 434 1070 ad
469 1029 630 1070 curiam
654 1027 896 1069 Romanam
926 1026 1154 1075 duxerant,
1192 1025 1424 1066 mittendos
1458 1039 1534 1081 pro
1570 1023 1838 1079 exequendis
1864 1023 2062 1064 omnibus
2098 1022 2304 1078 predictis
2339 1036 2416 1077 per

202 1099 395 1155 singulas
428 1101 573 1154 partes
606 1097 774 1153 imperii
810 1100 853 1138 et
888 1097 1007 1152 regni
1041 1096 1178 1137 nostri
1213 1095 1404 1145 Siciliess,
1446 1108 1566 1135 mora
1599 1094 1794 1149 qualibet
1825 1099 1868 1134 et
1902 1093 2187 1148 ambiguitate
2223 1092 2413 1133 remotis.

199 1168 257 1210 Et
293 1182 389 1210 cum
435 1167 618 1223 predicti
658 1167 804 1208 nuncii
848 1167 1060 1207 instanter
1103 1166 1337 1207 instarent.
1385 1169 1431 1205 ut
1473 1165 1506 1205 si
1548 1178 1632 1219 qua
1673 1163 1756 1205 alia
1798 1163 1996 1204 (lominus
2038 1175 2153 1217 papa
2185 1161 2415 1201 manifesta

200 1237 427 1280 habereth.
475 1237 741 1292 exprimeret
787 1241 830 1277 ct
872 1236 1010 1277 eciam
1045 1234 1349 1290 responderet,
1395 1235 1429 1274 si
1465 1233 1545 1275 sibi
1585 1234 1778 1289 placeret
1811 1233 1851 1273 in
1887 1231 2067 1287 singulis
2104 1230 2255 1271 modus
2290 1229 2416 1271 satis-

201 1307 400 1349 factionis
435 1306 621 1355 oblatus,
656 1310 856 1347 neutrum
891 1306 1069 1346 istorum
1103 1305 1300 1361 optinere
1334 1307 1587 1360 potuerunt:
1622 1303 1704 1343 nisi
1739 1301 1853 1357 quod
1886 1301 2086 1342 dominus
2120 1314 2233 1355 papa
2258 1304 2416 1341 terram

202 1377 283 1418 sibi
317 1375 574 1432 simpliciter
607 1373 797 1416 restituii
830 1374 1082 1430 postulabat
1116 1378 1158 1415 et
1192 1374 1276 1415 alia
1311 1388 1388 1415 suo
1415 1373 1596 1414 consilio
1620 1372 1889 1422 reservabat,
1926 1371 2116 1412 adiciens
2140 1369 2252 1425 quod
2277 1369 2416 1409 omnia

201 1460 283 1501 que
314 1445 548 1487 manifesta
580 1450 703 1487 erant
734 1444 960 1486 nesciebat
992 1443 1046 1484 ad
1081 1458 1283 1500 presens,
1319 1442 1390 1484 etk
1423 1441 1538 1497 quod
1572 1442 1709 1483 multa
1743 1442 1971 1482 manifesta
2006 1440 2167 1481 sciebat
2201 1454 2282 1495 que
2318 1444 2418 1479 tunc

201 1515 345 1557 dicere
388 1528 471 1556 non
507 1513 712 1556 volebat¹.
775 1513 899 1560 Quod
942 1528 1037 1555 cum
1090 1513 1274 1568 predicti
1319 1512 1463 1553 nuncii
1503 1512 1629 1553 nimis
1669 1511 1791 1552 nobis
1832 1510 2122 1567 periculosum
2157 1513 2419 1559 assererent,

200 1589 356 1626 terram
382 1585 549 1626 scilicet
570 1584 803 1625 restituere
827 1588 870 1625 et
893 1597 971 1624 nos
995 1581 1314 1638 quodammodo
1339 1582 1611 1633 demunireffl,
1636 1581 1883 1636 priusquam
1914 1593 1991 1635 per
2017 1578 2245 1620 ecclesiam
2268 1591 2419 1633 pacem

200 1654 483 1706 haberemus,
529 1659 572 1695 ct
615 1653 938 1709 particulariter
977 1653 1232 1694 satisfacere
1279 1656 1321 1693 et
1360 1652 1420 1693 sic
1454 1651 1526 1692 diu
1560 1656 1732 1706 postea.
1767 1650 1871 1691 dum
1910 1649 2066 1704 aliquis
2102 1647 2308 1689 articulus
2343 1661 2419 1687 ex-

201 1723 459 1779 cogitandus
494 1728 748 1779 superesset
780 1723 851 1778 qui
884 1722 1144 1764 manifestus
1178 1721 1410 1771 diceretur,
1445 1722 1486 1762 in
1520 1720 1979 1762 excommunicacione
2005 1732 2180 1759 manere
2195 1724 2225 1758 ¹¹.
2259 1716 2419 1771 suppli-

202 1793 387 1834 cabant0
424 1793 651 1845 instanter,
697 1798 744 1834 ut
787 1792 839 1834 de
874 1793 1029 1834 oblatis
1063 1796 1106 1833 et
1137 1790 1374 1832 secundum
1409 1790 1601 1832 oblatum
1636 1789 1831 1839 modum,
1867 1789 1900 1829 si
1935 1788 2156 1829 sufficiens
2190 1786 2422 1833 videretur.

204 1862 501 1904 satisfactione
543 1867 720 1918 recepta
760 1867 802 1904 et
844 1862 1159 1904 satisdatione¹¹
1192 1861 1245 1902 de
1279 1860 1441 1909 dubiis,
1488 1874 1620 1915 super
1653 1858 1780 1900 modo
1817 1864 1860 1899 et
1896 1863 2092 1913 tempore
2126 1855 2422 1898 absolucionis

204 1936 350 1974 nostre
393 1931 724 1974 certitudinem‘l
767 1933 1073 1988 responderet,
1116 1936 1190 1973 aut
1222 1930 1336 1986 quod
1377 1931 1532 1972 saltem
1575 1929 1704 1970 alicui
1736 1943 1795 1970 ex
1829 1927 2031 1969 fratribus
2066 1925 2392 1969 absolucionem
2407 1933 2422 1953 ‘¹

205 2002 514 2053 committeret,
556 2003 626 2057 qui
667 2016 752 2043 non
785 2003 933 2058 priusr
965 2016 1042 2043 nos
1087 2002 1335 2043 absolveret
1368 2015 1495 2056 quam
1528 1999 1581 2041 de
1614 1998 1893 2055 presentibus
1926 1997 2169 2038 manifestis
2205 2000 2278 2036 aut
2312 1995 2423 2037 aliis.

205 2085 288 2126 que
322 2071 377 2112 ad
409 2084 586 2127 presens
617 2071 964 2128 designarentur,
999 2072 1268 2113 satisfactio³
1303 2074 1574 2126 sequeretur.
1639 2068 1767 2116 Quod
1800 2068 1853 2108 ab
1879 2081 1929 2108 eo
1956 2067 2184 2108 occasione
2208 2065 2421 2106 Lombar-

205 2140 376 2190 dorum,
418 2145 465 2182 ut
504 2140 666 2182 dictum
704 2146 770 2183 est
803 2167 856 2171 —
888 2142 991 2183 licet
1033 2142 1085 2183 de
1120 2156 1172 2183 ea
1206 2154 1290 2182 non
1334 2141 1479 2196 palam
1512 2139 1587 2180 sed
1621 2138 1732 2179 clam
1766 2142 1808 2178 et
1852 2151 1931 2192 per
1964 2137 2070 2178 alios
2103 2135 2270 2177 faceret
2303 2146 2422 2174 men-

206 2210 375 2251 cionem
407 2234 461 2240 —-
494 2211 743 2252 nullatenus
775 2212 914 2267 potuit
946 2211 1165 2268 optinent,
1199 2211 1459 2267 imperatore
1487 2207 1987 2263 Constantinopolitano,
2023 2207 2094 2261 qui
2127 2218 2307 2260 presens
2333 2207 2424 2245 erat

208 2284 250 2323 et
283 2294 429 2322 casum
463 2281 634 2337 imperii
656 2281 897 2323 Romanieu
929 2286 972 2323 et
1003 2281 1094 2323 fere
1118 2282 1256 2323 tocius
1282 2279 1518 2322 Orientalis
1542 2279 1676 2320 Terre
1702 2277 2010 2319 miserabiliter
2034 2275 2310 2322 causabatur.v
2345 2287 2422 2314 nec

208 2364 293 2391 non
327 2350 483 2392 comite
516 2351 763 2393 Tholesano
799 2356 841 2393 et
875 2366 1002 2407 quam
1035 2351 1230 2407 pluribus
1265 2351 1360 2392 aliis
1394 2349 1613 2391 nobilibus
1644 2352 1686 2389 et
1717 2347 1929 2402 religiosis
1964 2346 2066 2387 viris
2100 2344 2349 2400 suppliciter
2383 2349 2424 2383 et

208 2420 446 2462 instanterv
477 2421 740 2463 instantibus
775 2426 818 2463 et
849 2421 1170 2477 nequeuntibus
1204 2421 1411 2476 optinere.
1534 2419 1598 2473 (6)
1634 2417 1778 2458 Medio
1812 2421 1958 2457 tamen
1989 2420 2184 2470 tempore
2207 2413 2308 2454 dum
2332 2413 2384 2453 dc
2399 2419 2423 2434 w

210 2490 587 2531 consummacione
622 2492 740 2546 pacis
774 2494 931 2547 proutX
965 2491 1126 2532 dictum
1160 2495 1226 2531 est
1261 2504 1357 2531 cum
1390 2489 1604 2530 instancia
1632 2491 1893 2528 tractaretur
1927 2490 1970 2526 et
2003 2491 2108 2525 nosy
2141 2488 2228 2524 tam
2261 2482 2422 2523 civitati

209 2558 408 2609 Viterbii,
443 2573 525 2614 que
560 2560 699 2602 cordis
733 2562 868 2602 nostri
902 2575 1081 2603 nervum
1117 2565 1204 2602 tam
1237 2573 1386 2601 amaro
1419 2558 1566 2600 dolore
1600 2557 1862 2613 pertigerat,
1897 2559 1944 2595 ut
1977 2558 2043 2595 est
2076 2552 2261 2602 dictum,
2295 2565 2422 2607 quam

211 2628 305 2668 aliis
341 2628 466 2669 terris
501 2629 686 2671 ecclesie
726 2644 879 2685 pacem
923 2629 1273 2671 mandaverimus
1316 2628 1534 2679 exhiberi,
1578 2626 1720 2667 subito
1754 2625 1832 2666 sub
1875 2623 2106 2665 securitate
2139 2621 2256 2677 pacis
2291 2621 2423 2676 ipsius

211 2698 408 2739 civitates
449 2702 493 2739 et
536 2699 632 2740 loca
672 2698 724 2741 de
768 2700 892 2741 terris
927 2700 1110 2741 ecclesie
1155 2702 1198 2741 et
1237 2698 1482 2754 specialiter
1515 2696 1816 2738 Viterbienses
1862 2698 2014 2735 contra
2059 2691 2212 2732 fideles
2254 2695 2422 2731 nostros

210 2767 422 2822 ipsarumz
454 2767 648 2823 parcium
681 2768 881 2810 hostilem
914 2769 1124 2810 facientes
1158 2769 1386 2818 insultum,
1421 2771 1548 2823 prout
1579 2765 1765 2811 dabatur
1798 2763 1976 2805 cuilibet
2009 2761 2291 2817 oportunitas,
2326 2774 2420 2800 suc-

211 2836 378 2878 cessive
417 2837 574 2878 multos
615 2852 671 2879 ex
712 2839 870 2880 nostris
912 2839 1236 2894 spoliaverunta
1267 2837 1415 2887 bonis,
1458 2836 1761 2891 mancipavere
1806 2832 2051 2874 carceribus
2086 2835 2128 2871 et
2167 2827 2422 2869 nonnullosb

211 2905 519 2948 miserabiliter
551 2907 817 2960 occiderunt,
852 2908 975 2964 quasi
1009 2908 1195 2963 quadam
1228 2907 1438 2963 temporis
1472 2904 1771 2961 oportunitate
1805 2905 1991 2958 captata,
2026 2906 2139 2956 quoc
2171 2898 2249 2940 sub
2272 2897 2423 2939 umbra

212 2976 332 3030 pacis
363 2975 513 3018 fideles
554 2981 722 3019 nostros
763 2977 1034 3019 offenderent
1065 2978 1108 3018 in
1147 2977 1347 3033 personis
1382 2981 1426 3018 et
1457 2975 1602 3017 rebus.
1664 2974 1850 3029 Propter
1882 2969 1994 3026 quod
2028 2968 2080 3010 ad
2121 2968 2421 3010 defensionem

213 3050 457 3106 nostrorum
489 3046 709 3088 fideliumd
741 3062 795 3089 ex
827 3048 1063 3104 imperialis
1099 3047 1222 3089 offitii
1255 3047 1399 3088 debito
1434 3058 1695 3101 quamquam
1719 3040 2044 3084 racionabiliter
2066 3037 2302 3093 provocati,
2337 3050 2420 3077 non

213 3118 358 3156 tamen
382 3115 645 3157 abiecimuse
679 3131 810 3173 super
830 3117 1033 3159 firmitate
1058 3118 1178 3173 pacis
1205 3114 1527 3157 consummares
1549 3117 1796 3162 tractatum,
1830 3109 2145 3151 instantissime
2170 3109 2422 3162 repetentes

214 3188 274 3236 ut,
305 3183 478 3240 liquidis
512 3185 748 3241 designatis
781 3186 833 3228 de
867 3187 1022 3242 quibus
1057 3190 1156 3228 ante
1190 3186 1512 3227 absolucionem
1546 3182 1791 3239 petebatur,
1828 3177 2076 3220 omnimoda
2109 3177 2350 3232 quantitate
2381 3180 2423 3217 et

352 3289 438 3324 252·
470 3290 502 3331 θ’)
527 3291 619 3324 deest
641 3290 673 3324 ⁴2.
700 3291 731 3324 3.
872 3290 904 3333 b)
930 3292 1090 3324 Volentes
1115 3290 1146 3323 2.
1173 3290 1204 3323 3.
1349 3291 1377 3330 c)
1406 3289 1536 3322 maiora
1562 3287 1594 3321 2.
1621 3287 1652 3320 3.
1785 3283 1818 3325 d)
1844 3285 2053 3316 advenerant
2077 3282 2107 3314 3.
2228 3279 2257 3322 e)
2283 3292 2368 3323 quas
2392 3281 2423 3313 3.

215 3347 247 3392 f)
272 3354 425 3392 preterea
449 3350 533 3382 alios
558 3349 590 3382 3.
698 3348 732 3392 Β)
758 3350 850 3382 deest
871 3348 903 3382 2.
929 3349 960 3382 3.
1068 3348 1102 3389 ¹¹)
1128 3355 1161 3381 et
1187 3349 1268 3381 add.
1287 3347 1326 3387 2:
1361 3359 1400 3380 ea
1426 3347 1507 3379 add.
1526 3345 1557 3377 3.
1655 3343 1678 3377 ί)
1705 3344 1796 3376 deest
1819 3340 1850 3374 2.
1877 3340 1908 3373 3.
2005 3338 2039 3383 k)
2068 3340 2126 3372 sed
2152 3338 2183 3372 3.
2279 3337 2304 3376 l)
2333 3338 2423 3370 vale-

214 3408 274 3440 bat
296 3407 327 3440 ⁶2.
352 3406 384 3440 3.
525 3407 568 3445 ¹¹³)
595 3413 628 3440 et
651 3408 791 3451 insuper
815 3409 934 3451 partic.
962 3408 1156 3440 satisfacere
1182 3407 1383 3449 priusquam
1409 3423 1452 3427 —
1479 3405 1692 3442 haberemus,
1730 3401 1778 3433 sic
1803 3400 1892 3431 enim
1919 3399 1977 3430 diu
2003 3403 2060 3430 etc.
2086 3396 2117 3429 3.
2251 3396 2284 3436 n)
2311 3406 2424 3427 mane-

214 3477 328 3498 remus
352 3464 384 3498 3.
525 3465 557 3508 o)
582 3466 698 3508 itaque
723 3465 804 3498 add.
822 3464 854 3498 3.
995 3464 1027 3507 P)
1058 3465 1296 3497 satisdactione
1324 3463 1361 3503 1;
1399 3461 1630 3495 satisfactione
1655 3458 1686 3491 2.
1830 3457 1862 3498 q)
1888 3457 1977 3489 deest
2001 3454 2033 3488 3.
2174 3460 2202 3495 r)
2228 3454 2306 3496 plus
2331 3451 2363 3485 2.
2391 3452 2422 3484 3.

216 3521 244 3564 8)
269 3524 458 3557 satisfactio
483 3522 523 3563 2;
549 3528 582 3556 et
606 3524 790 3556 satisfactio
815 3521 847 3556 3.
966 3522 990 3564 t)
1017 3533 1218 3565 quanquam
1244 3521 1326 3553 add.
1344 3519 1376 3554 3.
1494 3518 1529 3559 ιι>
1556 3517 1700 3551 Romani
1724 3515 1755 3548 2.
1782 3514 1812 3547 3.
1931 3511 1963 3554 v)
1989 3517 2021 3545 et
2048 3512 2215 3544 instanter
2240 3511 2307 3543 des.
2333 3510 2362 3542 2.
2391 3508 2422 3542 3.

216 3579 256 3623 w)
278 3585 428 3624 tempore
452 3581 534 3613 dum
559 3582 600 3614 de
625 3592 733 3622 supra
758 3582 816 3614 lin.
843 3581 926 3613 add.
947 3579 975 3613 1.
1118 3580 1150 3621 x)
1184 3579 1333 3622 sequitur
1358 3578 1433 3621 paci
1458 3576 1603 3609 deletum
1630 3573 1660 3606 1.
1801 3573 1834 3613 y)
1870 3578 1906 3604 ut
1931 3569 1964 3602 2.
1990 3570 2020 3603 3.
2165 3569 2193 3609 ⁷¹)
2220 3569 2364 3600 istarum
2390 3565 2422 3599 3.

218 3637 250 3678 a)
276 3639 554 3681 exspoliaverunt
578 3637 610 3670 2.
636 3636 667 3670 3.
788 3638 819 3678 b)
845 3639 948 3671 etiam
975 3638 1056 3670 add.
1075 3637 1106 3670 3.
1237 3636 1268 3678 ο)
1296 3648 1383 3669 corr.
1409 3636 1444 3667 in
1472 3634 1505 3675 1;
1545 3644 1613 3676 qua
1638 3631 1670 3664 ὅ.
1789 3628 1821 3671 d)
1847 3629 2036 3661 infidelium
2062 3627 2093 3659 2.
2214 3630 2243 3666 e)
2268 3636 2356 3657 corr.
2384 3635 2424 3656 ex

218 3696 405 3729 adiecimus
432 3695 467 3733 1;
493 3696 679 3728 adiciemus
704 3695 736 3728 2.
855 3694 884 3736 f)
911 3696 1172 3728 consumacione
1200 3695 1228 3727 1.
1255 3693 1288 3727 2.

356 3769 406 3792 1.1..
432 3767 717 3792 cousrrru'riouss
737 3768 772 3791 11.
2103 3743 2149 3776 44
