2558 3970
210 157 289 195 332
611 152 1371 186 FRIDERWI11.CONS'H'PUTIONES.
1425 152 1519 186 1243.
1561 153 1657 188 1244.
1707 153 1990 190 N1·.242m‘244.

393 301 400 308 .
439 267 759 321 archiepiscopo
811 266 1161 317 Rothomagcusi.
1209 301 1214 307 .
1249 299 1255 306 .
1297 267 1497 322 episcopo
1546 267 1758 321 quondam
1805 268 2036 310 Mutinensi
2085 275 2127 311 et
2160 303 2168 312 .
2202 305 2211 313 .
2244 271 2391 313 abbati

210 338 343 378 sancti
378 335 579 377 Facundi.

350 404 610 444 Litterarum
644 408 883 444 vestrarum
927 403 1036 444 serie
1078 403 1305 457 diligenter
1343 403 1508 451 audita,
1551 404 1768 446 devotioni
1801 410 1942 446 vestre
1976 406 2176 448 duximus
2209 422 2386 463 respon-

209 473 416 514 dendum.
456 472 656 526 quatinus
699 475 762 511 cst
806 471 1066 525 beneplaciti
1108 473 1261 521 nostri,
1309 476 1356 512 ut
1397 472 1555 512 nuntiis
1597 473 1798 528 principis
1832 473 1886 514 ad
1927 479 2115 516 nostram
2148 477 2388 518 accessuris

209 542 464 595 presentiam
504 541 623 581 iuxta
662 541 841 581 formam
882 541 1065 581 ecclesie
1099 545 1141 581 et
1173 540 1282 581 sicut
1313 540 1432 581 vobis
1465 541 1561 581 viva
1592 555 1696 582 voce
1729 541 1912 583 diximus
1945 543 2227 586 absolutionis
2258 545 2390 586 bene-

209 610 348 649 ficium
389 609 668 663 impendatis:
717 609 828 663 quod
868 610 970 649 licet
1011 641 1052 649 ..
1091 609 1394 649 Panormitano
1440 609 1764 665 archiepiscopo
1806 624 1857 651 eo
1897 610 2110 653 difficilius
2150 617 2192 653 et
2232 613 2392 654 tardius

210 677 382 717 concedi
417 677 608 718 deberet.
643 691 724 731 quo
750 677 988 718 Romanam
1021 678 1265 720 ecclesiam,
1301 678 1365 717 cui
1390 677 1559 717 debitor
1582 678 1623 718 iu
1646 678 1790 719 multis
1815 692 1912 720 esse
1936 679 2186 731 dinoscitur,
2221 682 2392 736 gravius

209 746 437 786 offendisse
471 745 652 787 videtur.
687 752 831 787 tamen
864 760 940 801 pro
974 746 1185 787 desiderio
1220 747 1350 801 pacis,
1385 746 1425 786 in
1458 760 1541 800 qua
1574 746 1778 787 honorem
1809 746 1891 789 Dei
1924 749 2140 803 querimus
2173 754 2215 791 et
2247 750 2395 805 populi

210 814 428 854 christiani
454 815 650 858 salutem.
674 816 881 857 volumus.
906 820 952 855 ut
974 814 1090 859 illud,
1126 815 1233 855 sicut
1255 815 1364 865 aliis,
1388 814 1631 855 conferatur
1657 815 1809 857 eidem.
1864 814 1946 862 Qui
1969 818 2202 872 recipietur
2224 832 2249 859 a
2270 819 2393 860 nobis

210 881 261 921 ad
294 896 461 922 onmem
496 888 725 924 tractatum
767 884 884 938 pacis
918 888 959 924 et
992 883 1239 927 concordie,
1287 883 1397 923 sicut
1430 883 1560 923 ceteri
1602 884 1739 924 nuntii
1772 884 2063 927 admittentur.
2124 886 2216 928 Nec
2248 891 2394 929 tamen

210 950 440 1004 intelligat.
483 951 594 1006 quod
628 958 801 1007 propter
832 951 1075 992 huiusmodi
1110 951 1391 992 absolutionis
1424 952 1605 1006 gratiam
1640 952 1755 1007 apud
1787 953 1933 994 sedem
1967 955 2250 1009 apostolicam
2284 959 2394 996 tam-

210 1033 336 1073 quam
386 1020 734 1075 archiepiscopus
784 1020 837 1060 ad
880 1034 1056 1074 presens
1103 1020 1275 1061 lionoris
1317 1024 1391 1060 aut
1430 1020 1590 1061 favoris
1636 1022 1819 1075 gratiam
1860 1027 2149 1076 consequatur
2187 1024 2256 1064 vel
2299 1038 2396 1079 per-

209 1087 393 1142 cipiendi
434 1102 508 1129 suc
558 1094 790 1143 proventus
831 1088 1013 1129 ecclesie
1064 1088 1224 1129 habea-t
1260 1088 1530 1141 facultatem,
1579 1104 1673 1130 cum
1713 1089 1886 1144 dignum
1935 1092 2007 1143 sit,
2056 1096 2101 1132 ut
2139 1092 2214 1133 ubi
2253 1093 2396 1147 gravis

210 1157 332 1211 culpa
367 1158 625 1212 precessisse
658 1158 924 1212 perspicitur,
958 1172 1010 1198 ne
1043 1157 1319 1212 delinquendi
1351 1157 1474 1198 detur
1506 1158 1699 1210 audacia,
1734 1159 1942 1214 condigna
1973 1161 2263 1215 compensatio
2294 1161 2395 1203 sub-

211 1236 426 1279 sequatur.

353 1293 448 1334 Dat.
482 1294 692 1348 Anagnic.
727 1295 826 1335 IIII.
861 1295 1006 1336 Nonas
1039 1296 1322 1350 Septembris,
1357 1310 1469 1336 anno
1502 1296 1654 1351 primo.

347 1509 448 1553 243.
488 1512 867 1554 INNOCENTII
894 1513 977 1555 IV.
1019 1513 1321 1556 EPISTOLA
1352 1514 1440 1556 AD
1483 1514 1796 1557 LEGATUM
1827 1514 2258 1559 LOMBARDIAE.

1134 1584 1257 1623 1243.
1291 1583 1399 1634 Sept.
1421 1585 1491 1625 23.

351 1659 394 1699 E
432 1660 615 1712 Reffl'strzss
653 1664 755 1702 tomo
785 1662 822 1711 Ι,
854 1664 909 1702 21
951 1662 1018 1703 lib.
1052 1663 1087 1712 I,
1117 1664 1200 1704 127
1245 1663 1445 1704 dederunt
1489 1662 1612 1704 Ferte
1657 1666 1694 1704 et
1740 1663 1901 1706 Saviola·
1945 1665 2124 1706 ‘Annali
2165 1666 2399 1718 Boloynesi’

210 1727 296 1776 III,
325 1729 363 1777 2,
391 1730 488 1770 201.
528 1755 581 1758 —
624 1730 863 1783 Rodenberq
903 1732 963 1781 II,
995 1745 1060 1772 111.
1084 1733 1151 1772 22.
1229 1731 1436 1773 Huillard
1457 1732 1702 1773 -Bre‘leolles
1741 1732 1812 1782 VI,
1844 1734 1938 1773 123.
2014 1733 2204 1774 Potthast
2243 1734 2395 1776 11135.

211 1795 369 1847 Rerum·
401 1798 493 1839 127.
554 1798 748 1845 Βὺ]111101·,
780 1800 881 1851 Res).
913 1801 1010 1852 imp.
1045 1800 1089 1850 V,
1113 1802 1236 1841 7400.
2046 1801 2117 1855 (Ρ.
2140 1803 2258 1857 344.)

354 1934 599 1991 (1111030110)
633 1937 685 1979 de
720 1938 1000 1993 Montelongo
1035 1939 1297 1981 subdiacono
1331 1945 1373 1981 et
1405 1940 1570 1981 notario
1604 1944 1770 1991 nostro,
1814 1940 2048 1995 apostolice
2091 1940 2203 1981 sedis
2236 1941 2395 1995 legato.

353 2003 624 2046 Presentium
668 2012 818 2048 tenore
859 2008 966 2049 scire
1011 2013 1053 2049 te
1094 2009 1312 2058 volumus,
1355 2009 1468 2064 quod
1512 2023 1607 2050 cum
1645 2022 1780 2063 nuper
1823 2043 1830 2050 .
1863 2042 1871 2051 .
1910 2009 2111 2064 princeps
2152 2023 2231 2050 nos
2272 2023 2401 2065 super

211 2071 513 2114 reformatione
557 2076 675 2129 pacis
715 2076 827 2117 inter
860 2078 1089 2118 ecclesiam
1124 2083 1165 2119 et
1206 2079 1348 2134 ipsum
1380 2093 1458 2133 per
1489 2078 1748 2132 sollempnes
1783 2079 1950 2122 nuntios
1983 2082 2026 2119 et
2058 2078 2222 2119 litteras
2256 2079 2399 2132 requi-

213 2141 357 2181 sisset.
406 2142 504 2195 quia
543 2157 641 2184 vere
681 2158 831 2198 pacem
875 2145 1090 2200 diligimus
1137 2152 1179 2188 et
1225 2148 1392 2188 sincere
1435 2147 1661 2188 concordie
1703 2148 1815 2188 inter
1857 2147 2114 2187 christianos
2157 2147 2398 2202 appetimus

212 2209 440 2250 unitatem.
484 2224 536 2251 nc
577 2212 821 2254 videremur
863 2216 980 2269 pacis
1023 2216 1216 2257 eiusdem
1256 2216 1483 2271 repudiare
1525 2220 1754 2257 tractatum
1796 2221 1924 2257 etex
1964 2216 2044 2256 hoc
2075 2217 2277 2272 princeps
2309 2217 2403 2271 ipse

213 2279 480 2319 occasionem
526 2286 716 2322 sumeret
750 2283 979 2324 ecclesiam
1012 2299 1127 2326 more
1162 2286 1287 2326 solito
1322 2285 1574 2336 infamandi,
1618 2285 1670 2326 ad
1703 2298 1799 2326 eum
1831 2286 2001 2326 nuntios
2035 2285 2270 2326 direximus
2304 2300 2403 2340 spe-

214 2345 359 2393 ciales,
393 2347 509 2388 illam
543 2362 618 2403 per
649 2350 763 2405 ipsos
797 2353 914 2406 pacis
947 2353 1128 2395 formam
1162 2354 1395 2396 offerentes
1421 2354 1576 2405 eidem,
1610 2368 1692 2408 que
1725 2355 1804 2409 ipsi
1828 2354 2012 2395 ecclesie
2044 2355 2214 2409 suisque
2237 2354 2403 2395 devotis

214 2423 255 2453 et
304 2414 431 2455 etiam
480 2416 593 2457 dicto
645 2420 821 2474 principi
865 2421 1000 2462 videri
1039 2427 1206 2477 poterat
1245 2423 1465 2479 expedire.
1539 2422 1614 2464 Set
1655 2422 1769 2464 idem
1810 2423 1989 2464 formam
2034 2422 2274 2464 huiusmodi
2314 2436 2399 2463 non

214 2488 444 2537 acceptans
478 2485 530 2526 ad
554 2488 833 2541 apostolicam
859 2490 1004 2531 sedem
1034 2492 1205 2532 nuntios
1238 2492 1392 2533 iterum
1416 2492 1659 2541 destinavit,
1693 2491 1777 2546 qui,
1810 2505 1905 2532 cum
1929 2505 2077 2532 eorum
2107 2491 2398 2547 petitionibus,

214 2551 255 2590 in
289 2552 442 2605 quibus
486 2568 564 2595 nec
606 2556 796 2598 eiusdem
842 2559 976 2600 honor
1015 2561 1200 2602 ecclesie
1234 2561 1460 2602 videbatur
1499 2575 1578 2602 nec
1618 2574 1792 2601 suorum
1833 2559 2021 2600 fidelium
2054 2560 2288 2614 procurari,
2319 2573 2403 2600 non

217 2618 468 2662 duxerimus
501 2625 790 2672 annuendum,
825 2641 849 2667 a
881 2629 1099 2682 presentia
1130 2634 1278 2670 nostra
1311 2630 1472 2671 infecto
1504 2630 1676 2685 penitus
1709 2629 1840 2684 ipsius
1864 2629 1983 2684 pacis
2007 2629 2180 2683 negotio
2205 2641 2404 2670 recesse—

215 2694 325 2731 runt·
387 2689 655 2747 Quapropter
687 2695 953 2748 mandamus,
988 2698 1189 2752 quatinus
1213 2698 1363 2740 fideles
1388 2704 1430 2740 et
1452 2699 1631 2740 devotos
1655 2699 1840 2739 ecclesie
1864 2698 1904 2738 in
1928 2697 2187 2739 Lombardie
2211 2696 2403 2752 partibus

216 2759 480 2800 constitutos.
514 2766 559 2801 ut
592 2762 631 2802 in
667 2764 798 2818 ipsius
835 2765 1064 2807 devotione
1100 2767 1226 2808 solita
1257 2767 1470 2809 stabiliter
1500 2771 1780 2823 perseverent
1803 2768 1977 2821 suisque
2001 2767 2215 2822 obsequiis
2248 2779 2400 2821 perse-

217 2833 414 2868 veranter
459 2829 678 2881 insistant,
723 2833 912 2885 studeas,
952 2840 1077 2890 prout
1109 2836 1313 2891 expedire
1346 2836 1518 2888 videris,
1558 2836 1806 2877 affectuosis
1838 2835 2158 2876 inductionibus
2196 2834 2399 2885 animare,

217 2894 319 2948 ipsis
353 2910 406 2936 ex
446 2903 567 2952 parte
608 2907 754 2941 nostra
786 2903 1050 2956 significans,
1094 2904 1203 2959 quod
1236 2919 1331 2946 cum
1364 2906 1424 2946 eis
1457 2910 1499 2946 et
1531 2906 1624 2946 aliis
1657 2905 1842 2946 ecclesie
1874 2903 2060 2955 devotis,
2102 2907 2227 2958 prout
2261 2902 2400 2944 eidem

217 2963 399 3004 ecclesie
442 2979 491 3006 ac
531 2967 612 3007 illis
656 2970 861 3023 expedire
894 2971 1148 3023 viderimus,
1191 2978 1233 3014 et
1271 2987 1354 3014 non
1396 2973 1540 3024 aliter,
1581 2987 1731 3028 pacem
1771 2973 1882 3013 inter
1920 2972 2148 3013 ecclesiam
2187 2971 2323 3026 ipsam
2359 2973 2402 3011 et

217 3040 497 3073 memoratum
531 3036 763 3092 principem
798 3040 1057 3081 intendimus
1088 3041 1333 3083 reformare.

360 3100 455 3142 Dat.
491 3104 701 3159 Anagnie,
735 3107 881 3150 VIIII.
915 3108 1011 3149 Kal.
1046 3109 1213 3161 Octob.,
1248 3124 1358 3151 anno
1391 3112 1537 3165 primo.

265 3309 366 3351 244.
406 3312 779 3355 MANDATUM
811 3314 1245 3357 IMPERATORIS
1276 3315 1366 3356 DE
1397 3315 1585 3358 CURIA
1624 3313 1978 3358 VERONENSI
2003 3310 2354 3355 VISITANDA.

1164 3385 1308 3435 (1244.
1340 3384 1460 3436 Ian.)

360 3459 635 3513 Eneyelieam,
658 3476 781 3514 quam
804 3463 928 3504 Perta
942 3477 1162 3517 perperam
1186 3463 1242 3504 acl
1260 3476 1436 3504 mensem
1457 3463 1728 3515 Septembrem
1743 3446 1893 3514 posuit,
1925 3462 2193 3502 servaverunt
2218 3459 2258 3514 1)
2280 3457 2402 3499 codem

226 3533 280 3573 W
283 3530 570 3583 illzerinqen.s·is
594 3544 700 3582 pars
722 3532 783 3581 ΙΙ,
807 3546 866 3584 ep.
887 3534 970 3573 102
980 3547 993 3583 ,·
1024 3531 1068 3587 2)
1092 3532 1215 3573 codex
1241 3532 1564 3573 Vindobonensis
1586 3532 1667 3571 590
1696 3529 1869 3584 (Plzilol.
1886 3530 1990 3580 305)
2015 3528 2092 3583 fol.
2112 3528 2193 3568 155
2221 3540 2282 3578 ep.
2298 3527 2403 3575 271,-

221 3604 263 3655 31
287 3606 408 3647 codem
431 3605 659 3646 Parisinus
682 3606 754 3646 lat.
778 3604 916 3644 13059
939 3601 999 3654 (S.
1029 3601 1232 3642 Germain
1253 3600 1424 3655 Har-lay
1445 3601 1549 3654 455)
1571 3599 1650 3654 fol.
1670 3598 1757 3648 16',
1788 3611 1906 3651 quem
1927 3598 2103 3639 excussit
2123 3593 2403 3644 Haemi-dus,-

2431 894 2464 919 10

2433 1242 2464 1267 15

2435 1745 2468 1771 20

2438 2161 2469 2187 25

2437 2509 2470 2535 30

2439 2851 2469 2877 35
