2558 3970
685 157 889 192 ALFONSI
919 158 1058 192 REGIS
1085 158 1518 196 CONSTITUTIONES.
1570 163 1669 196 1256.
1719 164 1782 198 ΝΥ.
1801 165 1878 198 39⁶2.
2298 173 2372 210 491

180 270 340 323 Toleti,
371 269 594 326 Legionis,
628 270 868 324 Gallethie,
904 272 1074 324 Sibilie,
1109 273 1321 324 Cordube,
1370 276 1556 319 Murscie
1590 283 1632 320 et
1664 280 1831 322 Gienne
1865 290 2073 324 comune⁰
2106 282 2301 325 Pisarum
2334 290 2377 325 et

181 344 273 382 tota
303 339 450 382 Ytalia
493 346 536 383 et
574 345 688 383 totus
732 341 827 384 fere
870 343 1055 384 mundus
1091 352 1385 399 cognoverunt
1419 349 1734 390 excelsioremd
1768 364 1898 406 super
1930 366 2079 392 omncs
2114 366 2261 407 reges,
2306 353 2377 408 qui

182 413 281 451 sunt
311 410 380 451 vel
412 409 573 452 fuerint
603 425 791 466 unquam
830 412 1097 467 temporibus
1130 414 1387 462 recolendis,
1432 418 1660 471 presertim
1693 421 1832 471 gratia
1866 420 2050 475 Spiritus
2083 422 2219 462 suncti
2254 421 2374 462 vobis

181 478 387 520 divinitus
420 480 630 536 inspirata
653 493 726 521 vos
759 479 860 522 dote
883 481 1114 537 multiplici
1138 481 1387 534 decorante,
1421 490 1464 526 et
1487 499 1562 526 vos
1589 487 1719 527 etiam
1753 488 1971 529 sciverunt
1994 503 2068 543 pre
2092 490 2187 531 aliis
2212 505 2376 546 pacem.

125 564 140 588 ε.
179 548 405 590 veritatem
439 553 483 590 et
522 549 862 592 misericordiam
909 556 952 592 et
992 552 1199 593 iustitiam
1232 552 1484 608 diligentem
1519 560 1561 595 et
1594 570 1691 597 esse
1731 571 1805 611 pre
1839 558 1935 598 aliis
1969 558 2372 601 christianissimum

110 907 142 932 10

105 1257 137 1281 15

101 1603 134 1629 20

98 1961 130 1987 25

99 2307 132 2332 30

100 2653 131 2678 35

101 3342 133 3367 45

178 621 220 657 et
259 617 374 658 circa
414 618 641 660 ecclesiam
681 618 921 661 Romanam
963 634 988 661 a
1028 621 1176 676 primis
1230 621 1320 663 fere
1360 623 1588 664 cunabulis
1637 624 1966 666 devotissimum
2013 633 2055 667 et
2098 627 2290 675 fidelem,
2334 635 2376 670 et

177 691 470 742 cognoverunt
513 687 644 729 etiam
686 702 762 730 vos
807 688 859 730 ad
902 689 1226 745 ampliationem
1271 690 1444 732 honoris
1488 694 1636 734 matris
1679 694 1860 735 ecclesie
1894 695 2087 736 Romane
2132 703 2173 738 ct
2218 698 2373 739 bonum

177 759 334 796 statum
366 769 533 798 necnon
567 757 698 798 etiam
722 757 907 799 Romani
941 759 1111 814 imperii
1135 764 1224 801 toto
1247 760 1390 801 animo
1415 762 1691 816 aspirantem,
1725 768 1766 803 et
1794 764 2023 818 imperium
2049 766 2173 806 nimis
2197 782 2374 808 vacasse

176 827 220 864 et
250 824 304 866 ab
337 825 492 866 emulis
524 824 801 877 dilaniatum,
845 832 889 868 et
919 841 996 868 vos
1031 834 1329 883 cognoverunt
1363 844 1460 871 esse
1494 835 1642 871 natum
1681 831 1734 872 de
1768 833 1976 886 progenie
2011 833 2160 874 domus
2194 835 2374 876 ducatus

178 892 358 946 Sueuie,
398 894 452 935 ad
493 908 618 950 quam
661 894 714 937 de
757 896 982 951 privilegio
1026 898 1268 953 principum
1302 903 1344 940 et
1378 898 1430 940 de
1480 901 1757 942 concessione
1791 901 1984 942 Romane
2020 903 2204 944 ecclesie
2236 905 2372 959 ponti-

177 963 304 1004 ficum
336 964 564 1020 imperium
605 965 718 1006 iuste
752 970 795 1006 et
826 965 956 1021 digne
988 965 1257 1022 dignoscitur
1298 969 1515 1023 pertinere
1549 975 1591 1010 et
1623 971 1868 1011 successive
1902 970 1955 1011 ad
1989 985 2086 1015 vos,
2131 973 2201 1027 qui
2236 988 2289 1013 ex
2324 990 2372 1014 ca

177 1034 302 1076 domo
336 1033 598 1076 descenditis
630 1040 751 1077 recta
783 1035 912 1087 linea,
945 1040 989 1077 et
1011 1050 1089 1092 per
1111 1051 1200 1088 vos,
1234 1051 1331 1078 cum
1355 1038 1599 1080 succedatis
1623 1039 1797 1080 excelso
1822 1039 2013 1081 Manueli
2038 1041 2136 1081 olim
2162 1041 2372 1082 Romanie

175 1104 440 1160 imperatori,
473 1103 653 1159 imperia
685 1104 866 1146 abusive
899 1104 1038 1147 divisa
1069 1106 1112 1147 in
1144 1120 1274 1147 unum
1299 1107 1529 1149 videantur
1560 1122 1686 1163 posse
1721 1109 1864 1164 colligi
1890 1115 1933 1151 et
1964 1110 2006 1151 in
2031 1110 2147 1151 vobis
2171 1111 2373 1153 divinitus

175 1173 392 1225 cohuniri,
435 1173 544 1214 sicut
576 1177 771 1229 tempore
805 1172 980 1216 Cesaris
1013 1179 1056 1216 et
1088 1174 1361 1217 Constantini
1403 1177 1750 1219 christianissimi
1791 1178 1870 1219 fuit
1912 1192 2064 1230 unum,
2113 1185 2155 1221 ct
2199 1186 2375 1236 propter

173 1243 368 1298 predicta
398 1247 540 1284 motus
573 1243 814 1285 animorum
847 1249 891 1286 et
922 1246 1035 1286 oculi
1069 1250 1317 1288 sanctorum
1351 1252 1394 1289 et
1425 1247 1704 1290 discretorum
1738 1248 1957 1290 hominum
1994 1255 2037 1291 et
2069 1251 2305 1307 principum
2332 1259 2373 1293 et

171 1312 379 1354 baronum
411 1316 454 1353 et
485 1311 752 1354 dominorum
793 1318 836 1355 et
880 1315 1128 1356 comunium
1169 1321 1214 1358 et
1245 1317 1377 1358 totius
1420 1317 1569 1373 populi
1603 1317 1761 1359 Ytalici
1795 1324 1837 1359 ct
1870 1319 2003 1360 etiam
2038 1319 2372 1362 Tcotonicorum

171 1386 215 1424 et
245 1383 427 1424 aliorum
472 1381 524 1424 de
564 1383 746 1440 imperio
792 1385 836 1426 in
878 1385 1079 1428 habendo
1112 1400 1188 1428 vos
1232 1387 1410 1442 dignum
1452 1388 1495 1428 in
1527 1387 1820 1429 Romanorum
1854 1402 2002 1443 regem
2037 1394 2080 1430 et
2112 1390 2153 1430 in
2187 1391 2370 1446 impera-

170 1455 310 1494 torem
343 1456 443 1494 sunt
475 1451 648 1494 directi:
682 1453 776 1495 ideo
811 1467 891 1510 ego
925 1454 1149 1497 Bandinus
1173 1456 1351 1498 Lancea
1383 1456 1600 1512 quondam
1632 1457 1745 1499 filius
1779 1457 1938 1498 domini
1963 1457 2175 1500 Guidonis
2199 1460 2372 1501 Lancee

170 1520 223 1563 de
257 1520 428 1564 Casalei
467 1521 520 1563 de
552 1522 663 1564 Pisis
703 1523 971 1576 missaticus,
1011 1525 1295 1577 ambaxiator,
1340 1526 1528 1568 sindicus
1562 1531 1605 1568 et
1644 1532 1898 1582 procurator
1930 1529 2125 1570 comunis
2158 1529 2371 1572 Pisarum.

171 1590 406 1634 sindicatus
448 1592 621 1635 nomine
666 1607 743 1649 pro
784 1593 876 1650 ipso
917 1595 1086 1636 comuni
1127 1599 1171 1637 et
1212 1609 1267 1637 ex
1310 1595 1454 1637 bailiis
1489 1600 1532 1637 et
1571 1597 1865 1652 potestatibus
1898 1602 1940 1637 ct
1971 1597 2182 1638 mandatis
2214 1598 2371 1639 michi⁰

170 1662 390 1704 concessis
421 1675 499 1718 per
539 1662 714 1718 publica
756 1663 1068 1715 instrumenta,
1115 1664 1168 1706 ad
1206 1665 1390 1720 gloriam
1421 1665 1505 1708 Dei
1538 1669 1581 1707 et
1613 1666 1667 1707 ad
1700 1667 1906 1708 honorem
1941 1667 2250 1722 gloriosissime
2284 1668 2366 1708 vir-

169 1731 280 1787 ginis
311 1730 451 1774 Marie
484 1732 634 1774 matris
669 1732 829 1774 Christi
863 1733 948 1776 Dei
980 1735 1166 1777 viventis
1203 1739 1247 1777 et
1279 1735 1468 1776 omnium
1502 1740 1749 1777 sanctorum
1783 1740 1826 1777 et
1859 1741 2107 1778 sanctarum
2131 1736 2211 1777 Dei
2244 1742 2285 1777 et
2317 1737 2369 1778 ad

168 1800 378 1843 honorem
419 1805 569 1843 sancte
609 1803 759 1845 matris
803 1804 991 1846 ecclesie
1023 1804 1222 1846 Romane
1265 1810 1307 1846 et
1348 1805 1440 1847 eius
1483 1805 1686 1847 antistitis
1729 1819 1989 1862 suorumque
2030 1806 2209 1848 fratrum
2243 1806 2369 1847 etad

168 1871 378 1913 honorem
411 1876 455 1914 et
484 1871 645 1914 bonum
677 1876 838 1915 statum
870 1874 1135 1930 principum,
1177 1875 1409 1928 baronum,
1451 1876 1674 1928 comitum,
1717 1875 2039 1928 marchionum,
2072 1889 2296 1931 procerum
2328 1880 2372 1916 et

167 1941 347 1983 aliorum
387 1941 577 1984 omnium
620 1942 888 1984 dominorum
927 1947 971 1985 et
1012 1944 1254 1996 civitatum,
1299 1949 1510 1986 terrarum
1554 1949 1597 1987 et
1638 1945 1829 1986 omnium
1873 1947 2119 1987 comunium
2162 1950 2204 1986 et
2236 1945 2367 1985 totius

167 2012 316 2067 populi
348 2011 572 2054 christiani
605 2017 648 2054 et
678 2013 846 2068 imperii
874 2012 1183 2065 Romanorum,
1216 2014 1419 2055 invocata
1451 2015 1591 2069 gratia
1624 2015 1750 2056 unius
1780 2014 1864 2056 Dei
1897 2020 1940 2056 et
1973 2014 2191 2056 individue
2230 2014 2368 2054 Trini-

168 2081 290 2132 tatis,
327 2095 403 2122 vos
444 2080 663 2123 dominum
695 2081 924 2124 Alfonsum
963 2083 1205 2139 predictum
1244 2088 1495 2139 presentem
1537 2098 1612 2140 pro
1651 2088 1740 2125 toto
1781 2085 1962 2140 imperio
1997 2084 2292 2125 Romanorum
2329 2089 2371 2124 et

168 2149 363 2192 eiusdem
395 2151 563 2207 imperii
605 2152 778 2193 nomine
811 2156 855 2194 et
892 2152 1025 2194 totius
1068 2153 1218 2209 populi
1250 2152 1303 2195 de
1336 2153 1539 2209 imperio,
1585 2154 1678 2195 eius
1712 2154 1933 2209 negotium
1966 2154 2135 2195 utiliter
2167 2152 2370 2208 gerendo,

167 2218 210 2260 in
241 2218 536 2262 Romanorum
569 2233 716 2276 regem
749 2226 793 2262 et
824 2221 867 2262 in
890 2221 1198 2276 imperatorem
1222 2222 1408 2263 Romani
1432 2223 1602 2279 imperii
1626 2236 1738 2264 nunc
1762 2223 1958 2264 vacantis
1984 2222 2095 2277 eligo
2119 2227 2161 2263 et
2184 2235 2369 2269 assumo,

167 2303 401 2346 promoveo
435 2295 563 2346 atque
594 2305 715 2335 voco,
835 2289 901 2347 (2)
935 2290 1080 2339 Quare
1112 2306 1189 2333 nos
1222 2292 1443 2347 predictus
1467 2293 1677 2334 Alfonsus
1711 2306 1790 2333 rex
1822 2291 2062 2347 predictam
2097 2292 2370 2336 electionem,

169 2360 490 2410 assumtionem,
524 2360 838 2416 promotionem
871 2366 915 2402 et
937 2361 1208 2402 vocationem
1241 2365 1284 2402 et
1317 2362 1460 2402 omnia
1491 2361 1698 2417 predicta,
1734 2360 1919 2417 Spiritus
1955 2361 2094 2402 sancti
2133 2361 2273 2415 gratia
2306 2361 2367 2400 in-

167 2433 336 2481 vocata,
368 2429 423 2471 ad
453 2429 636 2484 gloriam
667 2429 749 2470 Dei
783 2434 826 2472 et
857 2430 911 2471 ad
942 2430 1148 2472 honorem
1181 2430 1358 2485 virginis
1392 2436 1542 2472 sancte
1574 2430 1711 2472 Marie
1744 2436 1788 2471 et
1821 2431 2011 2471 omnium
2049 2435 2293 2471 sanctorum
2327 2434 2369 2470 et

169 2502 416 2539 sanctarum
450 2504 493 2541 et
524 2498 579 2541 ad
609 2499 818 2542 honorem
852 2503 1002 2541 sancte
1031 2500 1182 2541 matris
1214 2499 1408 2542 Romane
1442 2500 1629 2542 ecclesie
1662 2504 1704 2540 et
1737 2500 1829 2541 eius
1863 2500 2069 2541 antistitis
2104 2513 2368 2553 suorumque

168 2567 346 2609 fratrum
379 2573 421 2610 et
453 2568 508 2610 ad
538 2569 745 2611 honorem
779 2574 822 2611 et
852 2569 1013 2611 bonum
1047 2573 1206 2610 statum
1238 2570 1502 2626 principum,
1536 2569 1768 2619 baronum,
1802 2569 2021 2620 comitum,
2055 2568 2364 2620 marchionum,

167 2650 394 2692 procerum
426 2642 469 2680 et
511 2638 693 2680 aliorum
732 2639 919 2680 omnium
961 2638 1170 2680 nobilium
1211 2643 1254 2679 et
1285 2639 1531 2691 civitatum,
1575 2644 1787 2680 terrarum
1821 2643 1864 2680 et
1897 2638 2086 2679 omnium
2120 2637 2365 2678 comunium

167 2710 211 2747 et
241 2707 370 2748 totius
411 2709 559 2764 populi
600 2708 822 2749 christiani
855 2713 899 2749 et
938 2708 1108 2764 imperii
1141 2708 1433 2749 Romanorum
1466 2713 1763 2764 acceptamuS,
1805 2708 2059 2763 recipimuS,
2094 2706 2291 2746 volumus
2325 2711 2367 2747 et

168 2775 505 2818 confirmamusf.
625 2776 690 2833 (3)
730 2777 788 2818 Et
826 2777 869 2818 in
914 2777 1085 2833 signum
1129 2782 1172 2820 et
1210 2777 1253 2819 in
1292 2778 1592 2819 investituram
1633 2777 1735 2818 dicti
1783 2776 1951 2832 imperii
1993 2790 2072 2830 ego
2111 2776 2194 2816 iam
2228 2774 2366 2815 dictus

167 2843 389 2887 Bandinus
427 2845 616 2888 sindicus
667 2846 904 2888 sindicatus
953 2847 1127 2888 nomine
1170 2861 1246 2902 pro
1290 2847 1463 2888 comuni
1503 2846 1730 2888 Pisarumg
1770 2850 1813 2886 et
1855 2859 1931 2901 pro
1975 2844 2172 2886 omnibus
2214 2858 2363 2899 supra-

169 2914 356 2971 scriptis,
396 2919 444 2956 ut
475 2929 626 2958 servus
657 2915 760 2957 Iesu
793 2914 955 2957 Christi
985 2930 1063 2972 per
1094 2919 1219 2958 vetus
1252 2920 1295 2958 et
1326 2930 1485 2957 novum
1516 2920 1828 2957 testamentum
1862 2919 1904 2955 et
1936 2927 2106 2956 crucem
2141 2918 2183 2954 et
2215 2927 2363 2954 ensem

167 2996 245 3024 vos
275 2983 518 3039 predictum
551 2984 772 3026 dominum
803 2984 1034 3026 Alfonsum
1066 2985 1248 3026 investio
1280 2989 1323 3026 et
1355 2985 1480 3026 flexis
1513 2985 1699 3040 genibus
1741 2984 1966 3025 hosculum
2000 2983 2118 3038 pacis
2151 2987 2193 3023 et
2225 2982 2363 3024 fideli—

167 3053 269 3094 tatis
308 3053 409 3109 pedi
446 3058 588 3096 vestro
628 3055 797 3111 porrigo
837 3059 880 3096 et
919 3069 975 3096 ex
1014 3068 1128 3096 nunc
1160 3068 1236 3095 vos
1278 3068 1356 3110 pro
1390 3053 1682 3095 comunitateh
1716 3053 1944 3094 Pisarumss
1975 3057 2018 3093 et
2052 3066 2127 3107 pro
2161 3051 2361 3092 omnibus

167 3121 374 3177 predictis
405 3137 482 3179 pro
513 3123 809 3166 Romanorum
840 3137 944 3179 rege
978 3128 1022 3166 et
1053 3124 1314 3179 imperatore
1348 3124 1507 3178 recipio
1541 3128 1584 3165 et
1614 3123 1668 3164 ab
1702 3123 1782 3163 hac
1815 3122 1921 3162 hora
1952 3122 1992 3161 in
2027 3124 2154 3162 antea
2187 3120 2358 3161 habebo

167 3195 212 3232 et
240 3191 400 3233 tenebo
441 3196 485 3233 et
520 3197 568 3234 ut
608 3193 724 3235 meoi
762 3191 1029 3249 legit[imo]k
1067 3193 1317 3248 imperatori
1360 3193 1550 3234 adhereo
1592 3197 1635 3234 et
1674 3197 1762 3233 toto
1806 3196 1999 3246 tempore
2039 3189 2276 3239 adherebO,
2323 3194 2365 3230 et

168 3261 324 3302 vestris
362 3260 462 3302 filiis
503 3266 546 3303 et
584 3262 819 3305 heredibus
851 3262 974 3304 vobis
1016 3262 1059 3302 in
1096 3262 1177 3303 hoc
1218 3262 1382 3303 honore
1426 3261 1783 3311 succedentibus,
1827 3264 1871 3301 et
1911 3260 1969 3300 sic
2011 3258 2065 3300 ad
2098 3263 2247 3299 sancta
2277 3257 2363 3299 Dei

169 3329 396 3384 evangelia
425 3330 534 3372 iuro.
625 3330 690 3387 (4)
724 3331 863 3380 Quam
895 3331 1193 3372 investituram
1227 3335 1269 3371 et
1301 3331 1444 3371 omnia
1476 3330 1669 3386 predicta
1691 3344 1768 3370 nos
1795 3328 2015 3384 predictus
2040 3327 2243 3368 Alfonsus
2269 3341 2361 3371 rex.

167 3398 277 3440 sicut
315 3398 476 3441 dietum
515 3404 599 3453 est,
640 3401 886 3457 recipimus.
1005 3400 1068 3455 (5)
1106 3399 1164 3440 Et
1202 3399 1256 3440 ad
1288 3399 1480 3441 veritatis
1519 3400 1771 3440 memoriam
1810 3398 1863 3439 de
1904 3397 2108 3453 predictis
2149 3401 2358 3451 perpetuo

169 3468 508 3510 conservandam
547 3469 684 3511 dictus
723 3469 911 3511 sindicus
952 3474 995 3511 et
1029 3469 1223 3525 prefatus
1256 3468 1453 3509 dominus
1491 3482 1572 3509 rex
1614 3482 1682 3508 me
1716 3467 1937 3508 Matheum
1977 3466 2193 3506 notarium
2226 3465 2358 3505 filium

168 3536 382 3591 quondam
428 3537 565 3579 Saluii
606 3539 659 3580 de
703 3540 878 3581 civitate
908 3538 1107 3580 Pisarum
1148 3537 1200 3579 de
1244 3538 1424 3594 prefatis
1465 3537 1683 3586 omnibus,
1728 3540 1775 3576 ut
1815 3535 2011 3590 superius
2052 3534 2210 3589 scripta
2250 3539 2360 3581 sunt,

303 3629 391 3665 392.
424 3631 454 3673 ⁰)
480 3636 539 3666 effe
564 3633 690 3665 similia
713 3644 844 3676 semper
868 3645 918 3666 or.
1016 3630 1049 3673 d)
1074 3633 1111 3665 in
1134 3631 1288 3674 ‘maryine
1312 3631 1430 3663 eadem
1454 3641 1561 3662 manu
1585 3641 1659 3661 cum
1677 3630 1771 3671 siquo
1795 3641 1844 3661 or.
1929 3627 1959 3669 e)
1987 3617 2020 3661 iii
2046 3639 2094 3660 or.
2192 3625 2224 3669 f)
2250 3627 2360 3657 firma-

101 3689 134 3718 50
170 3697 245 3721 mus
269 3700 318 3721 or.
436 3690 470 3730 8)
496 3691 553 3733 pss‘
571 3702 621 3724 or.
744 3689 778 3731 h)
804 3691 927 3724 cffitate
952 3703 1001 3722 or.
1130 3688 1154 3731 i)
1179 3690 1234 3722 ff
1260 3690 1396 3731 saepius
1421 3701 1470 3720 or.
1587 3685 1621 3728 k)
1646 3687 1728 3730 legit
1753 3686 1961 3718 solummodo
1987 3685 2076 3717 linea
2094 3685 2198 3727 finita
2224 3695 2272 3715 or.

2017 3746 2087 3780 62*
