2558 3970
82 921 114 945 10

82 1264 114 1289 15

81 1955 114 1982 25

83 2299 116 2325 30

85 2644 118 2670 35

690 162 928 197 FRIDERIC!
959 163 1002 198 Η.
1028 163 1458 200 CONS'I'l'I'U'I'IONES.
1511 168 1607 201 12:34.
1659 167 1718 201 Nr.
1742 168 1815 202 187.
2265 175 2346 208 ·)·)‹i

148 294 300 337 preces
343 293 489 320 eorum
537 278 716 334 provida
766 278 1024 319 liberalitate
1070 280 1362 334 prosequitur,
1408 296 1513 335 quos
1556 282 1606 322 ad
1651 283 1855 338 obsequia
1903 298 1976 324 sun
2024 299 2099 340 pei·
2147 288 2342 327 effectum

149 350 290 405 operis
323 348 538 403 obligatos
571 352 615 388 et
646 347 815 388 devotio
847 348 1048 402 provexit
1082 354 1126 387 ut
1160 349 1336 388 meritos
1370 356 1412 390 et
1445 349 1550 390 fides
1584 352 1742 392 extulit
1776 359 1819 392 ut
1852 359 2065 408 acceptos.
2126 354 2345 396 l'niversis

149 418 280 473 igitur
311 416 478 472 imperii
511 416 646 457 nostri
676 415 875 457 fidelibus
908 420 994 456 tam
1027 417 1302 470 presentibus
1337 431 1462 472 quam
1496 419 1649 459 futuris
1683 421 1874 461 velumus
1909 439 2004 462 esse
2040 428 2199 467 notum.
2235 425 2345 479 quod

149 487 340 529 dictante
375 486 590 527 sententia
621 485 861 540 principum
896 485 1162 540 aliorumque
1199 485 1402 527 nobilium
1439 488 1605 541 imperii
1640 488 1825 529 fidelium
1862 491 2139 532 existentium
2177 494 2215 532 in
2251 508 2343 548 prv-

148 556 288 598 sentia
318 559 466 596 nostra
499 555 665 596 exstitit
697 553 1000 609 approbatum,
1033 559 1078 594 ut
1111 554 1252 595 nullus
1287 555 1513 610 episeopus
1547 556 1790 598 Theutonie
1825 559 1875 599 de
1912 559 2002 601 liiis.
2037 575 2117 614 que
2153 569 2346 616 spectant

149 625 203 667 ad
237 624 403 680 regalia
436 627 478 665 et
512 623 566 665 ab
600 623 782 678 imperio
816 626 949 673 tenet,
982 623 1169 678 aliquem
1207 623 1428 665 infeodare
1464 626 1597 679 possit
1634 633 1777 680 preter
1800 642 2024 668 assi-nsum
2060 637 2272 671 nostruin:
2307 639 2347 670 et

149 693 260 750 quod
304 693 411 734 nulli
457 692 665 733 advocato
709 692 838 733 liceat
877 692 918 732 in
964 692 1079 733 cives
1122 692 1382 733 cathedralis
1423 694 1607 734 civitatis
1652 697 1923 736 exat-tioiwm
1965 699 2150 752 aliquam
2191 702 2347 739 facere.

148 762 241 804 Nee
283 762 412 804 liceat
451 761 577 802 alicui
618 761 761 802 comiti
801 761 869 801 vel
911 760 1118 802 advocato
1161 761 1240 802 sibi
1281 761 1476 802 iuditium
1521 776 1729 817 usurpare
1771 764 1823 804 de
1868 765 1946 805 hiis
1985 781 2065 819 que
2107 769 2144 807 in
2180 769 2346 808 emuni-

149 831 312 873 tatibus
353 830 485 871 fiunt⁸
525 830 826 878 ecclesiarum,
874 830 955 870 nisi
996 834 1160 870 tantum
1203 831 1499 871 ecclesiastico
1540 831 1666 872 iudici
1710 833 1761 873 ad
1804 833 1881 874 lios·
1923 834 1974 875 de
2010 837 2224 876 voluntat«-
2258 839 2346 892 epi-

152 901 273 956 scopi
305 900 556 947 constituto;
598 903 642 940 et
673 898 784 954 quod
818 899 935 940 nulla
968 900 1155 940 ecclesia
1189 900 1230 940 in
1265 913 1348 940 uno
1382 900 1529 955 predio
1566 901 1708 956 plures
1742 901 1971 942 advocatos
2006 905 2141 958 possit
2175 905 2347 946 haben-v.

150 969 262 1011 Item
293 968 406 1025 quod
439 968 542 1010 nulli
574 967 782 1009 advocato
815 968 945 1010 liceat
977 968 1018 1008 in
1052 969 1263 1009 officiatos
1298 969 1491 1024 episcopi
1526 975 1568 1010 et
1601 970 1806 1010 familiam
1840 972 2025 1012 ecclesie
2060 987 2135 1012 sue
2161 974 2344 1028 aliquam

151 1039 422 1081 exactionem
466 1039 609 1080 facere
650 1038 717 1079 vel
756 1037 953 1078 iuditium
994 1051 1212 1078 exercere.
1282 1037 1391 1078 Item
1426 1037 1535 1092 quod
1570 1038 1750 1093 quilibet
1782 1041 2078 1095 episcoporum
2113 1041 2350 1082 'l'lwotoniv

151 1108 392 1150 secularem
426 1107 660 1148 officiatum
694 1107 735 1147 in
769 1107 857 1147 suis
891 1107 1151 1158 civitatibus,
1185 1107 1352 1162 oppidis
1386 1114 1429 1148 et
1464 1108 1575 1148 villis
1602 1108 1762 1149 habere
1788 1115 1972 1153 tenetur.
2006 1116 2051 1150 ut
2075 1111 2233 1151 indic-vt
2259 1113 2350 1152 lau-o

151 1178 236 1229 sui,
271 1183 314 1219 et
346 1176 452 1218 duas
486 1181 630 1232 partes
664 1176 984 1231 compositionis
1017 1181 1060 1216 et
1095 1176 1400 1217 satisfactionis
1443 1183 1690 1231 spectantes
1725 1177 1776 1218 ad
1811 1179 2059 1234 episcopum
2092 1179 2184 1219 loeo
2220 1181 2351 1235 ipsius

151 1260 228 1304 pro
267 1251 388 1302 parte
423 1260 499 1287 sua
532 1245 714 1300 recipiat
746 1249 790 1285 et
821 1246 991 1286 tertiam
1025 1244 1183 1286 habeat
1216 1245 1465 1288 advocatus.
1587 1246 1858 1288 Constitutus
1891 1248 2035 1302 itaque
2069 1249 2108 1289 in
2136 1250 2351 1304 presentia

150 1320 297 1359 nostra
318 1315 536 1358 Henricus
562 1314 823 1356 venerabilis
849 1315 1082 1370 episcopus
1106 1314 1392 1370 Eystetensis,
1424 1315 1607 1357 dilectus
1632 1317 1828 1372 princeps
1854 1322 2012 1366 noster,
2039 1318 2157 1358 nobis
2183 1319 2347 1374 suppli-

151 1387 264 1428 cavit
302 1385 529 1435 attentius‚
579 1389 626 1425 ut
665 1384 766 1439 quia
807 1397 937 1440 super
982 1384 1204 1439 premissis
1248 1385 1446 1426 omnibus
1491 1399 1666 1440 gravem
1714 1386 1795 1426 huc
1840 1400 1974 1441 usque
2019 1401 2148 1442 super
2188 1388 2350 1428 iuribus

151 1455 336 1497 ecclesie
377 1469 453 1496 sue
492 1467 727 1510 perpessus
762 1458 826 1494 est
864 1453 1094 1499 lesionem,
1135 1454 1177 1494 in
1211 1454 1403 1495 favorem
1437 1468 1560 1495 suum
1595 1460 1636 1495 et
1669 1456 1853 1496 ecclesie
1888 1469 1963 1496 sue
2000 1457 2214 1496 munimen
2251 1471 2348 1511 pre-

151 1524 287 1566 dictas
321 1524 560 1565 sententias
595 1527 710 1563 ratas
743 1522 906 1563 habere
940 1527 1149 1578 perpetuo
1183 1522 1474 1577 dignaremur.
1537 1523 1625 1563 Nos
1650 1524 1780 1578 igitur
1804 1523 2078 1565 attendentes
2101 1531 2223 1578 grata
2248 1526 2352 1565 satis

153 1583 408 1649 et'accepta
440 1592 618 1633 servitia
649 1605 732 1646 que
765 1590 902 1632 dictus
935 1592 1164 1646 episcopus
1199 1591 1339 1641 nobis,
1375 1592 1599 1633 karissimo
1634 1593 1720 1633 filio
1754 1598 1900 1633 nostro
1934 1593 2024 1646 regi
2059 1593 2349 1634 Romanorum

151 1662 309 1704 illustri
342 1666 385 1704 et
417 1661 599 1717 imperio
632 1674 803 1716 semper
837 1660 1035 1702 exhibuit
1068 1666 1111 1701 et
1142 1660 1351 1702 exhibere
1385 1662 1541 1716 poterit
1575 1662 1615 1702 in
1650 1662 1854 1706 futurum,
1890 1663 2087 1703 volentes
2111 1663 2240 1703 ctiam
2267 1663 2353 1702 suis

151 1736 195 1774 et
235 1731 421 1773 ecclesie
462 1745 538 1772 sue
579 1729 966 1786 indempnitatibus
1008 1729 1257 1785 providere.
1302 1730 1355 1771 de
1396 1731 1544 1772 innata
1576 1731 1845 1772 celsitudinis
1884 1737 2027 1772 nostre
2063 1732 2351 1772 munificentia

150 1800 368 1857 predictas
401 1800 641 1842 sententias
675 1799 995 1845 confirmamus,
1035 1803 1077 1840 et
1109 1800 1231 1854 siqua
1264 1804 1414 1840 contra
1447 1813 1521 1840 eas
1555 1800 1597 1840 in
1633 1801 1817 1841 ccclesia
1850 1800 2097 1855 Eystctensi
2132 1815 2263 1855 usque
2301 1800 2352 1840 ad

151 1870 232 1912 hec
272 1875 469 1926 tempora
514 1873 613 1910 sunt
653 1873 802 1910 contra
842 1868 1050 1909 iustitiam
1092 1873 1371 1924 attemptata,
1415 1870 1455 1909 in
1498 1869 1664 1910 irritum
1699 1883 1967 1911 revocamuS.
2031 1869 2282 1910 Statucntes
2317 1876 2357 1909 et

153 1938 365 1996 imperiali
399 1939 645 1980 sancientes
679 1937 840 1990 edicto,
880 1952 933 1979 ne
967 1938 1122 1993 aliquis
1156 1937 1393 1979 advocatus
1426 1942 1500 1979 aut
1534 1952 1698 1987 comes,
1733 1939 1819 1979 alta
1853 1952 2038 1993 persona
2070 1939 2137 1978 vel
2171 1938 2358 1983 humilis,

154 2008 454 2050 ecclesiastica
493 2007 560 2048 vel
603 2007 811 2049 secularis
855 2012 1004 2048 contra
1047 2012 1272 2063 presentes
1313 2008 1550 2048 sententias
1590 2012 1633 2048 et
1671 2021 1748 2062 per
1787 2021 1863 2048 nos
1904 2007 2164 2063 approbatas
2208 2006 2354 2047 venire

154 2083 388 2134 presumat,
450 2076 576 2125 Quod
609 2077 681 2132 qui
714 2077 1041 2132 presumpserit,
1076 2076 1390 2132 quinquaginta
1423 2077 1628 2118 librarum
1651 2077 1742 2117 auri
1776 2090 1887 2132 pena
1910 2077 2137 2132 plectatur,
2173 2090 2353 2130 quarum

153 2147 366 2190 medietas
399 2147 511 2203 parti
544 2147 680 2202 ipsius
714 2146 907 2201 episcopi
941 2151 983 2187 et
1016 2146 1200 2187 ecclesie
1235 2160 1325 2195 sue,
1361 2146 1527 2201 reliqua
1559 2146 1663 2187 fisco
1698 2151 1842 2186 nostro
1877 2145 2082 2186 solvatur.
2135 2144 2200 2185 Ad
2231 2145 2356 2185 huius

152 2216 284 2271 igitur
327 2216 391 2258 rei
432 2216 685 2258 memoriam
725 2220 768 2256 et
805 2214 934 2257 robur
973 2219 1187 2271 perpetuo
1229 2215 1459 2256 valiturum
1502 2229 1682 2270 presens
1716 2215 1992 2270 privilegium
2032 2214 2122 2255 fieri
2166 2220 2208 2255 et
2242 2214 2355 2254 bulla

155 2299 288 2327 aurea
319 2285 490 2342 typario
523 2290 668 2326 nostre
701 2285 956 2340 magestatis
989 2285 1201 2340 impressa
1231 2285 1435 2325 iussimus
1469 2284 1734 2325 communiri.

296 2354 440 2396 Huius
487 2354 551 2395 rei
591 2358 726 2396 testes
767 2358 886 2395 sunt:
937 2353 980 2395 S.
1021 2353 1377 2409 archiepiscopus
1426 2353 1707 2408 Maguntinus
1757 2354 1889 2394 totius
1937 2351 2170 2393 Germanic
2217 2352 2354 2393 archi-

152 2423 461 2476 cancellarius,
494 2421 544 2464 E.
578 2422 972 2479 Papembergensis
1004 2423 1257 2478 episcopus,
1297 2422 1351 2464 H.
1385 2422 1577 2464 marchio
1610 2422 1663 2463 de
1696 2421 1866 2473 Baden,
1902 2435 2045 2463 comes
2079 2421 2355 2461 Hermannus

152 2493 206 2536 de
240 2491 546 2544 Ortemburch,
577 2491 788 2534 Albertus
820 2491 872 2533 de
904 2491 1035 2544 Ense,
1068 2491 1314 2547 Englardus
1348 2491 1400 2533 de
1432 2491 1595 2542 Nidek,
1629 2496 1672 2532 ct
1704 2491 1775 2532 alii
1809 2504 1935 2545 quam
1969 2491 2128 2546 plures.

294 2560 313 2616 Ξ
344 2561 526 2618 Signum
559 2561 722 2603 domini
755 2561 966 2603 Friderici
991 2560 1168 2603 secundi
1191 2560 1276 2603 Dei
1299 2561 1447 2616 gracia
1475 2560 1744 2601 invictissimi
1767 2559 2059 2601 Romanorum
2083 2558 2355 2614 imperatoris

155 2645 328 2688 semper
360 2631 536 2687 augusti
568 2630 667 2686 (M.)
699 2630 940 2672 Ierusalem
973 2635 1016 2672 et
1049 2630 1195 2672 Sicilie
1229 2628 1397 2685 regis}

297 2700 409 2742 Acta
457 2705 557 2742 sunt
603 2701 683 2742 hec
731 2714 843 2741 anno
889 2699 1103 2741 dominice
1157 2700 1466 2742 incarnationis
1515 2699 1743 2740 millesimo
1792 2697 2089 2738 ducentesimo
2138 2697 2353 2737 tricesimo

133 2774 326 2825 quarto,
359 2783 509 2812 mense
540 2768 792 2820 Novembr.,
837 2773 990 2810 octave
1024 2768 1291 2820 indictionis,
1335 2769 1576 2824 imperante
1610 2767 1781 2807 domino
1823 2771 1967 2806 nostro
2001 2765 2068 2806 Fr.
2102 2765 2182 2805 Dei
2217 2765 2356 2818 gratia

155 2839 439 2881 invictissimo
470 2838 767 2880 Romanorum
801 2838 1064 2894 imperatore
1099 2851 1270 2893 semper
1302 2842 1508 2892 augusto,
1552 2835 1790 2877 Ierusalem
1825 2839 1867 2876 et
1900 2834 2045 2875 Sicilie
2080 2847 2200 2888 rege.
2245 2847 2355 2873 anno

154 2908 326 2965 imperii
358 2908 453 2950 eius
486 2906 834 2963 quartodecimo,
877 2907 999 2962 regni
1031 2906 1270 2948 Ierusalem
1310 2920 1443 2957 nono,
1485 2906 1608 2960 regni
1641 2918 1742 2946 vero
1778 2903 1924 2944 Sicilie
1958 2903 2176 2944 tricesimo
2211 2909 2356 2943 sexto:

87 2988 122 3014 4⁰
156 2977 341 3020 feliciter
372 2991 512 3019 amen.

298 3045 399 3087 Dat.
431 3045 584 3100 Fogie,
619 3058 746 3096 anno,
778 3058 929 3086 mense
962 3050 1005 3085 et
1036 3044 1268 3087 indictione
1302 3044 1567 3100 prescriptis.

296 3171 382 3206 187.
413 3172 445 3214 ²³)
471 3183 580 3215 supra
603 3171 664 3205 lin.
689 3172 775 3205 add.
801 3183 851 3204 or.
