2558 3970
106 913 115 937 1
120 914 137 935 0

102 1264 134 1288 15

100 1610 134 1634 20

100 1962 132 1988 25

97 2591 130 2617 30

99 3067 131 3093 35

97 3417 130 3443 40

357 163 642 198 INNOCENTH
672 164 732 198 Ill.
760 164 957 200 DECRET.
987 166 1044 199 DF.
1071 166 1184 200 IURF,
1212 166 1399 202 PONTIF.
1429 168 1476 201 ΙΝ
1505 168 1668 202 ELECT.
1698 170 1845 203 limus.
1889 171 1986 205 1202.
2032 172 2186 205 Niatffls.
2291 177 2370 213 507

174 278 436 321 salernitani
469 279 783 335 archicpiscopi
818 294 893 320 nos
927 281 967 321 in
1002 280 1259 322 Teutoniam
1301 282 1575 330 misci-anum,
1620 291 1767 326 contra
1802 287 1978 327 formam
2015 287 2200 328 mundati
2237 289 2368 328 nostri

174 348 226 389 dc
259 348 373 389 facto
406 348 684 396 solummodo,
718 350 819 405 quia
851 348 903 390 dc
935 349 1026 390 iurc
1060 364 1144 390 non
1179 351 1329 405 potuit,
1364 357 1457 406 post
1493 367 1613 394 sunm
1649 354 1904 395 olm-tionmn
1940 356 2053 410 apud
2080 356 2369 397 warum-iam

176 418 343 459 occulte
383 431 430 458 se
472 417 575 458 fecit
617 418 796 460 absolvi.
860 417 986 459 Unde
1029 423 1170 474 patet.
1213 419 1324 474 qnod
1371 421 1499 462 fucrit
1538 425 1936 464 cxvonnnunicatus
1971 426 2136 465 clectus
2172 427 2288 467 ‘ott-..¹
2325 432 2368 466 ut

174 500 303 542 supra
334 487 375 527 in
409 486 594 527 cundem
633 486 804 528 modum
840 500 922 542 quo
961 487 1165 542 scriptum
1200 494 1265 528 est
1309 489 1573 545 principibus
1607 492 1863 533 Alamannic
1899 494 2047 548 usquc*
2084 509 2159 534 sua
2194 495 2366 535 temeri-

173 561 260 597 tate
293 556 452 597 vcnirc.
516 555 669 596 Utrum
706 570 804 597 vero
836 556 996 597 dictum
1032 557 1316 597 iuramentum
1352 558 1512 599 licitum
1546 562 1672 601 fucrit
1705 577 1758 602 an
1786 562 1979 603 illicitum
2005 571 2043 603 ct
2072 563 2165 604 idco
2190 578 2366 605 servan-

172 625 271 666 dum
305 639 358 666 an
392 639 472 665 non
507 624 765 665 servandum
801 625 1031 672 exstiterit,
1067 639 1191 665 nemo
1225 640 1328 666 sanc
1364 629 1518 668 montis
1553 629 1721 681 ignorat
1750 630 1801 671 :ul
1828 638 2018 672 nosti-mn
2046 633 2246 674 indiviam
2274 648 2366 688 prr-

172 694 322 735 tinere.
441 693 507 748 (9)
550 693 674 741 Quod
708 698 852 734 autem
886 693 1154 750 Ph(ilippus')
1187 694 1238 735 ‹lc
1271 710 1432 746 genero
1468 705 1789 751 persecutorum
1825 701 1999 746 existat,
2036 702 2251 757 prins-ipos
2286 718 2367 743 non

172 763 386 805 credimus
419 762 631 813 dubitare,
665 777 759 804 cum
794 762 1013 804 llenricus
1047 765 1166 805 ‘etc.²
1201 765 1240 805 in
1274 765 1459 806 cundum
1495 767 1582 807 scr(-
1619 767 1787 809 modnm
1825 777 1868 809 ut
1901 771 2369 825 s111›‹·1·ius‹li‹·tinnost

171 831 323 888 usque⁷
358 832 476 873 vivos
509 832 550 872 in
595 846 714 873 marc
754 832 994 887 submergi,
1039 832 1091 873 ad
1134 837 1250 874 tuam
1285 840 1328 875 ct
1361 835 1542 876 aliorum
1586 837 1825 892 principum
1860 839 2072 880 credimus
2106 841 2369 881 audivntiam

174 901 436 957 pervenisse.
529 901 620 955 (10)
656 900 837 956 Insuper
870 901 902 941 si
933 901 1337 956 supradictusdux,
1372 904 1483 958 quod
1516 905 1645 953 absit,
1681 907 1904 962 imperium
1930 909 2157 951 obtineret.
2193 910 2369 950 lilim-ms

170 971 412 1027 principum
446 971 486 1011 in
521 969 736 1011 electione
771 970 933 1025 periret
966 975 1008 1010 ct
1041 971 1205 1026 imperii
1242 972 1465 1013 obtinendi
1500 973 1552 1014 ‹lc
1586 980 1731 1015 cetero
1767 977 1925 1017 cctcris
1957 977 2108 1018 tulin-ia
2133 979 2370 1019 tolleretur.

170 1040 279 1081 Nam
324 1040 379 1087 si,
423 1044 548 1095 prout
581 1039 682 1080 olim
717 1038 976 1079 Frcdcricus
1009 1038 1202 1081 Corrado
1236 1046 1278 1081 et
1312 1041 1528 1083 IIcnricns
1563 1044 1835 1098 postmodnm
1871 1046 2120 1089 Frcdcrivo.
2165 1049 2223 1087 siv
2259 1062 2370 1088 nnn«-

171 1109 239 1150 vcl
274 1108 531 1150 Fredcricus
565 1106 807 1164 1³11([i1ipp0)
843 1108 908 1150 vel
935 1109 1203 1165 I'li(ilippus)
1240 1111 1431 1152 Hem-ico
1465 1113 1733 1165 silccsnlcrct,
1769 1115 1987 1157 videretur
2022 1117 2246 1172 impin-inm
2283 1132 2363 1158 non

170 1192 224 1219 cx
262 1177 472 1219 electione
516 1176 593 1219 sed
632 1191 686 1218 cx
730 1178 1003 1219 successione
1048 1178 1211 1221 dcbcri.
1281 1180 1487 1221 l'rctcrca
1528 1196 1622 1222 cum
1665 1184 1785 1224 multi
1830 1186 2067 1241 principum
2103 1202 2153 1227 cx
2191 1188 2369 1243 imperio

172 1261 282 1303 eque
316 1247 401 1288 sint
433 1246 597 1288 nobiles
630 1250 673 1287 et
705 1252 930 1302 potentes,
972 1248 1013 1289 in
1048 1262 1195 1289 corum
1239 1249 1523 1304 prciudicium
1559 1251 1839 1297 redundaret.
1885 1255 1920 1295 si
1956 1256 2123 1296 nonnisi
2159 1255 2210 1296 dc
2245 1256 2371 1297 domo

170 1315 327 1358 ducum
361 1316 520 1358 Sueuie
555 1315 771 1357 videretur
803 1317 956 1372 aliquis
990 1317 1041 1358 ad
1076 1318 1301 1373 imperium
1334 1319 1635 1361 assumendus.
1739 1322 1829 1376 (11)
1865 1322 1971 1365 Cum
2006 1339 2108 1379 crgo
2144 1340 2219 1366 nos
2254 1326 2367 1366 flia-ti

170 1399 195 1427 a
226 1389 373 1427 nostro
405 1385 628 1441 proposito
662 1385 781 1426 nulla
813 1386 984 1441 penitus
1019 1387 1248 1429 occasione
1282 1389 1511 1443 possimus,
1545 1390 1620 1431 scd
1655 1390 1695 1431 in
1721 1405 1771 1432 co
1797 1393 1938 1447 potius
1967 1394 2211 1434 firmissime
2237 1395 2369 1450 persi-

170 1459 350 1506 stamus,
383 1460 425 1495 et
458 1459 503 1495 tu
537 1454 660 1495 nobis
694 1469 798 1511 sepe
833 1470 909 1512 per
941 1455 1108 1497 litteras
1142 1462 1237 1497 tuas
1271 1457 1446 1499 duxeris
1482 1459 1818 1514 suggerendum,
1855 1468 1900 1503 ut
1933 1463 2074 1504 eidem
2107 1464 2204 1504 duci
2231 1465 2368 1505 nulla-

169 1529 295 1566 tenus
328 1524 585 1571 faveremus,
619 1525 888 1567 nobilitatem
920 1530 1037 1567 tuam
1070 1540 1294 1568 monemus
1318 1532 1361 1568 ct
1384 1527 1664 1570 exhortamur
1694 1529 1734 1570 in
1758 1530 1945 1572 Domino
1971 1538 2011 1573 ct
2037 1547 2111 1588 pcr
2135 1533 2369 1588 apostolic-a

171 1594 329 1648 scripta
366 1593 642 1646 mandamus,
684 1599 920 1650 quatenus,
962 1595 1072 1636 sicut
1105 1594 1157 1636 de
1190 1596 1331 1650 gratia
1363 1601 1510 1638 nostra
1542 1598 1720 1640 confidis
1754 1605 1796 1641 ct
1830 1614 1906 1641 nos
1941 1601 1992 1642 dc
2028 1609 2101 1642 tua
2133 1602 2365 1643 devotione

168 1676 405 1720 speramus,
439 1662 492 1705 de
526 1669 671 1705 cetero
705 1678 730 1705 a
761 1663 930 1719 prefato
954 1664 1064 1706 duce
1088 1664 1328 1721 Ph(ilippo)
1353 1666 1532 1708 recedas
1555 1668 1742 1718 omnino,
1777 1684 1859 1710 non
1884 1670 2085 1712 obstante
2112 1672 2369 1712 iuramento.

169 1734 203 1775 si
235 1732 349 1789 quod
381 1733 420 1774 ei
453 1733 620 1774 ratione
654 1734 776 1788 regni
815 1733 979 1782 fecisti,
1020 1747 1115 1775 cum
1150 1748 1200 1776 co
1236 1740 1442 1790 quantum
1475 1736 1528 1777 ad
1562 1737 1843 1780 obtinendum
1881 1740 2105 1796 imperium
2140 1741 2368 1796 reprobato

169 1804 454 1845 iuramentum
499 1802 744 1844 huiusmodi
787 1817 870 1844 non
909 1803 1068 1845 debeat
1115 1804 1350 1847 observari.
1415 1805 1618 1847 Predicto
1652 1821 1753 1848 vcro
1787 1809 1876 1863 regi
1912 1808 2078 1861 Ottoni,
2125 1824 2251 1865 quem
2289 1825 2365 1851 nos

169 1872 432 1915 concedente
473 1871 660 1914 Domino
707 1871 759 1913 ad
805 1886 1009 1914 coronam
1057 1873 1223 1929 imperii
1269 1873 1536 1930 disponimus
1582 1890 1784 1922 evocare,
1829 1883 2027 1933 patenter
2073 1879 2283 1920 adlicrcas
2327 1887 2369 1920 ct

169 1946 383 1999 potenter,
423 1947 470 1983 ut
513 1956 608 1984 cum
650 1942 689 1983 ei
729 1941 782 1982 ad
829 1943 1204 1984 commonitionem
1246 1948 1437 1985 nostram
1478 1945 1724 1992 adhcscris,
1770 1948 1881 1988 inter
1922 1949 2081 2003 primos
2116 1949 2296 2003 gratiam
2332 1955 2372 1989 ot

167 2012 504 2054 benivolentiam
540 2012 633 2053 eius
667 2011 861 2053 obtinere
894 2012 1100 2068 precipue
1133 2014 1365 2055 mercaris:
1400 2014 1452 2055 ad
1486 2015 1598 2070 quod
1634 2030 1710 2056 nos
1745 2031 1819 2072 pro
1853 2022 1924 2058 tue
1960 2018 2198 2059 nobilitatis
2223 2034 2370 2059 amor(-

168 2081 366 2123 dabimus
400 2095 577 2137 operam
613 2081 848 2123 efficacem.

312 2150 474 2192 Datum
509 2151 729 2193 Laterani.

324 2447 639 2516 399-401.
694 2444 1367 2517 INNOOENTII
1414 2446 1532 2518 IV.
1578 2446 2203 2518 CONCHAUM

876 2560 1659 2634 LUGDUNENSE.

1133 2699 1276 2747 1245.
1314 2700 1404 2747 Iul.

312 2843 510 2897 Quamvis
540 2844 772 2886 sznnmctria
804 2844 1008 2886 tabularii
1038 2843 1232 2887 Vaticani
1254 2844 1461 2887 Parisina
1493 2845 1649 2887 bullam
1678 2846 1898 2898 pontificis,
1924 2859 2002 2896 per
2032 2860 2156 2898 (siccem
2179 2861 2217 2888 α.
2247 2847 2365 2889 1245,

166 2912 272 2965 Apr.
295 2914 350 2953 18
379 2914 669 2968 imperatorem
698 2914 755 2956 ad
791 2915 1011 2956 concilium
1048 2915 1255 2965 citaverit,
1295 2915 1515 2968 allegyent3,
1553 2915 1674 2957 talem
1715 2915 1869 2955 bullam
1901 2927 2118 2966 nunquam
2150 2915 2366 2964 exstitisse,

165 2981 453 3035 imperatorem
487 2983 627 3035 potius
661 2997 738 3036 per
767 2984 899 3025 solum
937 2996 1180 3034 sermonem,
1219 2998 1336 3037 quem
1367 2985 1636 3026 Innocentius
1667 2983 1749 3027 IV.
1779 2998 1819 3027 a.
1844 2985 1966 3024 1244.
2001 2982 2098 3024 Dee.
2121 2986 2179 3023 27
2210 2983 2364 3033 habuit,

167 3051 336 3093 eitatmn
368 3063 463 3102 esse,
495 3053 861 3104 comprobaverunt
884 3051 1128 3106 Rodenbery
1160 3052 1388 3105 ‘Epistolae
1409 3066 1512 3095 saec.
1536 3053 1690 3097 XIII.'
1724 3054 1786 3104 H,
1810 3054 1865 3093 :37
1895 3055 1975 3093 not.
2001 3055 2036 3102 1,
2067 3051 2124 3094 W
2124 3052 2365 3093 inlcelmann

165 3118 353 3174 ‘Reyesta
382 3120 561 3173 imperii’
595 3121 638 3172 V,
663 3122 814 3172 75280,
846 3121 966 3162 Kelir
996 3121 1268 3164 ‘Historiselee
1289 3122 1542 3175 Zeitsehrift'
1569 3123 1778 3173 LXXIV,
1804 3124 1870 3164 98.
1933 3121 2007 3162 Vir
2038 3122 2086 3164 el.
2112 3121 2231 3163 Kelcr
2261 3125 2364 3163 certe

163 3191 268 3231 reete
308 3189 530 3241 iudicavit,
577 3191 851 3232 summarium
891 3190 1004 3232 istud
1042 3190 1294 3233 Parisinum
1337 3195 1518 3244 spectare
1555 3192 1612 3233 acl
1646 3192 1861 3244 epistolam
1900 3191 2137 3232 Innocentii
2173 3205 2212 3233 a.
2240 3192 2361 3231 1218.

165 3258 273 3311 Apr.
297 3260 351 3299 18
381 3259 538 3310 datam,
569 3274 694 3313 quam
725 3274 858 3313 nuper
888 3260 1021 3302 denuo
1052 3260 1180 3302 edidit
1209 3260 1457 3313 Rodenbery'
1480 3262 1506 3302 l.
1531 3274 1561 3303 e.
1586 3261 1652 3311 II,
1683 3275 1748 3302 nr.
1773 3261 1855 3301 541
1888 3261 2100 3312 (Bo'lmner,
2134 3259 2231 3313 Res).
2265 3261 2362 3313 imp.

175 3327 221 3379 V,
242 3329 388 3384 7986),
419 3329 537 3371 euius
565 3330 778 3382 eoeemplar
807 3330 1110 3383 cc‘utoyraplium
1136 3330 1221 3371 iam
1242 3343 1355 3372 nune
1374 3333 1510 3371 exstat
1538 3331 1584 3371 in
1607 3330 1815 3371 tabulario
1841 3329 2038 3370 Vaticano
2050 3330 2077 3369 ¹².
2131 3328 2176 3369 E
2193 3328 2362 3370 decretis·

168 3397 331 3439 concili-i
361 3411 452 3439 eum·
480 3397 590 3440 nihil
619 3399 676 3440 ad
705 3401 892 3440 nostrum-
922 3399 1126 3451 inceptum
1159 3401 1315 3451 spectet,
1347 3399 1431 3440 tria
1461 3402 1623 3440 tantum
1644 3401 1905 3440 monumenta
1928 3397 2190 3450 proposituri
2210 3410 2364 3439 sumus.

307 3524 342 3566 1)
381 3523 480 3568 Quae
509 3523 574 3559 hoe
603 3525 679 3560 loeo
709 3525 931 3569 indicantur,
965 3535 1005 3559 ea
1037 3524 1174 3568 require
1204 3524 1244 3558 in
1276 3535 1326 3567 ep.
1350 3528 1392 3559 33
1418 3524 1571 3568 Reyistri
1601 3524 1641 3558 cle
1670 3525 1806 3568 neqotio
1832 3523 1979 3567 imperii.
2097 3523 2132 3567 2)
2164 3522 2201 3557 V.
2227 3522 2361 3556 ibidem.

168 3579 206 3623 3)
238 3579 278 3615 V.
304 3580 466 3616 ‘Archiv'
491 3582 573 3626 VII,
593 3586 656 3617 30:
691 3583 791 3617 1245.
816 3584 902 3628 Apr.
924 3584 975 3617 18.
1001 3581 1239 3616 Innocentius
1265 3582 1326 3616 IV.
1352 3581 1577 3616 Fridericum
1604 3581 1648 3616 Π.
1675 3581 1720 3615 ad
1746 3581 2032 3626 comparendum
2058 3579 2226 3624 Lugduni
2254 3579 2357 3619 citat,

169 3647 266 3672 anno
290 3637 337 3672 4⁰
362 3639 447 3684 (2⁰).
496 3639 660 3674 Potthast
683 3640 782 3685 ‘Rea
801 3643 902 3684 pont.
922 3639 1036 3675 Rom!
1057 3643 1166 3675 11630
1190 3639 1244 3673 nil
1266 3639 1339 3673 nisi
1363 3639 1456 3674 hane
1481 3639 1640 3673 notitiam
1660 3639 1813 3683 praebet.
1931 3639 1965 3681 4)
2000 3637 2038 3672 V.
2059 3637 2190 3672 ‘Neues
2216 3636 2362 3671 Arekiv’

173 3694 285 3739 XIV,
303 3700 366 3731 356
387 3707 442 3731 nr.
461 3701 506 3731 :24
531 3700 560 3732 et
584 3708 696 3741 supra
714 3709 753 3741 p.
772 3701 837 3733 376
861 3701 931 3733 not.
951 3703 977 3732 1.

2020 3757 2089 3792 64*
