2558 3970
101 909 133 933 10

99 1405 131 1431 15

97 1750 130 1776 20

96 2093 128 2119 25

97 2441 131 2467 30

99 2785 132 2810 35

103 3493 136 3519 45

657 161 894 195 FRIDERIC!
928 162 968 196 11.
996 162 1426 198 CONSTITU'PwNEs.
1479 167 1575 199 12:3⁵.
1628 166 1689 199 Nr.
1709 167 1786 200 207.
1813 170 1889 200 20⁸.
2290 172 2371 210 279

171 276 337 330 imperii
369 275 423 316 ab
457 276 538 325 eis,
572 277 642 331 qui
677 281 827 317 tenent
861 277 1023 330 regalia
1055 278 1238 318 ecclesie
1272 292 1367 327 sue,
1410 280 1450 319 in
1485 281 1778 323 subvencione
1814 297 2002 335 congrua
2035 283 2193 324 debeat
2229 285 2368 339 provi-

171 344 278 392 deri,
311 343 504 385 fidelitati
529 349 670 385 vestre
704 344 981 399 precipiendo
1006 345 1275 390 mandamus.
1309 353 1523 401 quatenus
1555 349 1694 390 eidem
1722 351 1941 406 episeopo.
1974 352 2085 406 quod
2110 353 2162 393 nd
2187 353 2368 393 eandem

171 412 331 454 curiam
365 413 512 454 venire
545 413 688 454 valeat
721 413 909 454 munitus
942 418 988 454 ut
1019 413 1163 465 decet,
1198 414 1535 457 subveucionem
1571 432 1805 471 congruam
1843 421 2027 463 faciatis.
2063 421 2370 462 subvenientes

171 482 209 522 ei
243 481 547 522 nichilominus
580 482 621 522 in
655 482 860 536 expensis
893 481 1070 526 debitis.
1113 496 1218 536 quas
1259 483 1336 523 liae
1373 484 1462 524 vice
1503 485 1659 527 fecisse
1699 487 1966 540 dignoscitur
2009 489 2061 530 nd
2098 491 2368 544 presenciam

170 555 315 591 nostre
355 550 595 591 maiestatis
636 550 869 601 accedens,
910 554 1036 605 prout
1078 551 1251 592 racione
1293 552 1525 605 regalium,
1569 568 1652 608 que
1693 555 1745 594 ab
1780 572 1830 595 eo
1865 559 2042 600 tenetis.
2088 559 2294 608 tit-nemini
2329 565 2371 599 et

169 618 352 660 debetis.
414 617 540 665 Quod
574 619 609 660 si
633 634 813 674 presens
843 618 1092 660 mandatum
1119 624 1309 660 nostrum
1334 634 1424 666 vos,
1458 622 1570 675 quod
1595 624 1770 663 ‹ininino
1796 639 1878 665 non
1904 626 2131 674 credimus,
2166 628 2370 667 remissos

168 691 212 729 et
253 686 422 729 desides
463 688 671 738 inveniet,
712 702 814 730 ecce
857 688 971 743 quod
1003 688 1232 729 Nicliolino
1267 688 1495 743 Spinerole
1529 692 1638 731 sacri
1673 692 1838 746 imperii
1872 694 1910 733 in
1949 709 2078 746 regno
2114 696 2370 737 Arelatvnse

168 760 211 798 et
243 756 493 797 viennense
527 757 705 807 nuncio,
740 757 855 797 fideli
888 761 1049 807 nostro,
1084 757 1396 807 mandavimus,
1432 764 1475 799 ut
1510 774 1584 799 vos
1619 760 1671 800 ad
1707 761 1747 801 id
1786 764 1918 802 nostri
1953 765 2150 804 culminis
2184 766 2367 804 auctori—

167 829 255 867 tate
287 825 529 880 compellat.

311 894 472 934 Datum
506 893 619 949 apud
652 893 901 942 Taurinum,
934 895 1104 936 decima
1140 897 1312 952 Aprilis,
1345 895 1423 937 xl.
1459 897 1684 940 indicione.

466 1066 569 1107 208.
609 1066 909 1108 EPISTULA
940 1067 1028 1108 AD
1071 1067 1366 1110 Collfl'l'lfM
1396 1068 1515 1110 Plio
1531 1069 1800 1112 VIN(J'I.111‹J.
1856 1072 1983 1123 (Apr.
2007 1081 2090 1117 (nr.)

310 1147 404 1188 Hac
449 1147 620 1200 epislola
670 1147 893 1198 enlm-ator
939 1149 1075 1188 comiti
1121 1149 1343 1188 ternn'nmn
1393 1149 1582 1189 veniendi
1628 1150 1670 1189 in
1718 1151 1935 1191 Kalendas
1977 1152 2126 1192 Iunius
2163 1157 2371 1204 proruunt.

168 1215 367 1258 subsidia
394 1215 589 1257 editionis
615 1215 752 1256 eadem
784 1216 965 1270 fuerunt
986 1219 1108 1268 alque
1131 1217 1327 1269 epistolae
1353 1217 1518 1269 primae
1535 1219 1559 1259 ¹.
1612 1245 1635 1247 ->
1662 1218 2111 1261 lle(illarcl-b'releollcs
2147 1220 2187 1269 V,
2208 1224 2287 1260 19⁸
2309 1225 2373 1264 (ut

168 1286 332 1336 supra).
397 1284 588 1334 Bohmer,
621 1284 722 1337 Rcy.
757 1284 850 1336 imp.
885 1284 928 1335 V,
950 1287 1077 1326 2335.
2014 1288 2084 1338 (Ι).
2110 1292 2229 1338 .’)’;.).’”).)

310 1387 592 1441 Fr(idericus)
626 1392 708 1429 etc.
741 1388 887 1428 comiti
918 1388 1160 1430 Provincie.
1282 1388 1459 1430 Litteris
1504 1394 1546 1431 et
1583 1377 1734 1431 nuntio
1775 1396 1847 1431 tuo
1881 1391 1933 1432 ad
1970 1397 2160 1432 nostram
2196 1406 2370 1447 presen-

167 1458 271 1498 tiam
304 1457 530 1498 destinatis
563 1457 772 1512 hylariter
804 1462 847 1498 et
889 1457 1076 1512 benigne
1109 1459 1319 1513 receptiS,
1360 1462 1449 1499 tam
1482 1474 1537 1500 ex
1571 1460 1837 1500 continentia
1881 1461 2119 1502 litterarum
2155 1476 2282 1516 quam
2317 1477 2371 1502 ex

165 1527 312 1567 nuncii
334 1526 546 1568 relatione
571 1526 827 1581 collegimus
850 1525 1124 1568 devotionem
1149 1531 1279 1578 tuam,
1314 1541 1443 1582 quam
1467 1528 1521 1569 ad
1546 1533 1691 1569 nostra
1715 1534 1758 1569 et
1782 1530 1949 1585 imperii
1974 1531 2149 1570 servitia
2172 1536 2372 1586 prompta

165 1596 282 1650 geris
315 1600 359 1637 et
389 1595 556 1636 fervida
589 1596 825 1637 voluntate.
887 1595 936 1636 In
971 1610 1021 1637 eo
1057 1601 1385 1651 verumptamen
1419 1598 1612 1652 cogimur
1644 1603 1901 1639 excusatum
1926 1599 2087 1640 habere
2111 1600 2371 1640 sollicitum²

165 1665 306 1706 zelum
345 1664 507 1716 mamb,
547 1665 656 1720 quod
704 1679 800 1706 sero
845 1665 1041 1705 nuntium
1083 1670 1279 1705 nostrum
1323 1679 1419 1706 cum
1466 1666 1619 1706 litteris
1654 1667 1988 1708 submonitionis
2022 1673 2166 1709 nostre
2201 1669 2369 1709 venisse

166 1734 336 1780 fateris,
378 1748 453 1789 pro
494 1748 545 1775 eo
585 1734 699 1789 quod
739 1734 946 1776 terminus
986 1734 1028 1774 in
1061 1733 1272 1775 Kalendis
1306 1734 1409 1775 Maii
1443 1740 1697 1790 pretaxatus
1730 1750 1753 1777 e
1787 1736 1926 1777 vicino
1964 1736 2161 1777 videatur
2193 1738 2367 1786 instare,

166 1803 268 1844 licet
312 1803 514 1844 admirari
557 1804 750 1859 cogimur
787 1803 840 1844 de
881 1803 1027 1844 nuncii
1067 1803 1290 1855 tarditate,
1339 1817 1466 1859 quem
1500 1804 1552 1845 ad
1585 1805 1927 1860 preveniendum
1963 1812 2217 1861 apparatum
2252 1812 2369 1846 tuum

164 1873 438 1928 premisimus
485 1877 529 1914 et
569 1873 871 1929 deputavimus
913 1873 1160 1928 specialem.
1223 1872 1293 1913 Ad
1327 1872 1440 1928 quod
1480 1874 1656 1929 insuper
1688 1874 1967 1925 confidimus,
2007 1880 2048 1916 te
2092 1876 2371 1931 probabiliter

167 1942 369 1997 experiri,
403 1942 515 1998 quod
548 1943 626 1983 etsi
659 1943 834 1983 nuntius
859 1942 913 1983 ad
935 1946 977 1982 te
1001 1956 1084 1983 non
1109 1942 1191 1983 cito
1224 1944 1484 1997 pervenerit,
1517 1944 1698 1984 affectus
1722 1949 1822 1985 tuus
1849 1959 1926 1999 per
1949 1946 2151 1985 effectum
2177 1944 2369 1986 debitum

165 2010 207 2051 in
241 2011 422 2052 aliorum
456 2012 704 2066 exemplum
738 2012 895 2053 clarius
928 2010 1194 2052 ostendetur.
1258 2011 1480 2066 Allegavit
1503 2012 1659 2052 etiam⁰
1691 2012 1802 2053 idem
1828 2015 2008 2054 nuncius
2039 2019 2137 2054 tuus
2162 2015 2370 2069 temporis

167 2079 412 2121 discrimina
448 2081 722 2135 precedentis
763 2085 806 2122 et
848 2080 1147 2135 gravaminum
1188 2080 1436 2120 instantiam
1480 2084 1523 2120 et
1562 2095 1785 2122 causarum
1826 2097 1908 2137 que
1950 2083 2027 2123 tibi
2069 2084 2188 2124 oneri
2233 2084 2366 2124 fuisse

166 2154 418 2199 noscuntur,
460 2154 507 2190 ut
548 2154 712 2191 certum
755 2165 779 2191 a
818 2149 942 2191 nobis
981 2150 1132 2204 prefigi
1171 2154 1341 2204 peteret
1382 2150 1612 2190 terminum
1659 2151 1840 2191 militum
1873 2151 2181 2193 ducendorum.
2243 2151 2368 2198 Quod

168 2218 375 2274 expedire
421 2233 506 2260 non
550 2219 758 2264 vidimus:
802 2234 882 2260 nec
926 2219 979 2260 ad
1017 2218 1097 2259 hec
1138 2218 1360 2274 proposita
1406 2219 1556 2274 petitio
1590 2220 1734 2260 nuncii
1768 2234 1845 2261 nos
1879 2221 2019 2275 potuit
2051 2222 2283 2265 inclinare,
2327 2226 2371 2261 ut

166 2288 256 2329 viro
289 2292 408 2329 tante
442 2289 710 2330 strenuitatis
744 2294 788 2330 et
818 2288 931 2339 fidei,
964 2302 1091 2343 quem
1127 2288 1330 2343 specialis
1363 2288 1535 2329 affectio
1569 2289 1732 2329 servitii
1767 2289 1957 2330 nostrisd
1991 2294 2033 2331 et
2062 2291 2228 2345 imperii
2263 2291 2370 2330 votis

165 2356 418 2398 ardentibus
466 2358 797 2413 precordialiter
843 2358 995 2398 incitat
1033 2361 1076 2399 et
1126 2357 1297 2407 invitat,
1347 2358 1419 2412 qui
1457 2371 1554 2398 cum
1594 2366 1674 2399 exc
1714 2359 1937 2400 affinitatis
1971 2359 2141 2399 vinculo
2184 2364 2273 2399 tum
2316 2374 2371 2400 ex

167 2430 345 2468 nature⁰
376 2441 428 2468 ac
465 2428 657 2482 potentie
696 2441 772 2469 sue
810 2427 973 2468 meritis
1007 2426 1137 2468 debet
1170 2440 1267 2467 esse
1308 2427 1467 2468 ceteris
1500 2427 1541 2467 in
1575 2428 1824 2483 exemplum
1860 2428 2020 2483 pariter
2056 2432 2099 2469 et
2131 2428 2367 2482 sequelam,

169 2500 328 2537 metam
361 2497 562 2538 comitive
609 2510 733 2538 suum
765 2495 962 2538 decentis
994 2496 1204 2537 honorem
1245 2495 1458 2551 prefigere
1492 2494 1775 2544 deberemus;
1821 2501 2107 2551 suggerentec
2140 2496 2263 2536 nobis
2297 2501 2368 2535 tua

167 2564 251 2606 fide
291 2564 490 2606 fiduciam
524 2566 775 2617 certiorem,
817 2565 931 2621 quod
970 2565 1023 2606 ad
1063 2563 1320 2606 servandam
1363 2563 1537 2605 laudem
1569 2569 1611 2605 et
1649 2565 1829 2620 gloriam
1863 2565 2066 2620 expertes
2096 2578 2367 2606 consumma-

169 2634 306 2674 cionis
346 2635 517 2689 negocii
558 2634 840 2686 Lombardie,
886 2634 998 2690 quod
1043 2648 1118 2689 pre
1162 2633 1363 2675 manibus
1396 2637 1535 2675 estate
1576 2634 1774 2689 proxima
1804 2634 1989 2675 finaliter
2021 2633 2142 2674 nobis
2176 2634 2370 2681 offertur,

169 2703 444 2745 laudabiliter
475 2703 528 2744 ad
560 2717 705 2759 pugne
739 2717 940 2745 coronam
964 2703 1133 2755 venias,
1166 2706 1214 2743 ut
1245 2709 1318 2744 reg
1351 2702 1537 2754 vocaris,
1577 2702 1837 2747 obliviscens
1869 2717 2101 2758 gravamen
2136 2716 2276 2743 rerum
2300 2701 2369 2742 ct¹¹

168 2771 388 2827 temporis,
422 2776 466 2813 et
496 2772 550 2814 ad
582 2786 862 2814 successuum
893 2771 1188 2828 profectionisi
1220 2770 1379 2826 gaudia
1411 2771 1636 2812 conatibus
1660 2772 1811 2812 virium
1836 2773 2055 2813 renovatis
2081 2785 2285 2825 exurgas.
2320 2774 2366 2810 ut

168 2841 311 2883 nullus
343 2842 483 2897 possit
514 2841 792 2884 modestiori*
824 2856 849 2883 a
879 2842 1004 2883 nobis
1036 2840 1270 2883 numerusk
1303 2841 1536 2896 pretaxari,
1570 2841 1671 2896 quin
1703 2841 1746 2881 in
1779 2855 1828 2882 eo
1851 2841 2048 2895 derogari
2080 2840 2204 2881 nobis
2229 2843 2270 2880 et
2293 2839 2367 2879 tibi

170 2910 447 2952 crederemus
480 2911 622 2966 potius
645 2924 773 2966 quam
797 2910 974 2958 deferri;
1007 2910 1196 2951 maxime
1221 2909 1338 2951 cum¹
1371 2923 1517 2951 comes
1541 2909 1792 2951 Sabaudie2
1825 2910 2011 2951 sororius
2034 2913 2148 2959 tuus,
2181 2908 2366 2948 dilectus

169 2978 345 3020 fidelism
378 2983 538 3032 noster,
570 2979 623 3021 ad
655 2980 920 3035 presentiam
952 2983 1145 3020 nostram
1179 2979 1292 3020 circa
1323 2983 1468 3034 partes
1500 2977 1781 3020 Pedemontis
1813 2977 2039 3027 accedens,
2072 2977 2240 3032 proprio
2275 2976 2368 3017 zelo

170 3047 338 3100 ductus,
371 3062 468 3089 cum
499 3048 739 3090 honorabili
771 3049 974 3090 comitiva
1005 3048 1059 3090 ad
1093 3048 1335 3090 exercitum
1367 3051 1562 3089 nostrum
1596 3047 1752 3088 obtulit
1776 3061 1821 3088 se
1845 3051 2088 3098 venturum,
2122 3045 2368 3086 marchione

170 3117 330 3158 Montis
363 3117 533 3159 Ferrati
564 3122 768 3173 presente
801 3123 845 3160 et
875 3117 1034 3159 nostris
1065 3117 1266 3158 similiter
1297 3117 1494 3172 exposito
1527 3116 1714 3158 servitiis
1747 3129 1842 3156 cum
1876 3115 1991 3155 omni
2018 3128 2191 3155 suarum
2215 3113 2368 3154 virium

170 3185 417 3229 facultaten.
478 3187 571 3229 Nec
603 3191 645 3228 te
678 3188 863 3242 patimur
894 3187 1107 3241 ignorare,
1143 3185 1255 3241 quod
1279 3200 1303 3226 a
1323 3185 1508 3227 diversis
1531 3185 1677 3240 regnis
1701 3189 1745 3225 et
1767 3183 1915 3224 mundi
1939 3183 2168 3238 provinciis
2193 3187 2369 3224 strenua

171 3256 462 3311 prestolamur
492 3256 655 3297 auxilia
686 3259 729 3297 et
759 3256 968 3296 infinitam
1001 3254 1163 3296 habere
1197 3254 1453 3295 confidimus
1477 3254 1642 3309 copiam
1666 3257 1947 3302 armatorum,
1981 3251 2176 3293 volentes
2199 3256 2369 3292 notamc

173 3325 335 3365 cunctis
365 3329 438 3366 tue
471 3324 622 3366 domus
653 3323 826 3365 laudem
860 3328 902 3364 et
941 3323 1123 3378 gloriam
1164 3323 1488 3378 presentialiter
1520 3322 1768 3371 ostentari0,
1809 3326 1855 3361 ut
1887 3320 2011 3361 nobis
2044 3320 2259 3374 gratiosus
2293 3319 2364 3359 ad-

308 3427 396 3463 208.
429 3428 460 3470 ⁸¹)
486 3429 636 3462 solh'tum
660 3427 692 3461 4.
811 3427 844 3470 b)
869 3428 962 3460 zelus
987 3433 1068 3460 tuus
1096 3426 1130 3467 1;
1168 3427 1236 3459 des.
1254 3426 1285 3460 5.
1412 3426 1443 3467 ⁰)
1470 3426 1559 3459 cleest
1586 3425 1615 3458 1.
1733 3423 1767 3466 d)
1793 3425 1899 3458 nostri
1928 3423 1954 3456 1.
1981 3423 2012 3456 4.
2133 3423 2163 3466 e)
2190 3423 2304 3456 nativo
2329 3421 2369 3462 53

171 3488 420 3521 necessitudine
442 3485 476 3519 2.
593 3485 622 3527 f)
647 3498 690 3519 ex
714 3492 812 3530 parte
835 3484 938 3519 2—5.
1055 3484 1089 3526 8)
1115 3485 1205 3517 deest
1227 3483 1328 3517 2—4.
1447 3482 1480 3526 l1)
1505 3489 1538 3516 et
1564 3502 1606 3506 -
1633 3483 1812 3516 modestior
1838 3482 1905 3515 cles.
1930 3480 1961 3514 2.
1987 3480 2017 3514 3.
2125 3479 2147 3521 i)
2175 3491 2370 3513 successure

171 3545 386 3589 perfeetionis
410 3542 450 3585 43
474 3544 692 3587 perfeetionis
716 3543 748 3577 5.
865 3542 912 3584 i¹⁶)
936 3543 1155 3576 inmodestior
1178 3540 1210 3575 4.
1319 3539 1354 3583 k)
1381 3541 1471 3574 deest
1494 3540 1525 3574 2.
1550 3540 1582 3574 3.
1676 3538 1702 3582 1)
1726 3541 1764 3572 P.
1790 3539 1871 3572 add.
1892 3538 1921 3571 1.
1947 3538 1978 3572 5.
2097 3538 2138 3578 ¹¹¹)
2166 3537 2255 3570 filius
2283 3537 2310 3568 1.
2338 3536 2368 3569 5.

170 3603 205 3649 Β)
230 3603 454 3637 facultatibus
479 3602 509 3634 1.
537 3601 569 3635 5.
687 3602 720 3645 0)
745 3603 915 3636 ostensuri
939 3600 971 3634 5.

310 3692 344 3735 1)
369 3690 441 3726 cod.
456 3696 474 3724 1
495 3690 522 3733 f.
542 3690 631 3735 137',·
647 3690 720 3726 cod.
735 3695 755 3725 2
772 3691 833 3733 fol.
849 3695 916 3734 40,-
939 3689 1012 3726 cod.
1028 3695 1050 3723 4
1063 3699 1154 3733 pars
1172 3689 1250 3733 III,
1276 3699 1330 3724 nr.
1348 3692 1386 3723 79
1408 3688 1469 3731 fol.
1483 3687 1552 3728 39',·
1578 3687 1742 3722 Manena
1763 3698 1802 3732 p.
1817 3690 1902 3721 1168
1918 3695 1974 3718 nr.
1986 3689 2039 3720 43.
2122 3684 2158 3728 2)
2175 3680 2368 3715 Amadeus.
