<?xml version="1.0" encoding="UTF-8"?>
<!DOCTYPE html PUBLIC "-//W3C//DTD XHTML 1.0 Transitional//EN"
    "http://www.w3.org/TR/xhtml1/DTD/xhtml1-transitional.dtd">
<html xmlns="http://www.w3.org/1999/xhtml" xml:lang="en" lang="en">
 <head>
  <title>
</title>
<meta http-equiv="Content-Type" content="text/html;charset=utf-8" />
  <meta name='ocr-system' content='tesseract 3.04.00' />
  <meta name='ocr-capabilities' content='ocr_page ocr_carea ocr_par ocr_line ocrx_word'/>
</head>
<body>
  <div class='ocr_page' id='page_1' title='image "./monumentager02geseuoft_0265.png"; bbox 0 0 2558 3970; ppageno 0'>
   <div class='ocr_carea' id='block_1_1' title="bbox 83 916 115 940">
    <p class='ocr_par' dir='ltr' id='par_1_1' title="bbox 83 916 115 940">
     <span class='ocr_line' id='line_1_1' title="bbox 83 916 115 940; baseline -0.031 0"><span class='ocrx_word' id='word_1_1' title='bbox 83 916 115 940; x_wconf 85' lang='lat'><strong>10</strong></span> 
     </span>
    </p>
   </div>
   <div class='ocr_carea' id='block_1_2' title="bbox 81 1259 112 1283">
    <p class='ocr_par' dir='ltr' id='par_1_2' title="bbox 81 1259 112 1283">
     <span class='ocr_line' id='line_1_2' title="bbox 81 1259 112 1283; baseline 0 0"><span class='ocrx_word' id='word_1_2' title='bbox 81 1259 112 1283; x_wconf 80' lang='lat'><strong>15</strong></span> 
     </span>
    </p>
   </div>
   <div class='ocr_carea' id='block_1_3' title="bbox 79 2479 110 2506">
    <p class='ocr_par' dir='ltr' id='par_1_3' title="bbox 79 2479 110 2506">
     <span class='ocr_line' id='line_1_3' title="bbox 79 2479 110 2506; baseline 0.032 -1"><span class='ocrx_word' id='word_1_3' title='bbox 79 2479 110 2506; x_wconf 79' lang='lat'><strong>25</strong></span> 
     </span>
    </p>
   </div>
   <div class='ocr_carea' id='block_1_4' title="bbox 81 2871 115 2897">
    <p class='ocr_par' dir='ltr' id='par_1_4' title="bbox 81 2871 115 2897">
     <span class='ocr_line' id='line_1_4' title="bbox 81 2871 115 2897; baseline -0.029 0"><span class='ocrx_word' id='word_1_4' title='bbox 81 2871 115 2897; x_wconf 80' lang='lat'><strong>³0</strong></span> 
     </span>
    </p>
   </div>
   <div class='ocr_carea' id='block_1_5' title="bbox 84 3586 118 3612">
    <p class='ocr_par' dir='ltr' id='par_1_5' title="bbox 84 3586 118 3612">
     <span class='ocr_line' id='line_1_5' title="bbox 84 3586 118 3612; baseline 0 0"><span class='ocrx_word' id='word_1_5' title='bbox 84 3586 118 3612; x_wconf 76' lang='lat'><strong>40</strong></span> 
     </span>
    </p>
   </div>
   <div class='ocr_carea' id='block_1_6' title="bbox 570 164 2351 211">
    <p class='ocr_par' dir='ltr' id='par_1_6' title="bbox 570 164 2351 211">
     <span class='ocr_line' id='line_1_6' title="bbox 570 164 2351 211; baseline 0.001 -12"><span class='ocrx_word' id='word_1_6' title='bbox 570 164 810 200; x_wconf 82' lang='lat' dir='ltr'>FRIDERICI</span> <span class='ocrx_word' id='word_1_7' title='bbox 839 165 883 200; x_wconf 86' lang='lat' dir='ltr'><strong>ll.</strong></span> <span class='ocrx_word' id='word_1_8' title='bbox 910 165 1342 200; x_wconf 69' lang='lat' dir='ltr'><strong>CONSTlTrTIONES.</strong></span> <span class='ocrx_word' id='word_1_9' title='bbox 1393 167 1488 201; x_wconf 72' lang='lat'><strong>12:33.</strong></span> <span class='ocrx_word' id='word_1_10' title='bbox 1532 167 1628 200; x_wconf 69' lang='lat'><strong>1234.</strong></span> <span class='ocrx_word' id='word_1_11' title='bbox 1681 166 1741 202; x_wconf 72' lang='lat' dir='ltr'><strong>Nr.</strong></span> <span class='ocrx_word' id='word_1_12' title='bbox 1764 169 1835 202; x_wconf 61' lang='lat'><strong>1⁸2.</strong></span> <span class='ocrx_word' id='word_1_13' title='bbox 1866 169 1938 201; x_wconf 56' lang='lat'><strong>1³⁴3.</strong></span> <span class='ocrx_word' id='word_1_14' title='bbox 2271 173 2351 211; x_wconf 68' lang='lat'><strong>225,</strong></span> 
     </span>
    </p>
   </div>
   <div class='ocr_carea' id='block_1_7' title="bbox 147 279 2352 1646">
    <p class='ocr_par' dir='ltr' id='par_1_7' title="bbox 147 279 2352 1508">
     <span class='ocr_line' id='line_1_7' title="bbox 153 279 2347 339; baseline 0 -16"><span class='ocrx_word' id='word_1_15' title='bbox 153 282 400 337; x_wconf 83' lang='lat' dir='ltr'>quingentis</span> <span class='ocrx_word' id='word_1_16' title='bbox 434 281 640 322; x_wconf 78' lang='lat' dir='ltr'><strong>militibus</strong></span> <span class='ocrx_word' id='word_1_17' title='bbox 674 285 903 321; x_wconf 81' lang='lat' dir='ltr'><strong>teneantur</strong></span> <span class='ocrx_word' id='word_1_18' title='bbox 936 279 1014 320; x_wconf 87' lang='lat' dir='ltr'><strong>sub</strong></span> <span class='ocrx_word' id='word_1_19' title='bbox 1049 282 1253 336; x_wconf 74' lang='lat' dir='ltr'><strong>expensis</strong></span> <span class='ocrx_word' id='word_1_20' title='bbox 1297 283 1384 321; x_wconf 81' lang='lat' dir='ltr'><strong>suis</strong></span> <span class='ocrx_word' id='word_1_21' title='bbox 1424 296 1496 336; x_wconf 89' lang='lat' dir='ltr'><strong>pro</strong></span> <span class='ocrx_word' id='word_1_22' title='bbox 1530 281 1662 322; x_wconf 80' lang='lat' dir='ltr'><strong>Terre</strong></span> <span class='ocrx_word' id='word_1_23' title='bbox 1698 285 1856 323; x_wconf 69' lang='lat' dir='ltr'><strong>Sancte</strong></span> <span class='ocrx_word' id='word_1_24' title='bbox 1894 285 2088 324; x_wconf 71' lang='lat' dir='ltr'><strong>subsidio</strong></span> <span class='ocrx_word' id='word_1_25' title='bbox 2122 299 2196 339; x_wconf 87' lang='lat' dir='ltr'><strong>per</strong></span> <span class='ocrx_word' id='word_1_26' title='bbox 2231 284 2347 324; x_wconf 81' lang='lat' dir='ltr'><strong>bien-</strong></span> 
     </span>
     <span class='ocr_line' id='line_1_8' title="bbox 153 349 2347 406; baseline 0.001 -15"><span class='ocrx_word' id='word_1_27' title='bbox 153 350 270 391; x_wconf 90' lang='lat' dir='ltr'><strong>nium</strong></span> <span class='ocrx_word' id='word_1_28' title='bbox 304 349 579 391; x_wconf 84' lang='lat' dir='ltr'><strong>exhibendis:</strong></span> <span class='ocrx_word' id='word_1_29' title='bbox 620 363 696 389; x_wconf 85' lang='lat' dir='ltr'><strong>nos</strong></span> <span class='ocrx_word' id='word_1_30' title='bbox 738 349 1027 404; x_wconf 75' lang='lat' dir='ltr'><strong>provisionem</strong></span> <span class='ocrx_word' id='word_1_31' title='bbox 1061 349 1196 403; x_wconf 81' lang='lat' dir='ltr'><strong>ipsam</strong></span> <span class='ocrx_word' id='word_1_32' title='bbox 1245 363 1320 403; x_wconf 88' lang='lat' dir='ltr'><strong>pro</strong></span> <span class='ocrx_word' id='word_1_33' title='bbox 1354 355 1474 404; x_wconf 85' lang='lat' dir='ltr'><strong>parte</strong></span> <span class='ocrx_word' id='word_1_34' title='bbox 1510 356 1652 391; x_wconf 76' lang='lat' dir='ltr'><strong>nosti-n</strong></span> <span class='ocrx_word' id='word_1_35' title='bbox 1688 359 1728 391; x_wconf 92' lang='lat' dir='ltr'><strong>et</strong></span> <span class='ocrx_word' id='word_1_36' title='bbox 1763 353 1914 406; x_wconf 77' lang='lat' dir='ltr'><strong>prefati</strong></span> <span class='ocrx_word' id='word_1_37' title='bbox 1952 353 2155 392; x_wconf 75' lang='lat' dir='ltr'><strong>llcnrieib</strong></span> <span class='ocrx_word' id='word_1_38' title='bbox 2193 352 2347 392; x_wconf 77' lang='lat' dir='ltr'><strong>Roma-</strong></span> 
     </span>
     <span class='ocr_line' id='line_1_9' title="bbox 152 418 2347 475; baseline 0 -15"><span class='ocrx_word' id='word_1_39' title='bbox 152 433 303 460; x_wconf 89' lang='lat' dir='ltr'><strong>norum</strong></span> <span class='ocrx_word' id='word_1_40' title='bbox 337 419 450 473; x_wconf 84' lang='lat' dir='ltr'><strong>regis</strong></span> <span class='ocrx_word' id='word_1_41' title='bbox 480 419 698 460; x_wconf 79' lang='lat' dir='ltr'><strong>karissimi</strong></span> <span class='ocrx_word' id='word_1_42' title='bbox 731 419 806 459; x_wconf 87' lang='lat' dir='ltr'><strong>filii</strong></span> <span class='ocrx_word' id='word_1_43' title='bbox 839 418 973 458; x_wconf 81' lang='lat' dir='ltr'><strong>nostri</strong></span> <span class='ocrx_word' id='word_1_44' title='bbox 1007 422 1142 458; x_wconf 84' lang='lat' dir='ltr'><strong>ratam</strong></span> <span class='ocrx_word' id='word_1_45' title='bbox 1178 425 1219 458; x_wconf 85' lang='lat' dir='ltr'><strong>et</strong></span> <span class='ocrx_word' id='word_1_46' title='bbox 1253 419 1417 458; x_wconf 72' lang='lat' dir='ltr'><strong>firmam</strong></span> <span class='ocrx_word' id='word_1_47' title='bbox 1453 418 1676 461; x_wconf 74' lang='lat' dir='ltr'><strong>habemns.</strong></span> <span class='ocrx_word' id='word_1_48' title='bbox 1711 427 1859 475; x_wconf 76' lang='lat' dir='ltr'><strong>utpote</strong></span> <span class='ocrx_word' id='word_1_49' title='bbox 1896 421 1965 475; x_wconf 81' lang='lat' dir='ltr'><strong>qui</strong></span> <span class='ocrx_word' id='word_1_50' title='bbox 2001 435 2074 475; x_wconf 89' lang='lat' dir='ltr'><strong>pro</strong></span> <span class='ocrx_word' id='word_1_51' title='bbox 2109 422 2228 460; x_wconf 85' lang='lat' dir='ltr'><strong>tirmo</strong></span> <span class='ocrx_word' id='word_1_52' title='bbox 2262 421 2347 460; x_wconf 84' lang='lat' dir='ltr'><strong>‹lis-</strong></span> 
     </span>
     <span class='ocr_line' id='line_1_10' title="bbox 151 486 2352 543; baseline 0 -15"><span class='ocrx_word' id='word_1_53' title='bbox 151 488 351 543; x_wconf 85' lang='lat' dir='ltr'><strong>ponimus</strong></span> <span class='ocrx_word' id='word_1_54' title='bbox 394 488 434 528; x_wconf 92' lang='lat' dir='ltr'><strong>in</strong></span> <span class='ocrx_word' id='word_1_55' title='bbox 473 486 667 528; x_wconf 89' lang='lat' dir='ltr'><strong>omnibus</strong></span> <span class='ocrx_word' id='word_1_56' title='bbox 702 486 782 527; x_wconf 90' lang='lat' dir='ltr'><strong>viis</strong></span> <span class='ocrx_word' id='word_1_57' title='bbox 822 487 980 527; x_wconf 88' lang='lat' dir='ltr'><strong>nostris</strong></span> <span class='ocrx_word' id='word_1_58' title='bbox 1022 486 1175 526; x_wconf 85' lang='lat' dir='ltr'><strong>vestris</strong></span> <span class='ocrx_word' id='word_1_59' title='bbox 1214 492 1255 526; x_wconf 90' lang='lat' dir='ltr'><strong>et</strong></span> <span class='ocrx_word' id='word_1_60' title='bbox 1297 486 1474 526; x_wconf 74' lang='lat' dir='ltr'><strong>fratrum</strong></span> <span class='ocrx_word' id='word_1_61' title='bbox 1511 492 1744 527; x_wconf 75' lang='lat' dir='ltr'><strong>vestroruin</strong></span> <span class='ocrx_word' id='word_1_62' title='bbox 1779 488 2131 543; x_wconf 63' lang='lat' dir='ltr'><strong>dispositionibus</strong></span> <span class='ocrx_word' id='word_1_63' title='bbox 2166 490 2352 529; x_wconf 76' lang='lat' dir='ltr'><strong>filialiter</strong></span> 
     </span>
     <span class='ocr_line' id='line_1_11' title="bbox 153 553 2348 611; baseline 0 -14"><span class='ocrx_word' id='word_1_64' title='bbox 153 555 371 597; x_wconf 89' lang='lat' dir='ltr'><strong>hobedire.</strong></span> <span class='ocrx_word' id='word_1_65' title='bbox 434 555 738 601; x_wconf 81' lang='lat' dir='ltr'><strong>Remittentes,</strong></span> <span class='ocrx_word' id='word_1_66' title='bbox 772 559 898 610; x_wconf 90' lang='lat' dir='ltr'><strong>prout</strong></span> <span class='ocrx_word' id='word_1_67' title='bbox 929 553 982 595; x_wconf 91' lang='lat' dir='ltr'><strong>de</strong></span> <span class='ocrx_word' id='word_1_68' title='bbox 1016 553 1287 610; x_wconf 82' lang='lat' dir='ltr'><strong>providentia</strong></span> <span class='ocrx_word' id='word_1_69' title='bbox 1320 560 1362 594; x_wconf 89' lang='lat' dir='ltr'><strong>et</strong></span> <span class='ocrx_word' id='word_1_70' title='bbox 1396 554 1665 595; x_wconf 83' lang='lat' dir='ltr'><strong>ordinatione</strong></span> <span class='ocrx_word' id='word_1_71' title='bbox 1702 564 1843 596; x_wconf 71' lang='lat' dir='ltr'><strong>vestra</strong></span> <span class='ocrx_word' id='word_1_72' title='bbox 1878 558 2105 611; x_wconf 69' lang='lat' dir='ltr'><strong>prooessit.</strong></span> <span class='ocrx_word' id='word_1_73' title='bbox 2141 558 2348 598; x_wconf 76' lang='lat' dir='ltr'><strong>univcrsi-</strong></span> 
     </span>
     <span class='ocr_line' id='line_1_12' title="bbox 152 622 2351 680; baseline 0.001 -15"><span class='ocrx_word' id='word_1_74' title='bbox 152 624 313 665; x_wconf 83' lang='lat' dir='ltr'><strong>tatibus</strong></span> <span class='ocrx_word' id='word_1_75' title='bbox 346 624 450 680; x_wconf 91' lang='lat' dir='ltr'><strong>ipsis</strong></span> <span class='ocrx_word' id='word_1_76' title='bbox 484 628 527 666; x_wconf 91' lang='lat' dir='ltr'><strong>et</strong></span> <span class='ocrx_word' id='word_1_77' title='bbox 559 624 678 670; x_wconf 86' lang='lat' dir='ltr'><strong>locis,</strong></span> <span class='ocrx_word' id='word_1_78' title='bbox 713 636 841 679; x_wconf 88' lang='lat' dir='ltr'><strong>super</strong></span> <span class='ocrx_word' id='word_1_79' title='bbox 874 623 1029 678; x_wconf 87' lang='lat' dir='ltr'><strong>quibus</strong></span> <span class='ocrx_word' id='word_1_80' title='bbox 1062 623 1300 678; x_wconf 86' lang='lat' dir='ltr'><strong>apostolice</strong></span> <span class='ocrx_word' id='word_1_81' title='bbox 1326 622 1441 664; x_wconf 87' lang='lat' dir='ltr'><strong>sedis</strong></span> <span class='ocrx_word' id='word_1_82' title='bbox 1468 625 1676 678; x_wconf 80' lang='lat' dir='ltr'><strong>processit</strong></span> <span class='ocrx_word' id='word_1_83' title='bbox 1701 626 1889 679; x_wconf 80' lang='lat' dir='ltr'><strong>provisio</strong></span> <span class='ocrx_word' id='word_1_84' title='bbox 1914 633 1953 666; x_wconf 89' lang='lat' dir='ltr'><strong>ct</strong></span> <span class='ocrx_word' id='word_1_85' title='bbox 1979 641 2156 680; x_wconf 89' lang='lat' dir='ltr'><strong>quorum</strong></span> <span class='ocrx_word' id='word_1_86' title='bbox 2184 628 2351 667; x_wconf 73' lang='lat' dir='ltr'><strong>nomina</strong></span> 
     </span>
     <span class='ocr_line' id='line_1_13' title="bbox 151 692 2349 749; baseline 0.001 -15"><span class='ocrx_word' id='word_1_87' title='bbox 151 694 191 735; x_wconf 93' lang='lat' dir='ltr'><strong>in</strong></span> <span class='ocrx_word' id='word_1_88' title='bbox 226 693 521 749; x_wconf 87' lang='lat' dir='ltr'><strong>compromissi</strong></span> <span class='ocrx_word' id='word_1_89' title='bbox 554 693 664 734; x_wconf 90' lang='lat' dir='ltr'><strong>serie</strong></span> <span class='ocrx_word' id='word_1_90' title='bbox 697 693 984 743; x_wconf 74' lang='lat' dir='ltr'><strong>continentur,</strong></span> <span class='ocrx_word' id='word_1_91' title='bbox 1018 706 1184 733; x_wconf 85' lang='lat' dir='ltr'><strong>necnon</strong></span> <span class='ocrx_word' id='word_1_92' title='bbox 1218 697 1261 733; x_wconf 90' lang='lat' dir='ltr'><strong>et</strong></span> <span class='ocrx_word' id='word_1_93' title='bbox 1295 692 1530 732; x_wconf 86' lang='lat' dir='ltr'><strong>marchioni</strong></span> <span class='ocrx_word' id='word_1_94' title='bbox 1556 692 1880 738; x_wconf 67' lang='lat' dir='ltr'><strong>Montis-ferrati,</strong></span> <span class='ocrx_word' id='word_1_95' title='bbox 1915 696 1983 748; x_wconf 82' lang='lat' dir='ltr'><strong>qui</strong></span> <span class='ocrx_word' id='word_1_96' title='bbox 2011 696 2119 735; x_wconf 80' lang='lat' dir='ltr'><strong>infra</strong></span> <span class='ocrx_word' id='word_1_97' title='bbox 2145 704 2349 737; x_wconf 63' lang='lat' dir='ltr'><strong>statutum</strong></span> 
     </span>
     <span class='ocr_line' id='line_1_14' title="bbox 153 761 2350 818; baseline 0.001 -15"><span class='ocrx_word' id='word_1_98' title='bbox 153 776 176 803; x_wconf 83' lang='lat' dir='ltr'><strong>a</strong></span> <span class='ocrx_word' id='word_1_99' title='bbox 207 762 402 817; x_wconf 87' lang='lat' dir='ltr'><strong>partibus</strong></span> <span class='ocrx_word' id='word_1_100' title='bbox 439 762 669 803; x_wconf 87' lang='lat' dir='ltr'><strong>terminum</strong></span> <span class='ocrx_word' id='word_1_101' title='bbox 703 761 1050 817; x_wconf 80' lang='lat' dir='ltr'><strong>compromisisse</strong></span> <span class='ocrx_word' id='word_1_102' title='bbox 1094 761 1317 816; x_wconf 81' lang='lat' dir='ltr'><strong>probatur,</strong></span> <span class='ocrx_word' id='word_1_103' title='bbox 1361 775 1509 801; x_wconf 84' lang='lat' dir='ltr'><strong>omnes</strong></span> <span class='ocrx_word' id='word_1_104' title='bbox 1556 762 1732 802; x_wconf 81' lang='lat' dir='ltr'><strong>iniurias</strong></span> <span class='ocrx_word' id='word_1_105' title='bbox 1767 771 1810 802; x_wconf 81' lang='lat' dir='ltr'><strong>et</strong></span> <span class='ocrx_word' id='word_1_106' title='bbox 1844 765 2029 803; x_wconf 71' lang='lat' dir='ltr'><strong>offensas</strong></span> <span class='ocrx_word' id='word_1_107' title='bbox 2064 778 2168 818; x_wconf 71' lang='lat' dir='ltr'><strong>quus</strong></span> <span class='ocrx_word' id='word_1_108' title='bbox 2203 772 2350 805; x_wconf 68' lang='lat' dir='ltr'><strong>eontra</strong></span> 
     </span>
     <span class='ocr_line' id='line_1_15' title="bbox 152 829 2350 886; baseline -0.001 -14"><span class='ocrx_word' id='word_1_109' title='bbox 152 845 244 879; x_wconf 82' lang='lat' dir='ltr'><strong>nos,</strong></span> <span class='ocrx_word' id='word_1_110' title='bbox 276 831 410 872; x_wconf 85' lang='lat' dir='ltr'><strong>fllium</strong></span> <span class='ocrx_word' id='word_1_111' title='bbox 443 836 633 871; x_wconf 89' lang='lat' dir='ltr'><strong>nostrum</strong></span> <span class='ocrx_word' id='word_1_112' title='bbox 669 839 711 872; x_wconf 91' lang='lat' dir='ltr'><strong>et</strong></span> <span class='ocrx_word' id='word_1_113' title='bbox 744 831 960 886; x_wconf 85' lang='lat' dir='ltr'><strong>principes</strong></span> <span class='ocrx_word' id='word_1_114' title='bbox 995 831 1265 871; x_wconf 87' lang='lat' dir='ltr'><strong>commisisse</strong></span> <span class='ocrx_word' id='word_1_115' title='bbox 1297 829 1508 879; x_wconf 86' lang='lat' dir='ltr'><strong>videntur,</strong></span> <span class='ocrx_word' id='word_1_116' title='bbox 1543 830 1818 885; x_wconf 84' lang='lat' dir='ltr'><strong>impediendo</strong></span> <span class='ocrx_word' id='word_1_117' title='bbox 1855 833 2013 872; x_wconf 79' lang='lat' dir='ltr'><strong>curiam</strong></span> <span class='ocrx_word' id='word_1_118' title='bbox 2050 839 2237 872; x_wconf 69' lang='lat' dir='ltr'><strong>nostram</strong></span> <span class='ocrx_word' id='word_1_119' title='bbox 2276 834 2350 873; x_wconf 71' lang='lat' dir='ltr'><strong>inu·</strong></span> 
     </span>
     <span class='ocr_line' id='line_1_16' title="bbox 151 898 2351 954; baseline -0.001 -13"><span class='ocrx_word' id='word_1_120' title='bbox 151 900 300 942; x_wconf 90' lang='lat' dir='ltr'><strong>ultima</strong></span> <span class='ocrx_word' id='word_1_121' title='bbox 333 900 424 941; x_wconf 92' lang='lat' dir='ltr'><strong>vice</strong></span> <span class='ocrx_word' id='word_1_122' title='bbox 457 898 569 954; x_wconf 90' lang='lat' dir='ltr'><strong>apud</strong></span> <span class='ocrx_word' id='word_1_123' title='bbox 594 899 847 940; x_wconf 85' lang='lat' dir='ltr'><strong>Ravennam</strong></span> <span class='ocrx_word' id='word_1_124' title='bbox 883 898 1102 950; x_wconf 82' lang='lat' dir='ltr'><strong>indictam,</strong></span> <span class='ocrx_word' id='word_1_125' title='bbox 1135 898 1405 954; x_wconf 80' lang='lat' dir='ltr'><strong>principibus</strong></span> <span class='ocrx_word' id='word_1_126' title='bbox 1437 899 1489 939; x_wconf 85' lang='lat' dir='ltr'><strong>ad</strong></span> <span class='ocrx_word' id='word_1_127' title='bbox 1524 899 1685 939; x_wconf 79' lang='lat' dir='ltr'><strong>curiam</strong></span> <span class='ocrx_word' id='word_1_128' title='bbox 1718 899 1851 954; x_wconf 79' lang='lat' dir='ltr'><strong>ipsam</strong></span> <span class='ocrx_word' id='word_1_129' title='bbox 1878 901 2148 940; x_wconf 69' lang='lat' dir='ltr'><strong>venientibus</strong></span> <span class='ocrx_word' id='word_1_130' title='bbox 2176 902 2351 941; x_wconf 64' lang='lat' dir='ltr'><strong>iniurias</strong></span> 
     </span>
     <span class='ocr_line' id='line_1_17' title="bbox 151 967 2349 1025; baseline 0 -15"><span class='ocrx_word' id='word_1_131' title='bbox 151 968 393 1024; x_wconf 87' lang='lat' dir='ltr'><strong>irrogando,</strong></span> <span class='ocrx_word' id='word_1_132' title='bbox 427 969 722 1025; x_wconf 89' lang='lat' dir='ltr'><strong>prenominato</strong></span> <span class='ocrx_word' id='word_1_133' title='bbox 755 968 839 1009; x_wconf 82' lang='lat' dir='ltr'><strong>filio</strong></span> <span class='ocrx_word' id='word_1_134' title='bbox 872 973 1015 1009; x_wconf 89' lang='lat' dir='ltr'><strong>nostro</strong></span> <span class='ocrx_word' id='word_1_135' title='bbox 1048 967 1100 1009; x_wconf 88' lang='lat' dir='ltr'><strong>ad</strong></span> <span class='ocrx_word' id='word_1_136' title='bbox 1134 982 1219 1008; x_wconf 90' lang='lat' dir='ltr'><strong>nos·</strong></span> <span class='ocrx_word' id='word_1_137' title='bbox 1238 968 1384 1008; x_wconf 89' lang='lat' dir='ltr'><strong>venire</strong></span> <span class='ocrx_word' id='word_1_138' title='bbox 1420 968 1579 1008; x_wconf 85' lang='lat' dir='ltr'><strong>volenti</strong></span> <span class='ocrx_word' id='word_1_139' title='bbox 1616 967 1776 1008; x_wconf 83' lang='lat' dir='ltr'><strong>aditum</strong></span> <span class='ocrx_word' id='word_1_140' title='bbox 1812 968 2119 1023; x_wconf 83' lang='lat' dir='ltr'><strong>precludendo.</strong></span> <span class='ocrx_word' id='word_1_141' title='bbox 2180 969 2349 1010; x_wconf 68' lang='lat' dir='ltr'><strong>Eisdem</strong></span> 
     </span>
     <span class='ocr_line' id='line_1_18' title="bbox 151 1036 2348 1092; baseline -0.001 -12"><span class='ocrx_word' id='word_1_142' title='bbox 151 1038 280 1080; x_wconf 89' lang='lat' dir='ltr'><strong>etiam</strong></span> <span class='ocrx_word' id='word_1_143' title='bbox 315 1052 537 1080; x_wconf 88' lang='lat' dir='ltr'><strong>rancorem</strong></span> <span class='ocrx_word' id='word_1_144' title='bbox 570 1051 738 1080; x_wconf 89' lang='lat' dir='ltr'><strong>omnem</strong></span> <span class='ocrx_word' id='word_1_145' title='bbox 774 1043 815 1079; x_wconf 90' lang='lat' dir='ltr'><strong>et</strong></span> <span class='ocrx_word' id='word_1_146' title='bbox 847 1037 1181 1078; x_wconf 81' lang='lat' dir='ltr'><strong>malivolentiam</strong></span> <span class='ocrx_word' id='word_1_147' title='bbox 1216 1036 1480 1083; x_wconf 73' lang='lat' dir='ltr'><strong>relaxamus,</strong></span> <span class='ocrx_word' id='word_1_148' title='bbox 1516 1036 1821 1077; x_wconf 79' lang='lat' dir='ltr'><strong>universaliter</strong></span> <span class='ocrx_word' id='word_1_149' title='bbox 1854 1039 2049 1092; x_wconf 75' lang='lat' dir='ltr'><strong>singulos</strong></span> <span class='ocrx_word' id='word_1_150' title='bbox 2084 1044 2125 1078; x_wconf 85' lang='lat' dir='ltr'><strong>et</strong></span> <span class='ocrx_word' id='word_1_151' title='bbox 2161 1040 2348 1092; x_wconf 75' lang='lat' dir='ltr'><strong>singula-</strong></span> 
     </span>
     <span class='ocr_line' id='line_1_19' title="bbox 148 1106 2352 1162; baseline -0.002 -13"><span class='ocrx_word' id='word_1_152' title='bbox 148 1108 253 1149; x_wconf 87' lang='lat' dir='ltr'><strong>riter</strong></span> <span class='ocrx_word' id='word_1_153' title='bbox 289 1108 512 1149; x_wconf 86' lang='lat' dir='ltr'><strong>universos</strong></span> <span class='ocrx_word' id='word_1_154' title='bbox 554 1108 595 1148; x_wconf 90' lang='lat' dir='ltr'><strong>in</strong></span> <span class='ocrx_word' id='word_1_155' title='bbox 643 1106 958 1162; x_wconf 88' lang='lat' dir='ltr'><strong>plenitudinem</strong></span> <span class='ocrx_word' id='word_1_156' title='bbox 997 1107 1136 1162; x_wconf 87' lang='lat' dir='ltr'><strong>gratie</strong></span> <span class='ocrx_word' id='word_1_157' title='bbox 1177 1111 1321 1147; x_wconf 88' lang='lat' dir='ltr'><strong>nostre</strong></span> <span class='ocrx_word' id='word_1_158' title='bbox 1364 1110 1406 1147; x_wconf 87' lang='lat' dir='ltr'><strong>et</strong></span> <span class='ocrx_word' id='word_1_159' title='bbox 1448 1106 1659 1161; x_wconf 84' lang='lat' dir='ltr'><strong>sepedicti</strong></span> <span class='ocrx_word' id='word_1_160' title='bbox 1708 1107 1782 1147; x_wconf 82' lang='lat' dir='ltr'><strong>filii</strong></span> <span class='ocrx_word' id='word_1_161' title='bbox 1817 1108 1947 1147; x_wconf 84' lang='lat' dir='ltr'><strong>nostri</strong></span> <span class='ocrx_word' id='word_1_162' title='bbox 1985 1108 2233 1162; x_wconf 77' lang='lat' dir='ltr'><strong>recipimus,</strong></span> <span class='ocrx_word' id='word_1_163' title='bbox 2280 1123 2352 1146; x_wconf 66' lang='lat' dir='ltr'><strong>cos</strong></span> 
     </span>
     <span class='ocr_line' id='line_1_20' title="bbox 149 1175 2349 1231; baseline -0 -14"><span class='ocrx_word' id='word_1_164' title='bbox 149 1176 427 1218; x_wconf 89' lang='lat' dir='ltr'><strong>restituentes</strong></span> <span class='ocrx_word' id='word_1_165' title='bbox 460 1177 502 1217; x_wconf 90' lang='lat' dir='ltr'><strong>in</strong></span> <span class='ocrx_word' id='word_1_166' title='bbox 535 1176 765 1231; x_wconf 87' lang='lat' dir='ltr'><strong>integrum,</strong></span> <span class='ocrx_word' id='word_1_167' title='bbox 799 1176 952 1217; x_wconf 89' lang='lat' dir='ltr'><strong>bannis</strong></span> <span class='ocrx_word' id='word_1_168' title='bbox 987 1175 1187 1217; x_wconf 90' lang='lat' dir='ltr'><strong>omnibus</strong></span> <span class='ocrx_word' id='word_1_169' title='bbox 1221 1180 1266 1217; x_wconf 90' lang='lat' dir='ltr'><strong>et</strong></span> <span class='ocrx_word' id='word_1_170' title='bbox 1293 1176 1520 1217; x_wconf 87' lang='lat' dir='ltr'><strong>sententiis</strong></span> <span class='ocrx_word' id='word_1_171' title='bbox 1555 1176 1607 1216; x_wconf 89' lang='lat' dir='ltr'><strong>ob</strong></span> <span class='ocrx_word' id='word_1_172' title='bbox 1641 1176 1859 1231; x_wconf 82' lang='lat' dir='ltr'><strong>predictas</strong></span> <span class='ocrx_word' id='word_1_173' title='bbox 1892 1177 2079 1218; x_wconf 79' lang='lat' dir='ltr'><strong>offensas</strong></span> <span class='ocrx_word' id='word_1_174' title='bbox 2117 1176 2285 1216; x_wconf 78' lang='lat' dir='ltr'><strong>indictis</strong></span> <span class='ocrx_word' id='word_1_175' title='bbox 2311 1178 2349 1217; x_wconf 92' lang='lat' dir='ltr'><strong>in</strong></span> 
     </span>
     <span class='ocr_line' id='line_1_21' title="bbox 150 1244 2351 1300; baseline -0 -14"><span class='ocrx_word' id='word_1_176' title='bbox 150 1245 315 1286; x_wconf 89' lang='lat' dir='ltr'><strong>irritum</strong></span> <span class='ocrx_word' id='word_1_177' title='bbox 350 1246 577 1287; x_wconf 81' lang='lat' dir='ltr'><strong>revocatis.</strong></span> <span class='ocrx_word' id='word_1_178' title='bbox 639 1245 684 1286; x_wconf 83' lang='lat' dir='ltr'><strong>Si</strong></span> <span class='ocrx_word' id='word_1_179' title='bbox 718 1259 801 1300; x_wconf 86' lang='lat' dir='ltr'><strong>qua</strong></span> <span class='ocrx_word' id='word_1_180' title='bbox 834 1244 963 1286; x_wconf 90' lang='lat' dir='ltr'><strong>etiam</strong></span> <span class='ocrx_word' id='word_1_181' title='bbox 996 1258 1073 1299; x_wconf 89' lang='lat' dir='ltr'><strong>per</strong></span> <span class='ocrx_word' id='word_1_182' title='bbox 1104 1245 1220 1300; x_wconf 89' lang='lat' dir='ltr'><strong>ipsos</strong></span> <span class='ocrx_word' id='word_1_183' title='bbox 1254 1244 1422 1285; x_wconf 89' lang='lat' dir='ltr'><strong>interim</strong></span> <span class='ocrx_word' id='word_1_184' title='bbox 1447 1250 1572 1300; x_wconf 87' lang='lat' dir='ltr'><strong>gesta</strong></span> <span class='ocrx_word' id='word_1_185' title='bbox 1595 1249 1706 1286; x_wconf 83' lang='lat' dir='ltr'><strong>sunt.</strong></span> <span class='ocrx_word' id='word_1_186' title='bbox 1741 1245 1934 1286; x_wconf 86' lang='lat' dir='ltr'><strong>debitum</strong></span> <span class='ocrx_word' id='word_1_187' title='bbox 1961 1245 2088 1285; x_wconf 83' lang='lat' dir='ltr'><strong>robur</strong></span> <span class='ocrx_word' id='word_1_188' title='bbox 2113 1245 2351 1285; x_wconf 75' lang='lat' dir='ltr'><strong>obtineant.</strong></span> 
     </span>
     <span class='ocr_line' id='line_1_22' title="bbox 149 1313 2347 1370; baseline 0 -16"><span class='ocrx_word' id='word_1_189' title='bbox 149 1313 262 1369; x_wconf 92' lang='lat' dir='ltr'><strong>quod</strong></span> <span class='ocrx_word' id='word_1_190' title='bbox 303 1314 410 1355; x_wconf 86' lang='lat' dir='ltr'><strong>alias</strong></span> <span class='ocrx_word' id='word_1_191' title='bbox 451 1313 504 1355; x_wconf 93' lang='lat' dir='ltr'><strong>de</strong></span> <span class='ocrx_word' id='word_1_192' title='bbox 547 1314 636 1355; x_wconf 89' lang='lat' dir='ltr'><strong>iure</strong></span> <span class='ocrx_word' id='word_1_193' title='bbox 680 1314 877 1355; x_wconf 90' lang='lat' dir='ltr'><strong>obtinere</strong></span> <span class='ocrx_word' id='word_1_194' title='bbox 911 1313 1135 1355; x_wconf 88' lang='lat' dir='ltr'><strong>deberent.</strong></span> <span class='ocrx_word' id='word_1_195' title='bbox 1198 1313 1267 1354; x_wconf 90' lang='lat' dir='ltr'><strong>Ad</strong></span> <span class='ocrx_word' id='word_1_196' title='bbox 1301 1314 1426 1354; x_wconf 88' lang='lat' dir='ltr'><strong>huius</strong></span> <span class='ocrx_word' id='word_1_197' title='bbox 1461 1319 1606 1355; x_wconf 87' lang='lat' dir='ltr'><strong>autem</strong></span> <span class='ocrx_word' id='word_1_198' title='bbox 1642 1315 1702 1355; x_wconf 90' lang='lat' dir='ltr'><strong>rei</strong></span> <span class='ocrx_word' id='word_1_199' title='bbox 1738 1316 1985 1355; x_wconf 82' lang='lat' dir='ltr'><strong>memoriam</strong></span> <span class='ocrx_word' id='word_1_200' title='bbox 2019 1319 2061 1355; x_wconf 86' lang='lat' dir='ltr'><strong>et</strong></span> <span class='ocrx_word' id='word_1_201' title='bbox 2095 1320 2347 1370; x_wconf 77' lang='lat' dir='ltr'><strong>perpetuam</strong></span> 
     </span>
     <span class='ocr_line' id='line_1_23' title="bbox 147 1383 2351 1439; baseline -0 -15"><span class='ocrx_word' id='word_1_202' title='bbox 147 1383 393 1424; x_wconf 88' lang='lat' dir='ltr'><strong>firmitatem</strong></span> <span class='ocrx_word' id='word_1_203' title='bbox 432 1388 659 1439; x_wconf 86' lang='lat' dir='ltr'><strong>presentes</strong></span> <span class='ocrx_word' id='word_1_204' title='bbox 701 1383 866 1425; x_wconf 88' lang='lat' dir='ltr'><strong>litteras</strong></span> <span class='ocrx_word' id='word_1_205' title='bbox 906 1387 1105 1439; x_wconf 86' lang='lat' dir='ltr'><strong>patentes</strong></span> <span class='ocrx_word' id='word_1_206' title='bbox 1139 1396 1215 1439; x_wconf 90' lang='lat' dir='ltr'><strong>per</strong></span> <span class='ocrx_word' id='word_1_207' title='bbox 1247 1397 1400 1425; x_wconf 88' lang='lat' dir='ltr'><strong>manus</strong></span> <span class='ocrx_word' id='word_1_208' title='bbox 1435 1383 1579 1424; x_wconf 85' lang='lat' dir='ltr'><strong>Iacobi</strong></span> <span class='ocrx_word' id='word_1_209' title='bbox 1615 1384 1769 1424; x_wconf 85' lang='lat' dir='ltr'><strong>notarii</strong></span> <span class='ocrx_word' id='word_1_210' title='bbox 1804 1389 1845 1424; x_wconf 89' lang='lat' dir='ltr'><strong>et</strong></span> <span class='ocrx_word' id='word_1_211' title='bbox 1880 1384 2020 1424; x_wconf 82' lang='lat' dir='ltr'><strong>fidelis</strong></span> <span class='ocrx_word' id='word_1_212' title='bbox 2057 1385 2187 1424; x_wconf 75' lang='lat' dir='ltr'><strong>nostri</strong></span> <span class='ocrx_word' id='word_1_213' title='bbox 2225 1384 2351 1424; x_wconf 73' lang='lat' dir='ltr'><strong>scribi</strong></span> 
     </span>
     <span class='ocr_line' id='line_1_24' title="bbox 149 1452 2262 1508; baseline 0 -14"><span class='ocrx_word' id='word_1_214' title='bbox 149 1453 354 1494; x_wconf 89' lang='lat' dir='ltr'><strong>iussimus</strong></span> <span class='ocrx_word' id='word_1_215' title='bbox 391 1453 629 1494; x_wconf 84' lang='lat' dir='ltr'><strong>maiestatis</strong></span> <span class='ocrx_word' id='word_1_216' title='bbox 663 1457 806 1494; x_wconf 86' lang='lat' dir='ltr'><strong>nostre</strong></span> <span class='ocrx_word' id='word_1_217' title='bbox 840 1453 993 1508; x_wconf 86' lang='lat' dir='ltr'><strong>tipario</strong></span> <span class='ocrx_word' id='word_1_218' title='bbox 1028 1453 1279 1507; x_wconf 73' lang='lat' dir='ltr'><strong>insignitas,</strong></span> <span class='ocrx_word' id='word_1_219' title='bbox 1313 1467 1439 1502; x_wconf 86' lang='lat' dir='ltr'><strong>anno,</strong></span> <span class='ocrx_word' id='word_1_220' title='bbox 1474 1467 1620 1494; x_wconf 83' lang='lat' dir='ltr'><strong>mense</strong></span> <span class='ocrx_word' id='word_1_221' title='bbox 1655 1458 1697 1494; x_wconf 88' lang='lat' dir='ltr'><strong>et</strong></span> <span class='ocrx_word' id='word_1_222' title='bbox 1731 1452 1961 1494; x_wconf 84' lang='lat' dir='ltr'><strong>indictione</strong></span> <span class='ocrx_word' id='word_1_223' title='bbox 1995 1453 2262 1508; x_wconf 72' lang='lat' dir='ltr'><strong>subscriptis.</strong></span> 
     </span>
    </p>

    <p class='ocr_par' dir='ltr' id='par_1_8' title="bbox 151 1520 2351 1646">
     <span class='ocr_line' id='line_1_25' title="bbox 295 1520 2351 1578; baseline -0 -16"><span class='ocrx_word' id='word_1_224' title='bbox 295 1521 454 1564; x_wconf 85' lang='lat' dir='ltr'><strong>Datum</strong></span> <span class='ocrx_word' id='word_1_225' title='bbox 497 1522 611 1578; x_wconf 90' lang='lat' dir='ltr'><strong>apud</strong></span> <span class='ocrx_word' id='word_1_226' title='bbox 645 1521 846 1563; x_wconf 82' lang='lat' dir='ltr'><strong>Castrum</strong></span> <span class='ocrx_word' id='word_1_227' title='bbox 886 1521 1116 1574; x_wconf 85' lang='lat' dir='ltr'><strong>Iohannis,</strong></span> <span class='ocrx_word' id='word_1_228' title='bbox 1151 1520 1325 1578; x_wconf 75' lang='lat' dir='ltr'><strong>[anno]e</strong></span> <span class='ocrx_word' id='word_1_229' title='bbox 1358 1522 1586 1563; x_wconf 87' lang='lat' dir='ltr'><strong>millesimo</strong></span> <span class='ocrx_word' id='word_1_230' title='bbox 1620 1522 1920 1563; x_wconf 85' lang='lat' dir='ltr'><strong>ducentesimo</strong></span> <span class='ocrx_word' id='word_1_231' title='bbox 1954 1523 2169 1563; x_wconf 82' lang='lat' dir='ltr'><strong>tricesimo</strong></span> <span class='ocrx_word' id='word_1_232' title='bbox 2207 1522 2351 1562; x_wconf 69' lang='lat' dir='ltr'><strong>tert-io.</strong></span> 
     </span>
     <span class='ocr_line' id='line_1_26' title="bbox 151 1590 1773 1646; baseline 0.001 -16"><span class='ocrx_word' id='word_1_233' title='bbox 151 1595 302 1645; x_wconf 88' lang='lat' dir='ltr'><strong>quarto</strong></span> <span class='ocrx_word' id='word_1_234' title='bbox 334 1590 499 1632; x_wconf 87' lang='lat' dir='ltr'><strong>decimo</strong></span> <span class='ocrx_word' id='word_1_235' title='bbox 534 1591 691 1632; x_wconf 88' lang='lat' dir='ltr'><strong>mensis</strong></span> <span class='ocrx_word' id='word_1_236' title='bbox 723 1592 925 1646; x_wconf 83' lang='lat' dir='ltr'><strong>Augusti,</strong></span> <span class='ocrx_word' id='word_1_237' title='bbox 959 1591 1203 1632; x_wconf 86' lang='lat' dir='ltr'><strong>indictionis</strong></span> <span class='ocrx_word' id='word_1_238' title='bbox 1239 1596 1379 1637; x_wconf 62' lang='lat' dir='ltr'><strong>senez</strong></span> <span class='ocrx_word' id='word_1_239' title='bbox 1415 1591 1598 1632; x_wconf 84' lang='lat' dir='ltr'><strong>feliciter</strong></span> <span class='ocrx_word' id='word_1_240' title='bbox 1633 1606 1773 1632; x_wconf 86' lang='lat' dir='ltr'><strong>amen.</strong></span> 
     </span>
    </p>
   </div>
   <div class='ocr_carea' id='block_1_8' title="bbox 529 1997 1983 2215">
    <p class='ocr_par' dir='ltr' id='par_1_9' title="bbox 529 1997 1983 2215">
     <span class='ocr_line' id='line_1_27' title="bbox 770 1997 1735 2071; baseline 0 -2"><span class='ocrx_word' id='word_1_241' title='bbox 770 2002 1080 2070; x_wconf 77' lang='lat'><strong>183-185.</strong></span> <span class='ocrx_word' id='word_1_242' title='bbox 1135 1997 1735 2071; x_wconf 73' lang='lat' dir='ltr'>COMMISSIO</span> 
     </span>
     <span class='ocr_line' id='line_1_28' title="bbox 529 2111 1983 2215; baseline -0.003 -30"><span class='ocrx_word' id='word_1_243' title='bbox 529 2113 1018 2198; x_wconf 76' lang='lat' dir='ltr'>NEGOTH</span> <span class='ocrx_word' id='word_1_244' title='bbox 1072 2111 1983 2215; x_wconf 78' lang='lat' dir='ltr'><strong>LOMBARDORUM.</strong></span> 
     </span>
    </p>
   </div>
   <div class='ocr_carea' id='block_1_9' title="bbox 1013 2240 1503 2300">
    <p class='ocr_par' dir='ltr' id='par_1_10' title="bbox 1013 2240 1503 2300">
     <span class='ocr_line' id='line_1_29' title="bbox 1013 2240 1503 2300; baseline 0.002 -14"><span class='ocrx_word' id='word_1_245' title='bbox 1013 2240 1154 2287; x_wconf 64' lang='lat'><strong>1234.</strong></span> <span class='ocrx_word' id='word_1_246' title='bbox 1193 2241 1312 2300; x_wconf 85' lang='lat' dir='ltr'><strong>Apr.</strong></span> <span class='ocrx_word' id='word_1_247' title='bbox 1335 2268 1377 2272; x_wconf 82' lang='lat'>—</span> <span class='ocrx_word' id='word_1_248' title='bbox 1399 2240 1503 2287; x_wconf 77' lang='lat' dir='ltr'><strong>Oct.</strong></span> 
     </span>
    </p>
   </div>
   <div class='ocr_carea' id='block_1_10' title="bbox 403 2382 2096 2433">
    <p class='ocr_par' dir='ltr' id='par_1_11' title="bbox 403 2382 2096 2433">
     <span class='ocr_line' id='line_1_30' title="bbox 403 2382 2096 2433; baseline -0.002 -8"><span class='ocrx_word' id='word_1_249' title='bbox 403 2383 503 2426; x_wconf 85' lang='lat'><strong>183.</strong></span> <span class='ocrx_word' id='word_1_250' title='bbox 544 2385 764 2427; x_wconf 81' lang='lat' dir='ltr'><em>FORMA</em></span> <span class='ocrx_word' id='word_1_251' title='bbox 800 2382 1231 2428; x_wconf 77' lang='lat' dir='ltr'><em>COMPROMISSJ</em></span> <span class='ocrx_word' id='word_1_252' title='bbox 1261 2384 1702 2427; x_wconf 72' lang='lat' dir='ltr'><strong><em>IMPERATORIS</em></strong></span> <span class='ocrx_word' id='word_1_253' title='bbox 1734 2383 1935 2424; x_wconf 70' lang='lat' dir='ltr'><strong>PRIOR.</strong></span> <span class='ocrx_word' id='word_1_254' title='bbox 1992 2383 2096 2433; x_wconf 77' lang='lat' dir='ltr'><strong>Apr.</strong></span> 
     </span>
    </p>
   </div>
   <div class='ocr_carea' id='block_1_11' title="bbox 149 2462 2356 2795">
    <p class='ocr_par' dir='ltr' id='par_1_12' title="bbox 149 2462 2356 2795">
     <span class='ocr_line' id='line_1_31' title="bbox 291 2462 2356 2522; baseline -0.002 -16"><span class='ocrx_word' id='word_1_255' title='bbox 291 2464 552 2517; x_wconf 78' lang='lat' dir='ltr'><strong>Proferimus</strong></span> <span class='ocrx_word' id='word_1_256' title='bbox 581 2480 601 2508; x_wconf 82' lang='lat' dir='ltr'><strong>e</strong></span> <span class='ocrx_word' id='word_1_257' title='bbox 644 2467 683 2522; x_wconf 87' lang='lat'><strong>1)</strong></span> <span class='ocrx_word' id='word_1_258' title='bbox 716 2469 972 2508; x_wconf 74' lang='lat' dir='ltr'><strong>transsumto</strong></span> <span class='ocrx_word' id='word_1_259' title='bbox 1003 2467 1275 2521; x_wconf 70' lang='lat' dir='ltr'><strong>Luydmwnsi</strong></span> <span class='ocrx_word' id='word_1_260' title='bbox 1305 2480 1344 2507; x_wconf 82' lang='lat' dir='ltr'><strong>a.</strong></span> <span class='ocrx_word' id='word_1_261' title='bbox 1369 2467 1478 2507; x_wconf 69' lang='lat'><strong><em>1:245</em></strong></span> <span class='ocrx_word' id='word_1_262' title='bbox 1509 2467 1681 2506; x_wconf 65' lang='lat' dir='ltr'><strong>exarato</strong></span> <span class='ocrx_word' id='word_1_263' title='bbox 1720 2463 1922 2504; x_wconf 69' lang='lat' dir='ltr'><strong>tabularii</strong></span> <span class='ocrx_word' id='word_1_264' title='bbox 1965 2462 2158 2502; x_wconf 63' lang='lat' dir='ltr'><strong>Vaticani</strong></span> <span class='ocrx_word' id='word_1_265' title='bbox 2190 2463 2310 2503; x_wconf 75' lang='lat' dir='ltr'><strong>Arm.</strong></span> <span class='ocrx_word' id='word_1_266' title='bbox 2328 2462 2356 2501; x_wconf 92' lang='lat' dir='ltr'><strong><em>I</em></strong></span> 
     </span>
     <span class='ocr_line' id='line_1_32' title="bbox 149 2530 2351 2589; baseline -0.003 -14"><span class='ocrx_word' id='word_1_267' title='bbox 149 2547 179 2575; x_wconf 84' lang='lat' dir='ltr'><strong>c.</strong></span> <span class='ocrx_word' id='word_1_268' title='bbox 201 2534 248 2576; x_wconf 94' lang='lat' dir='ltr'>X</span> <span class='ocrx_word' id='word_1_269' title='bbox 274 2549 338 2576; x_wconf 75' lang='lat' dir='ltr'><strong>nr.</strong></span> <span class='ocrx_word' id='word_1_270' title='bbox 359 2537 400 2586; x_wconf 81' lang='lat'><strong>2,</strong></span> <span class='ocrx_word' id='word_1_271' title='bbox 431 2536 506 2578; x_wconf 77' lang='lat' dir='ltr'><strong>lin.</strong></span> <span class='ocrx_word' id='word_1_272' title='bbox 529 2538 712 2587; x_wconf 67' lang='lat'><em>26—32‚</em></span> <span class='ocrx_word' id='word_1_273' title='bbox 743 2536 852 2589; x_wconf 81' lang='lat' dir='ltr'><strong>quod</strong></span> <span class='ocrx_word' id='word_1_274' title='bbox 881 2537 1054 2578; x_wconf 69' lang='lat' dir='ltr'><strong>contulit</strong></span> <span class='ocrx_word' id='word_1_275' title='bbox 1081 2536 1146 2577; x_wconf 75' lang='lat' dir='ltr'><strong>vir</strong></span> <span class='ocrx_word' id='word_1_276' title='bbox 1178 2535 1216 2577; x_wconf 77' lang='lat' dir='ltr'><strong>d.</strong></span> <span class='ocrx_word' id='word_1_277' title='bbox 1240 2535 1381 2585; x_wconf 78' lang='lat' dir='ltr'><strong>chr,·</strong></span> <span class='ocrx_word' id='word_1_278' title='bbox 1414 2534 1458 2589; x_wconf 81' lang='lat'><strong>2)</strong></span> <span class='ocrx_word' id='word_1_279' title='bbox 1499 2533 1684 2586; x_wconf 68' lang='lat' dir='ltr'><strong>Roqistro</strong></span> <span class='ocrx_word' id='word_1_280' title='bbox 1717 2532 1911 2584; x_wconf 58' lang='lat' dir='ltr'><strong>Gregorii</strong></span> <span class='ocrx_word' id='word_1_281' title='bbox 1934 2531 2015 2573; x_wconf 84' lang='lat' dir='ltr'><strong>IX.</strong></span> <span class='ocrx_word' id='word_1_282' title='bbox 2050 2534 2141 2572; x_wconf 73' lang='lat' dir='ltr'><strong>tom.</strong></span> <span class='ocrx_word' id='word_1_283' title='bbox 2166 2531 2193 2571; x_wconf 92' lang='lat' dir='ltr'><strong><em>I</em></strong></span> <span class='ocrx_word' id='word_1_284' title='bbox 2205 2530 2245 2579; x_wconf 73' lang='lat' dir='ltr'><strong>V,</strong></span> <span class='ocrx_word' id='word_1_285' title='bbox 2276 2533 2351 2569; x_wconf 73' lang='lat'><strong>170·</strong></span> 
     </span>
     <span class='ocr_line' id='line_1_33' title="bbox 150 2600 2348 2660; baseline -0.003 -16"><span class='ocrx_word' id='word_1_286' title='bbox 150 2603 220 2645; x_wconf 79' lang='lat' dir='ltr'><strong>lib.</strong></span> <span class='ocrx_word' id='word_1_287' title='bbox 252 2601 381 2655; x_wconf 88' lang='lat' dir='ltr'><strong><em>VIII,</em></strong></span> <span class='ocrx_word' id='word_1_288' title='bbox 402 2605 497 2648; x_wconf 79' lang='lat'><strong>471.</strong></span> <span class='ocrx_word' id='word_1_289' title='bbox 559 2606 735 2660; x_wconf 70' lang='lat' dir='ltr'><strong>Leyitur</strong></span> <span class='ocrx_word' id='word_1_290' title='bbox 771 2606 894 2647; x_wconf 75' lang='lat' dir='ltr'><strong>etiam</strong></span> <span class='ocrx_word' id='word_1_291' title='bbox 932 2605 979 2646; x_wconf 73' lang='lat' dir='ltr'><strong>in-</strong></span> <span class='ocrx_word' id='word_1_292' title='bbox 1019 2605 1150 2646; x_wconf 70' lang='lat' dir='ltr'><strong>codice</strong></span> <span class='ocrx_word' id='word_1_293' title='bbox 1193 2604 1394 2646; x_wconf 75' lang='lat' dir='ltr'><strong>Parisino</strong></span> <span class='ocrx_word' id='word_1_294' title='bbox 1423 2605 1536 2644; x_wconf 68' lang='lat'><strong>8990</strong></span> <span class='ocrx_word' id='word_1_295' title='bbox 1582 2616 1683 2644; x_wconf 78' lang='lat' dir='ltr'><strong>saco.</strong></span> <span class='ocrx_word' id='word_1_296' title='bbox 1722 2600 1900 2648; x_wconf 84' lang='lat' dir='ltr'><strong><em>XVIII,</em></strong></span> <span class='ocrx_word' id='word_1_297' title='bbox 1939 2600 2180 2652; x_wconf 69' lang='lat' dir='ltr'><strong>apoyraplra</strong></span> <span class='ocrx_word' id='word_1_298' title='bbox 2225 2600 2348 2640; x_wconf 60' lang='lat' dir='ltr'><strong>liutu-</strong></span> 
     </span>
     <span class='ocr_line' id='line_1_34' title="bbox 151 2668 2348 2729; baseline -0.003 -15"><span class='ocrx_word' id='word_1_299' title='bbox 151 2671 285 2714; x_wconf 78' lang='lat' dir='ltr'><strong>lorum.</strong></span> <span class='ocrx_word' id='word_1_300' title='bbox 324 2673 664 2716; x_wconf 73' lang='lat' dir='ltr'><strong>Cluniacensimn</strong></span> <span class='ocrx_word' id='word_1_301' title='bbox 700 2675 931 2717; x_wconf 71' lang='lat' dir='ltr'><strong>continente</strong></span> <span class='ocrx_word' id='word_1_302' title='bbox 971 2675 1085 2729; x_wconf 77' lang='lat' dir='ltr'><strong>(Rot.</strong></span> <span class='ocrx_word' id='word_1_303' title='bbox 1110 2674 1210 2724; x_wconf 90' lang='lat' dir='ltr'><strong>IV.)</strong></span> <span class='ocrx_word' id='word_1_304' title='bbox 1225 2674 1251 2714; x_wconf 85' lang='lat'><strong>2.</strong></span> <span class='ocrx_word' id='word_1_305' title='bbox 1294 2698 1344 2703; x_wconf 86' lang='lat'><strong>——</strong></span> <span class='ocrx_word' id='word_1_306' title='bbox 1390 2670 1853 2713; x_wconf 65' lang='lat' dir='ltr'><strong>Hecc&#39;llcml-Brelzolles</strong></span> <span class='ocrx_word' id='word_1_307' title='bbox 1896 2670 1924 2711; x_wconf 94' lang='lat' dir='ltr'><strong><em>I</em></strong></span> <span class='ocrx_word' id='word_1_308' title='bbox 1932 2669 1974 2718; x_wconf 76' lang='lat' dir='ltr'><strong>V,</strong></span> <span class='ocrx_word' id='word_1_309' title='bbox 1997 2672 2094 2710; x_wconf 68' lang='lat'><strong>466.</strong></span> <span class='ocrx_word' id='word_1_310' title='bbox 2156 2668 2348 2716; x_wconf 60' lang='lat' dir='ltr'><strong>Rubrum,</strong></span> 
     </span>
     <span class='ocr_line' id='line_1_35' title="bbox 150 2737 2207 2795; baseline -0.002 -13"><span class='ocrx_word' id='word_1_311' title='bbox 150 2740 250 2795; x_wconf 76' lang='lat' dir='ltr'><strong>Rey.</strong></span> <span class='ocrx_word' id='word_1_312' title='bbox 281 2742 379 2794; x_wconf 79' lang='lat' dir='ltr'><strong>imp.</strong></span> <span class='ocrx_word' id='word_1_313' title='bbox 411 2743 456 2794; x_wconf 90' lang='lat' dir='ltr'><strong>V,</strong></span> <span class='ocrx_word' id='word_1_314' title='bbox 476 2746 601 2787; x_wconf 78' lang='lat'><strong>2042.</strong></span> <span class='ocrx_word' id='word_1_315' title='bbox 1997 2737 2066 2791; x_wconf 87' lang='lat' dir='ltr'><strong>(P.</strong></span> <span class='ocrx_word' id='word_1_316' title='bbox 2089 2740 2207 2786; x_wconf 73' lang='lat'><strong>303.)</strong></span> 
     </span>
    </p>
   </div>
   <div class='ocr_carea' id='block_1_12' title="bbox 149 2852 2350 3467">
    <p class='ocr_par' dir='ltr' id='par_1_13' title="bbox 149 2852 2350 3467">
     <span class='ocr_line' id='line_1_36' title="bbox 293 2852 2346 2914; baseline -0.003 -15"><span class='ocrx_word' id='word_1_317' title='bbox 293 2856 383 2900; x_wconf 66' lang='lat' dir='ltr'><strong>Fr.a</strong></span> <span class='ocrx_word' id='word_1_318' title='bbox 415 2857 499 2900; x_wconf 90' lang='lat' dir='ltr'><strong>Dei</strong></span> <span class='ocrx_word' id='word_1_319' title='bbox 530 2859 670 2914; x_wconf 85' lang='lat' dir='ltr'><strong>gratia</strong></span> <span class='ocrx_word' id='word_1_320' title='bbox 691 2859 980 2901; x_wconf 85' lang='lat' dir='ltr'><strong>Romanorum</strong></span> <span class='ocrx_word' id='word_1_321' title='bbox 1012 2859 1248 2914; x_wconf 89' lang='lat' dir='ltr'><strong>imperator</strong></span> <span class='ocrx_word' id='word_1_322' title='bbox 1280 2869 1452 2911; x_wconf 91' lang='lat' dir='ltr'><strong>semper</strong></span> <span class='ocrx_word' id='word_1_323' title='bbox 1484 2858 1705 2910; x_wconf 83' lang='lat' dir='ltr'><strong>augustus.¹</strong></span> <span class='ocrx_word' id='word_1_324' title='bbox 1739 2853 1977 2894; x_wconf 88' lang='lat' dir='ltr'><strong>Ierusalem</strong></span> <span class='ocrx_word' id='word_1_325' title='bbox 2012 2856 2054 2893; x_wconf 88' lang='lat' dir='ltr'><strong>et</strong></span> <span class='ocrx_word' id='word_1_326' title='bbox 2078 2852 2224 2893; x_wconf 82' lang='lat' dir='ltr'><strong>Sicilie</strong></span> <span class='ocrx_word' id='word_1_327' title='bbox 2258 2866 2346 2892; x_wconf 88' lang='lat' dir='ltr'><strong>rex.</strong></span> 
     </span>
     <span class='ocr_line' id='line_1_37' title="bbox 149 2920 2350 2984; baseline -0.004 -17"><span class='ocrx_word' id='word_1_328' title='bbox 149 2922 235 2968; x_wconf 88' lang='lat' dir='ltr'><strong>Per</strong></span> <span class='ocrx_word' id='word_1_329' title='bbox 270 2940 448 2982; x_wconf 85' lang='lat' dir='ltr'><strong>presens</strong></span> <span class='ocrx_word' id='word_1_330' title='bbox 489 2929 692 2984; x_wconf 88' lang='lat' dir='ltr'><strong>scriptum</strong></span> <span class='ocrx_word' id='word_1_331' title='bbox 732 2933 881 2970; x_wconf 88' lang='lat' dir='ltr'><strong>notum</strong></span> <span class='ocrx_word' id='word_1_332' title='bbox 922 2928 1016 2970; x_wconf 90' lang='lat' dir='ltr'><strong>fieri</strong></span> <span class='ocrx_word' id='word_1_333' title='bbox 1047 2928 1247 2968; x_wconf 84' lang='lat' dir='ltr'><strong>volumus</strong></span> <span class='ocrx_word' id='word_1_334' title='bbox 1288 2925 1523 2975; x_wconf 88' lang='lat' dir='ltr'><strong>universis,</strong></span> <span class='ocrx_word' id='word_1_335' title='bbox 1567 2922 1680 2978; x_wconf 92' lang='lat' dir='ltr'><strong>quod</strong></span> <span class='ocrx_word' id='word_1_336' title='bbox 1715 2936 1791 2963; x_wconf 89' lang='lat' dir='ltr'><strong>nos</strong></span> <span class='ocrx_word' id='word_1_337' title='bbox 1823 2920 2121 2962; x_wconf 87' lang='lat' dir='ltr'><strong>attendentes.</strong></span> <span class='ocrx_word' id='word_1_338' title='bbox 2166 2920 2350 2974; x_wconf 82' lang='lat' dir='ltr'><strong>qualiter</strong></span> 
     </span>
     <span class='ocr_line' id='line_1_38' title="bbox 149 2987 2345 3050; baseline -0.004 -14"><span class='ocrx_word' id='word_1_339' title='bbox 149 2999 298 3036; x_wconf 86' lang='lat' dir='ltr'><strong>sancta</strong></span> <span class='ocrx_word' id='word_1_340' title='bbox 328 2995 526 3038; x_wconf 87' lang='lat' dir='ltr'><strong>Romana</strong></span> <span class='ocrx_word' id='word_1_341' title='bbox 557 2998 742 3040; x_wconf 87' lang='lat' dir='ltr'><strong>ecclesia</strong></span> <span class='ocrx_word' id='word_1_342' title='bbox 774 3003 912 3040; x_wconf 90' lang='lat' dir='ltr'><strong>mater</strong></span> <span class='ocrx_word' id='word_1_343' title='bbox 943 3001 1092 3038; x_wconf 88' lang='lat' dir='ltr'><strong>nostra</strong></span> <span class='ocrx_word' id='word_1_344' title='bbox 1123 2995 1306 3050; x_wconf 85' lang='lat' dir='ltr'><strong>singulis</strong></span> <span class='ocrx_word' id='word_1_345' title='bbox 1348 3008 1403 3036; x_wconf 79' lang='lat' dir='ltr'><strong>ex</strong></span> <span class='ocrx_word' id='word_1_346' title='bbox 1436 2993 1604 3042; x_wconf 91' lang='lat' dir='ltr'><strong>debito,</strong></span> <span class='ocrx_word' id='word_1_347' title='bbox 1638 3006 1720 3046; x_wconf 91' lang='lat' dir='ltr'><strong>quo</strong></span> <span class='ocrx_word' id='word_1_348' title='bbox 1757 2996 1927 3032; x_wconf 90' lang='lat' dir='ltr'><strong>tenetur</strong></span> <span class='ocrx_word' id='word_1_349' title='bbox 1962 2989 2259 3030; x_wconf 83' lang='lat' dir='ltr'><strong>indifferenter</strong></span> <span class='ocrx_word' id='word_1_350' title='bbox 2290 2987 2345 3028; x_wconf 80' lang='lat' dir='ltr'><strong>ad</strong></span> 
     </span>
     <span class='ocr_line' id='line_1_39' title="bbox 151 3057 2345 3114; baseline -0.005 -8"><span class='ocrx_word' id='word_1_351' title='bbox 151 3078 320 3114; x_wconf 79' lang='lat' dir='ltr'><strong>omneS‚</strong></span> <span class='ocrx_word' id='word_1_352' title='bbox 352 3066 517 3108; x_wconf 91' lang='lat' dir='ltr'><strong>illibata</strong></span> <span class='ocrx_word' id='word_1_353' title='bbox 546 3067 640 3108; x_wconf 88' lang='lat' dir='ltr'><strong>iura</strong></span> <span class='ocrx_word' id='word_1_354' title='bbox 671 3071 898 3108; x_wconf 85' lang='lat' dir='ltr'><strong>conservet</strong></span> <span class='ocrx_word' id='word_1_355' title='bbox 929 3071 972 3108; x_wconf 92' lang='lat' dir='ltr'><strong>et</strong></span> <span class='ocrx_word' id='word_1_356' title='bbox 1004 3079 1082 3107; x_wconf 92' lang='lat' dir='ltr'><strong>nos</strong></span> <span class='ocrx_word' id='word_1_357' title='bbox 1114 3065 1268 3106; x_wconf 88' lang='lat' dir='ltr'><strong>unitati</strong></span> <span class='ocrx_word' id='word_1_358' title='bbox 1302 3076 1377 3104; x_wconf 89' lang='lat' dir='ltr'><strong>sue</strong></span> <span class='ocrx_word' id='word_1_359' title='bbox 1410 3062 1464 3104; x_wconf 90' lang='lat' dir='ltr'><strong>ad</strong></span> <span class='ocrx_word' id='word_1_360' title='bbox 1497 3061 1704 3103; x_wconf 88' lang='lat' dir='ltr'><strong>tuendum</strong></span> <span class='ocrx_word' id='word_1_361' title='bbox 1738 3059 2076 3101; x_wconf 85' lang='lat' dir='ltr'><strong>ecclesiasticam</strong></span> <span class='ocrx_word' id='word_1_362' title='bbox 2102 3057 2345 3098; x_wconf 85' lang='lat' dir='ltr'><strong>libertatem</strong></span> 
     </span>
     <span class='ocr_line' id='line_1_40' title="bbox 152 3128 2346 3192; baseline -0.004 -16"><span class='ocrx_word' id='word_1_363' title='bbox 152 3139 195 3176; x_wconf 86' lang='lat' dir='ltr'><strong>et</strong></span> <span class='ocrx_word' id='word_1_364' title='bbox 231 3149 307 3190; x_wconf 91' lang='lat' dir='ltr'><strong>pro</strong></span> <span class='ocrx_word' id='word_1_365' title='bbox 348 3139 465 3177; x_wconf 90' lang='lat' dir='ltr'><strong>statu</strong></span> <span class='ocrx_word' id='word_1_366' title='bbox 507 3137 677 3192; x_wconf 89' lang='lat' dir='ltr'><strong>imperii</strong></span> <span class='ocrx_word' id='word_1_367' title='bbox 718 3136 989 3178; x_wconf 88' lang='lat' dir='ltr'><strong>reformando</strong></span> <span class='ocrx_word' id='word_1_368' title='bbox 1031 3133 1268 3176; x_wconf 88' lang='lat' dir='ltr'><strong>reddiderit</strong></span> <span class='ocrx_word' id='word_1_369' title='bbox 1307 3132 1560 3181; x_wconf 88' lang='lat' dir='ltr'><strong>uniformes,</strong></span> <span class='ocrx_word' id='word_1_370' title='bbox 1607 3136 1653 3170; x_wconf 90' lang='lat' dir='ltr'><strong>ut</strong></span> <span class='ocrx_word' id='word_1_371' title='bbox 1690 3130 1727 3169; x_wconf 88' lang='lat' dir='ltr'><strong>ei</strong></span> <span class='ocrx_word' id='word_1_372' title='bbox 1762 3129 1907 3170; x_wconf 89' lang='lat' dir='ltr'><strong>debite</strong></span> <span class='ocrx_word' id='word_1_373' title='bbox 1942 3128 2156 3169; x_wconf 82' lang='lat' dir='ltr'><strong>filiationis</strong></span> <span class='ocrx_word' id='word_1_374' title='bbox 2191 3128 2346 3168; x_wconf 80' lang='lat' dir='ltr'><strong>affectu</strong></span> 
     </span>
     <span class='ocr_line' id='line_1_41' title="bbox 151 3196 2346 3259; baseline -0.005 -14"><span class='ocrx_word' id='word_1_375' title='bbox 151 3207 376 3246; x_wconf 86' lang='lat' dir='ltr'><strong>teneamur</strong></span> <span class='ocrx_word' id='word_1_376' title='bbox 413 3205 456 3246; x_wconf 92' lang='lat' dir='ltr'><strong>in</strong></span> <span class='ocrx_word' id='word_1_377' title='bbox 499 3206 902 3247; x_wconf 88' lang='lat' dir='ltr'><strong>omni-reverentia</strong></span> <span class='ocrx_word' id='word_1_378' title='bbox 941 3210 1162 3259; x_wconf 87' lang='lat' dir='ltr'><strong>tamquam</strong></span> <span class='ocrx_word' id='word_1_379' title='bbox 1201 3202 1327 3243; x_wconf 88' lang='lat' dir='ltr'><strong>matri</strong></span> <span class='ocrx_word' id='word_1_380' title='bbox 1370 3206 1413 3243; x_wconf 92' lang='lat' dir='ltr'><strong>et</strong></span> <span class='ocrx_word' id='word_1_381' title='bbox 1455 3200 1661 3241; x_wconf 89' lang='lat' dir='ltr'><strong>honorem</strong></span> <span class='ocrx_word' id='word_1_382' title='bbox 1696 3198 1880 3240; x_wconf 86' lang='lat' dir='ltr'><strong>ecclesie</strong></span> <span class='ocrx_word' id='word_1_383' title='bbox 1913 3211 1962 3237; x_wconf 86' lang='lat' dir='ltr'><strong>ac</strong></span> <span class='ocrx_word' id='word_1_384' title='bbox 2002 3196 2346 3237; x_wconf 81' lang='lat' dir='ltr'><strong>reformationem</strong></span> 
     </span>
     <span class='ocr_line' id='line_1_42' title="bbox 149 3264 2345 3328; baseline -0.004 -15"><span class='ocrx_word' id='word_1_385' title='bbox 149 3272 318 3328; x_wconf 83' lang='lat' dir='ltr'><strong>imperii</strong></span> <span class='ocrx_word' id='word_1_386' title='bbox 341 3273 463 3315; x_wconf 84' lang='lat' dir='ltr'><strong>iuxta</strong></span> <span class='ocrx_word' id='word_1_387' title='bbox 485 3275 710 3315; x_wconf 87' lang='lat' dir='ltr'><strong>consilium</strong></span> <span class='ocrx_word' id='word_1_388' title='bbox 736 3279 779 3316; x_wconf 90' lang='lat' dir='ltr'><strong>et</strong></span> <span class='ocrx_word' id='word_1_389' title='bbox 801 3274 1160 3316; x_wconf 88' lang='lat' dir='ltr'><strong>submonitionem</strong></span> <span class='ocrx_word' id='word_1_390' title='bbox 1184 3272 1318 3327; x_wconf 89' lang='lat' dir='ltr'><strong>ipsius</strong></span> <span class='ocrx_word' id='word_1_391' title='bbox 1342 3270 1487 3311; x_wconf 85' lang='lat' dir='ltr'><strong>facere</strong></span> <span class='ocrx_word' id='word_1_392' title='bbox 1513 3268 1764 3314; x_wconf 84' lang='lat' dir='ltr'><strong>debeamus,</strong></span> <span class='ocrx_word' id='word_1_393' title='bbox 1799 3265 2033 3307; x_wconf 83' lang='lat' dir='ltr'><strong>admonitib</strong></span> <span class='ocrx_word' id='word_1_394' title='bbox 2067 3279 2143 3319; x_wconf 88' lang='lat' dir='ltr'><strong>per</strong></span> <span class='ocrx_word' id='word_1_395' title='bbox 2167 3264 2345 3304; x_wconf 89' lang='lat' dir='ltr'><strong>honora-</strong></span> 
     </span>
     <span class='ocr_line' id='line_1_43' title="bbox 149 3332 2346 3392; baseline -0.005 -10"><span class='ocrx_word' id='word_1_396' title='bbox 149 3341 259 3383; x_wconf 88' lang='lat' dir='ltr'><strong>biles</strong></span> <span class='ocrx_word' id='word_1_397' title='bbox 298 3343 413 3384; x_wconf 90' lang='lat' dir='ltr'><strong>viros</strong></span> <span class='ocrx_word' id='word_1_398' title='bbox 454 3342 693 3384; x_wconf 88' lang='lat' dir='ltr'><strong>Iohannem</strong></span> <span class='ocrx_word' id='word_1_399' title='bbox 739 3343 1035 3385; x_wconf 87' lang='lat' dir='ltr'><strong>venerabilem</strong></span> <span class='ocrx_word' id='word_1_400' title='bbox 1079 3341 1366 3382; x_wconf 83' lang='lat' dir='ltr'><strong>Sabinensem</strong></span> <span class='ocrx_word' id='word_1_401' title='bbox 1409 3337 1661 3392; x_wconf 90' lang='lat' dir='ltr'><strong>episcopum</strong></span> <span class='ocrx_word' id='word_1_402' title='bbox 1702 3339 1745 3376; x_wconf 87' lang='lat' dir='ltr'><strong>et</strong></span> <span class='ocrx_word' id='word_1_403' title='bbox 1784 3335 2035 3388; x_wconf 84' lang='lat' dir='ltr'><strong>magistrum</strong></span> <span class='ocrx_word' id='word_1_404' title='bbox 2080 3333 2252 3374; x_wconf 82' lang='lat' dir='ltr'><strong>Petrum</strong></span> <span class='ocrx_word' id='word_1_405' title='bbox 2296 3332 2346 3372; x_wconf 83' lang='lat' dir='ltr'><strong>dc</strong></span> 
     </span>
     <span class='ocr_line' id='line_1_44' title="bbox 153 3404 2344 3467; baseline -0.005 -16"><span class='ocrx_word' id='word_1_406' title='bbox 153 3408 304 3466; x_wconf 85' lang='lat' dir='ltr'><strong>Capua</strong></span> <span class='ocrx_word' id='word_1_407' title='bbox 351 3411 497 3453; x_wconf 86' lang='lat' dir='ltr'><strong>Sancti</strong></span> <span class='ocrx_word' id='word_1_408' title='bbox 536 3411 714 3467; x_wconf 85' lang='lat' dir='ltr'><strong>Georgii</strong></span> <span class='ocrx_word' id='word_1_409' title='bbox 753 3412 807 3453; x_wconf 88' lang='lat' dir='ltr'><strong>ad</strong></span> <span class='ocrx_word' id='word_1_410' title='bbox 849 3412 1002 3453; x_wconf 80' lang='lat' dir='ltr'><strong>Velum</strong></span> <span class='ocrx_word' id='word_1_411' title='bbox 1045 3423 1224 3451; x_wconf 88' lang='lat' dir='ltr'><strong>aureum</strong></span> <span class='ocrx_word' id='word_1_412' title='bbox 1265 3408 1490 3449; x_wconf 88' lang='lat' dir='ltr'><strong>diaconum</strong></span> <span class='ocrx_word' id='word_1_413' title='bbox 1542 3404 1805 3445; x_wconf 88' lang='lat' dir='ltr'><strong>cardinalem</strong></span> <span class='ocrx_word' id='word_1_414' title='bbox 1855 3417 1929 3458; x_wconf 92' lang='lat' dir='ltr'><strong>pro</strong></span> <span class='ocrx_word' id='word_1_415' title='bbox 1979 3407 2099 3458; x_wconf 87' lang='lat' dir='ltr'><strong>parte</strong></span> <span class='ocrx_word' id='word_1_416' title='bbox 2145 3415 2344 3442; x_wconf 87' lang='lat' dir='ltr'><strong>reveren-</strong></span> 
     </span>
    </p>
   </div>
   <div class='ocr_carea' id='block_1_13' title="bbox 289 3513 1125 3628">
    <p class='ocr_par' dir='ltr' id='par_1_14' title="bbox 289 3513 1125 3628">
     <span class='ocr_line' id='line_1_45' title="bbox 290 3513 957 3559; baseline -0.001 -11"><span class='ocrx_word' id='word_1_417' title='bbox 290 3513 376 3549; x_wconf 77' lang='grc'><strong>182.</strong></span> <span class='ocrx_word' id='word_1_418' title='bbox 408 3514 442 3558; x_wconf 85' lang='lat' dir='ltr'><strong>h)</strong></span> <span class='ocrx_word' id='word_1_419' title='bbox 467 3514 544 3548; x_wconf 79' lang='lat' dir='ltr'><strong>Hfir</strong></span> <span class='ocrx_word' id='word_1_420' title='bbox 569 3528 618 3549; x_wconf 88' lang='lat' dir='ltr'><strong>or.</strong></span> <span class='ocrx_word' id='word_1_421' title='bbox 737 3516 768 3559; x_wconf 87' lang='lat' dir='ltr'><strong>c)</strong></span> <span class='ocrx_word' id='word_1_422' title='bbox 794 3517 885 3550; x_wconf 74' lang='lat' dir='ltr'><strong>deest</strong></span> <span class='ocrx_word' id='word_1_423' title='bbox 909 3528 957 3549; x_wconf 89' lang='lat' dir='ltr'><strong>or.</strong></span> 
     </span>
     <span class='ocr_line' id='line_1_46' title="bbox 289 3582 1125 3628; baseline -0.002 -11"><span class='ocrx_word' id='word_1_424' title='bbox 289 3582 373 3618; x_wconf 81' lang='lat'><strong>183.</strong></span> <span class='ocrx_word' id='word_1_425' title='bbox 406 3582 438 3627; x_wconf 70' lang='lat'><strong>³)</strong></span> <span class='ocrx_word' id='word_1_426' title='bbox 463 3585 659 3618; x_wconf 86' lang='lat' dir='ltr'><strong>Fridericus</strong></span> <span class='ocrx_word' id='word_1_427' title='bbox 683 3585 714 3618; x_wconf 79' lang='lat'><strong>2.</strong></span> <span class='ocrx_word' id='word_1_428' title='bbox 832 3583 867 3628; x_wconf 80' lang='lat'><strong>¹³)</strong></span> <span class='ocrx_word' id='word_1_429' title='bbox 893 3584 1069 3618; x_wconf 89' lang='lat' dir='ltr'><strong>ammoniti</strong></span> <span class='ocrx_word' id='word_1_430' title='bbox 1093 3583 1125 3616; x_wconf 84' lang='lat'><strong>2.</strong></span> 
     </span>
    </p>
   </div>
   <div class='ocr_carea' id='block_1_14' title="bbox 291 3679 1938 3731">
    <p class='ocr_par' dir='ltr' id='par_1_15' title="bbox 291 3679 1938 3731">
     <span class='ocr_line' id='line_1_47' title="bbox 291 3679 1938 3731; baseline -0.007 -11"><span class='ocrx_word' id='word_1_431' title='bbox 291 3685 326 3730; x_wconf 93' lang='lat'><strong>1)</strong></span> <span class='ocrx_word' id='word_1_432' title='bbox 354 3684 406 3728; x_wconf 82' lang='lat' dir='ltr'><strong>Cf.</strong></span> <span class='ocrx_word' id='word_1_433' title='bbox 432 3685 638 3731; x_wconf 71' lang='lat' dir='ltr'><strong>Rodenbery</strong></span> <span class='ocrx_word' id='word_1_434' title='bbox 662 3687 692 3730; x_wconf 89' lang='lat' dir='ltr'><strong>I,</strong></span> <span class='ocrx_word' id='word_1_435' title='bbox 719 3697 776 3720; x_wconf 74' lang='lat' dir='ltr'><strong>nr.</strong></span> <span class='ocrx_word' id='word_1_436' title='bbox 794 3690 874 3721; x_wconf 82' lang='lat'><strong>580.</strong></span> <span class='ocrx_word' id='word_1_437' title='bbox 992 3686 1027 3729; x_wconf 84' lang='lat'><strong>2)</strong></span> <span class='ocrx_word' id='word_1_438' title='bbox 1054 3683 1092 3718; x_wconf 92' lang='lat' dir='ltr'><strong>V.</strong></span> <span class='ocrx_word' id='word_1_439' title='bbox 1121 3682 1275 3717; x_wconf 78' lang='lat' dir='ltr'><strong>‘Notiees</strong></span> <span class='ocrx_word' id='word_1_440' title='bbox 1299 3684 1328 3715; x_wconf 73' lang='lat' dir='ltr'><strong>et</strong></span> <span class='ocrx_word' id='word_1_441' title='bbox 1352 3679 1509 3715; x_wconf 71' lang='lat' dir='ltr'><strong>caetraits&#39;</strong></span> <span class='ocrx_word' id='word_1_442' title='bbox 1535 3679 1649 3723; x_wconf 85' lang='lat' dir='ltr'><strong>XXI,</strong></span> <span class='ocrx_word' id='word_1_443' title='bbox 1669 3682 1702 3720; x_wconf 84' lang='lat'><strong>2,</strong></span> <span class='ocrx_word' id='word_1_444' title='bbox 1718 3683 1786 3713; x_wconf 84' lang='lat'><strong>290</strong></span> <span class='ocrx_word' id='word_1_445' title='bbox 1812 3687 1865 3710; x_wconf 81' lang='lat' dir='ltr'><strong>nr.</strong></span> <span class='ocrx_word' id='word_1_446' title='bbox 1882 3679 1938 3710; x_wconf 86' lang='grc'><strong>38.</strong></span> 
     </span>
    </p>
   </div>
   <div class='ocr_carea' id='block_1_15' title="bbox 288 3734 2079 3784">
    <p class='ocr_par' dir='ltr' id='par_1_16' title="bbox 288 3734 2079 3784">
     <span class='ocr_line' id='line_1_48' title="bbox 288 3734 2079 3784; baseline -0.002 -1"><span class='ocrx_word' id='word_1_447' title='bbox 288 3759 339 3784; x_wconf 77' lang='lat' dir='ltr'><strong>u..</strong></span> <span class='ocrx_word' id='word_1_448' title='bbox 364 3759 648 3784; x_wconf 67' lang='lat' dir='ltr'><strong>cons-rrrunonsss</strong></span> <span class='ocrx_word' id='word_1_449' title='bbox 671 3745 704 3783; x_wconf 80' lang='lat'><strong>1&#39;1.</strong></span> <span class='ocrx_word' id='word_1_450' title='bbox 2034 3734 2079 3769; x_wconf 77' lang='lat'><strong>29</strong></span> 
     </span>
    </p>
   </div>
  </div>
 </body>
</html>
