2558 3970
0 0 13 53 *⁶-

134 926 166 951 10

133 1271 164 1297 15

129 1959 162 1985 25

132 2304 166 2330 30

132 2654 164 2680 35

132 3311 166 3338 45

736 168 976 203 FRIDERIC!
1005 169 1048 203 11.
1075 168 1503 204 CONS'l'l'l'L'TlONES.
1557 172 1655 205 12:35.
1705 171 1766 206 Nr.
1788 173 1861 205 1506.
2317 174 2399 212 2423

202 287 257 327 ab
297 286 360 326 eis
398 290 559 326 tenent.
625 284 768 332 Quodi
801 285 871 338 qui
915 299 996 324 non
1043 286 1213 327 feccrit.
1256 285 1448 325 ‹listrivtv
1484 285 1610 325 cuiun*
1647 293 1767 340 prout
1811 287 1965 326 iustum
2001 287 2129 326 fuerit
2162 286 2399 340 puniemus.

202 355 279 396 nill
311 354 365 395 de.
397 354 488 395 iure
520 358 704 395 noan-0¹¹¹
739 354 804 394 vel
839 367 949 408 penu
981 354 1101 394 nobis
1136 355 1344 394 attinente
1380 355 1616 398 remissuri,
1662 355 1762 395 nulli
1802 355 1996 395 volentes
2033 356 2075 396 in
2111 355 2190 395 lior
2225 369 2400 410 parcere

203 424 269 464 vel
303 423 512 464 deferren.
575 421 719 462 Idem⁰
753 422 1013 476 precipimus
1046 423 1208 463 eciam·¹
1241 438 1264 463 a
1298 423 1531 464 maioribus
1575 423 1785 463 iudicibus
1819 424 1930 464 circu
1980 424 2203 464 insi-riores
2238 423 2400 464 iudices

202 492 382 533 firmiter
413 491 674 532 observaris.

347 563 404 600 5.¹
437 559 504 600 Ad
539 559 618 599 hoc
651 559 929 613 magistratus
963 564 1005 599 et
1038 560 1130 600 iura
1164 564 1262 599 sunt
1297 559 1479 614 prodita.
1514 573 1566 599 nc
1600 560 1694 613 quis
1728 560 1790 599 sui
1825 559 1986 600 doloris
2012 560 2167 601 vindex
2203 562 2269 603 sit.
2304 560 2400 615 quin

200 628 271 670 ubi
304 629 408 669 iuris
441 627 602 669 cessati
634 628 889 684 auctoritas,
932 627 1106 668 excedit
1147 628 1327 668 licencia
1360 627 1565 667 sevicmli.
1631 629 1870 668 statuimus
1908 630 2057 680 igitur.
2093 635 2136 669 ut
2172 630 2326 674 mullus,
2361 630 2399 669 in

201 711 469 754 quacumque
502 712 547 738 re
581 697 812 752 dampnum
846 698 882 736 ci
918 698 983 737 vel
1020 711 1254 749 gravamen
1289 697 1442 736 fucrit*
1478 697 1658 740 illatum,
1693 710 1738 735 sc
1773 698 1909 751 ipsum
1936 698 2135 739 vindivot.
2170 699 2248 738 nisi
2285 699 2401 752 prius

200 767 420 822 querelam
471 780 591 807 suam
639 780 781 807 coram
830 768 931 806 suo‘
974 765 1113 806 iudice
1157 766 1417 820 propositam
1462 764 1729 805 secundumn
1773 767 1835 805 ius
1878 780 2013 820 usquc
2047 767 2097 806 ad
2132 766 2398 806 diffinitivum

201 836 467 877 sentenciam
500 840 805 892 prosequatur:
839 836 919 876 nisi
953 836 994 875 in
1028 835 1266 875 continenti
1301 833 1353 874 ad
1387 834 1565 874 tutelam
1590 834 1782 888 corporis
1807 834 1870 874 sui
1896 835 1961 874 vcl
1994 834 2199 875 bonorum
2225 849 2397 875 suornm

202 906 287 946 vim
326 905 366 946 vi
404 905 627 960 repellat',
671 904 783 960 quod
825 904 982 944 dicitur
1022 903 1292 945 notliwerew.
1361 902 1436 944 Si*
1478 903 1571 957 quis
1610 903 1735 943 aliter
1779 904 2034 958 processerit
2068 904 2119 943 nd
2157 904 2400 955 vindictam,

199 973 433 1031 dampnum
475 975 640 1015 illatum
684 973 931 1014 adversario
973 973 1117 1013 solvat
1156 974 1196 1013 in
1240 972 1436 1027 duplum,
1484 973 1601 1012 nulla
1645 972 1839 1011 actione·v
1885 972 1962 1011 sibi
1997 972 2049 1011 do
2083 971 2278 1025 dampnis
2315 974 2402 1012 vel*

198 1044 518 1098 gravaminibus
551 1043 682 1084 illatis
715 1042 795 1082 sibi
830 1042 883 1082 de
922 1047 1093 1082 cetero¹¹
1125 1045 1416 1096 competente.

342 1115 380 1154 6.
414 1113 459 1154 Si
494 1113 590 1167 quis
624 1126 724 1152 vero
757 1124 901 1151 coram
935 1110 1075 1151 iudice
1110 1111 1221 1150 sicut
1254 1109 1494 1164 predictum
1531 1114 1596 1148 est
1633 1109 1671 1148 in
1698 1122 1827 1149 causa
1863 1108 2139 1162 processerit.
2174 1109 2206 1148 si
2234 1109 2296 1148 ius
2321 1123 2401 1148 non

198 1182 329 1224 fuerit
361 1186 622 1223 consecutus
657 1186 699 1221 et
731 1179 1048 1221 neccessitateb
1082 1184 1265 1233 cogente
1300 1183 1467 1233 oportet
1493 1191 1588 1218 eum
1614 1177 1809 1218 diffidare
1838 1178 2087 1217 inimicumc
2122 1192 2258 1220 suum.
2293 1177 2402 1232 quod

201 1252 330 1307 vulgo
371 1251 526 1292 dicitur
566 1249 850 1305 widersaged.
890 1248 970 1290 hoe
1011 1248 1161 1289 diurno
1196 1253 1390 1303 tempore
1424 1247 1572 1290 faeiat.
1616 1252 1660 1288 et
1705 1261 1757 1287 ex
1802 1252 1902 1287 tunc
1946 1260 2083 1301 usque
2126 1248 2164 1287 in
2206 1253 2403 1301 quartum

198 1321 326 1371 diem,
358 1319 401 1361 id
433 1324 500 1361 est
531 1324 628 1375 post
661 1324 748 1360 tres
781 1319 974 1372 integros
1007 1317 1115 1367 dies,
1149 1317 1350 1358 diffidans
1384 1322 1425 1356 et
1458 1315 1676 1356 diffidatus
1710 1317 1951 1369 intcgram⁰
1986 1330 2135 1371 pacem
2171 1316 2402 1356 servabunt

198 1389 304 1431 sibif
343 1390 385 1430 in
425 1388 626 1444 personis
658 1392 701 1429 et
738 1387 910 1428 rebus¹.
982 1386 1022 1427 Is
1057 1391 1217 1429 autem.
1252 1387 1293 1426 in
1327 1400 1409 1440 quo
1442 1386 1646 1425 violatum
1683 1385 1812 1425 fuerit
1851 1385 1930 1424 hoc
1970 1390 2219 1424 statutu1n11.
2262 1398 2402 1424 voram

197 1459 339 1501 iudice
372 1462 683 1512 conqueratur;
729 1457 800 1511 qui
832 1469 909 1511 per
942 1469 987 1495 se
1020 1456 1087 1497 vel
1121 1455 1223 1511 perh
1257 1456 1459 1495 nuncium
1493 1453 1659 1494 citabiti
1693 1455 1969 1494 violatorem.
2003 1461 2047 1494 et
2081 1453 2186 1493 nisik
2221 1454 2398 1493 violator

199 1526 456 1585 productus¹
489 1540 620 1581 super
652 1526 732 1566 hoc
766 1525 833 1566 vel
867 1529 1086 1579 septenam
1119 1538 1248 1564 manu
1282 1523 1538 1564 sinodalium
1573 1522 1789 1562 hominum
1825 1523 2077 1576 purgaverit
2111 1523 2401 1562 innocentiam

200 1603 372 1647 mamm,
413 1595 527 1652 quod
559 1594 674 1636 nonk
707 1594 974 1636 commiserit
1013 1599 1162 1634 contra
1195 1594 1275 1634 hoc
1308 1597 1558 1642 statutum¹·‚
1605 1596 1815 1647 perpetuo
1859 1605 1968 1646 pene
2005 1591 2251 1641 subiaceat,
2295 1591 2403 1646 quod

197 1666 355 1708 dicitur
387 1665 558 1707 erenlos
589 1664 734 1706 undet>
768 1664 974 1706 rehtlosv.

343 1738 403 1777 7.¹1
436 1734 568 1776 Oumr
599 1735 743 1776 aliena
774 1734 906 1774 invito
940 1731 1113 1773 domino
1147 1745 1231 1772 non
1265 1731 1358 1772 sine
1382 1731 1484 1771 iuris
1507 1730 1664 1771 iniuria
1689 1734 2026 1771 contractentur.
2061 1744 2110 1770 eo
2137 1730 2282 1770 durius
2312 1730 2404 1784 quis

198 1805 297 1846 furti
329 1810 372 1846 et
403 1804 606 1846 falsitatis
640 1803 870 1857 arguiturss,
905 1816 987 1858 quo
1021 1801 1395 1857 presumptuosius
1429 1798 1610 1854 aliquidt
1647 1799 1726 1839 sibi
1761 1799 1898 1839 ‹le-rei
1923 1799 2095 1854 publice
2120 1799 2397 1854 proventibus

199 1874 439 1930 usurpavit.
501 1872 693 1928 Ideoque
735 1871 1007 1919 statuimus²,
1049 1876 1094 1911 ut
1127 1870 1271 1910 omnia
1314 1869 1516 1910 telonea¹¹
1555 1874 1640 1908 tam
1675 1868 1716 1907 in
1759 1867 1884 1908 terris
1917 1882 2042 1922 quam
2079 1868 2117 1908 in
2156 1868 2276 1922 aquis
2310 1873 2400 1922 post

199 1948 380 1985 mortem
415 1942 513 1984 dive
546 1943 754 1984 memorie
789 1942 924 1997 patris
959 1940 1094 1981 nostri
1120 1939 1393 1994 imperatoris
1417 1937 1661 1982 Heinriciv.
1694 1950 1718 1976 a
1743 1943 2046 1990 quocumquew
2081 1941 2123 1976 et
2147 1936 2402 1990 ubicumqu(¹

198 2013 395 2054 instituta
428 2012 606 2063 fuerint,
650 2015 957 2053 removeantur
989 2009 1180 2051 omnino.
1224 2008 1305 2048 nisi
1338 2007 1372 2047 is
1405 2007 1476 2061 qui
1510 2005 1643 2046 habet
1677 2018 1821 2045 coram
1856 2005 2115 2060 imperatore
2152 2004 2327 2060 probet,
2363 2010 2406 2044 ut

199 2083 358 2124 iustum
392 2086 472 2134 est,
506 2096 552 2123 se
574 2081 795 2123 teloneum
820 2080 872 2122 de
895 2081 986 2121 iure
1010 2084 1174 2120 tenere.
1226 2076 1337 2117 Item
1361 2075 1643 2131 precipimuS‚
1677 2074 1867 2115 omnium
1900 2074 2169 2114 teloneorum
2196 2073 2402 2128 superad-

199 2151 432 2194 iectionem
471 2151 683 2192 removeri
715 2154 759 2191 et
800 2149 972 2191 omnino
1006 2160 1202 2198 cessare,
1247 2150 1290 2186 et
1328 2146 1368 2186 in
1407 2149 1551 2185 statu¹
1591 2143 1769 2198 pristine
1811 2142 2095 2183 institutionis
2127 2142 2273 2183 debite
2308 2156 2403 2196 per-

200 2234 391 2262 manere.
454 2219 498 2262 Si
532 2220 628 2276 quis
660 2224 805 2261 autem
838 2218 993 2259 huiusy
1026 2219 1174 2257 nostre
1207 2214 1440 2255 sanctionis
1474 2213 1655 2253 violator
1688 2211 1934 2252 exstiteritz
1968 2215 2040 2251 aut
2075 2210 2262 2265 aliquid1¹
2296 2211 2403 2251 ultra

201 2289 394 2331 debitum
427 2294 470 2330 et
502 2293 710 2330 statutum
745 2287 979 2329 extorserit
1011 2286 1078 2327 vel
1111 2284 1389 2340 usurpaverit
1422 2283 1461 2322 in
1502 2282 1596 2322 loco
1630 2279 1843 2321 indebito.
1891 2293 2033 2320 coram
2070 2294 2145 2319 suo
2179 2279 2319 2319 iudice
2353 2279 2404 2318 ‹lo

198 2358 293 2400 hisb
325 2359 518 2413 legitime
544 2359 783 2408 convictus,
817 2361 1047 2411 tanquam⁰
1079 2353 1210 2410 predo
1243 2357 1286 2393 et
1317 2350 1572 2407 populatord
1607 2354 1742 2390 strate
1766 2349 1936 2404 publice
1962 2349 2175 2403 puniatur.
2235 2348 2403 2403 Recep—

198 2432 314 2469 tores
353 2441 455 2469 vcro
497 2427 765 2469 teloneorum
811 2431 898 2467 tam
940 2426 981 2465 in
1020 2425 1144 2464 terris
1186 2435 1312 2477 quam
1357 2422 1398 2461 in
1439 2421 1562 2475 aquis
1604 2419 1751 2459 debito
1786 2417 1911 2458 modo
1950 2418 2086 2458 teneri
2121 2418 2318 2458 volumus
2352 2417 2403 2457 ad

198 2497 519 2552 reparationem
552 2497 779 2552 ponciume
812 2500 854 2537 et
887 2498 1139 2542 stratarum,
1174 2489 1498 2532 transeuntibus
1531 2493 1574 2529 et
1610 2486 1915 2542 navigantibus
1930 2486 1953 2538 s,
1987 2501 2011 2527 a
2045 2487 2197 2540 quibus
2235 2486 2403 2526 telonea

200 2566 429 2622 accipiunt,
461 2579 629 2621 pacem,
663 2565 943 2606 securitatem
976 2569 1020 2605 et
1052 2563 1332 2608 conductum,
1366 2562 1424 2601 ita
1447 2559 1589 2615 quodg
1622 2558 1751 2599 nichil
1785 2558 2007 2607 amittant,
2042 2566 2254 2612 quatenus
2278 2556 2401 2597 durat

201 2635 421 2677 districtus
455 2649 618 2679 eorum.
651 2639 778 2691 prout
810 2635 964 2675 melius
996 2637 1176 2689 possunt
1208 2631 1395 2672 fideliter
1424 2628 1734 2685 procurando¹¹.
1789 2627 2058 2680 Quicumque
2085 2626 2208 2666 vcroi
2243 2624 2403 2665 ternio*

197 2704 392 2760 legitime
435 2705 659 2745 convictus
690 2704 821 2744 fuerit
855 2717 999 2744 coram
1030 2701 1178 2750 nobis,
1223 2703 1429 2741 statutum
1470 2699 1551 2739 hoc
1586 2712 1668 2738 non
1713 2710 1933 2737 servasse.
1976 2695 2197 2734 teloneum
2231 2694 2403 2734 domino

198 2779 324 2815 vacet
356 2788 381 2815 a
412 2787 494 2829 quo
528 2773 634 2814 illud
667 2778 802 2814 tenet.

340 2887 424 2923 196.
458 2888 481 2930 i)
507 2890 597 2923 deest
622 2889 653 2922 1.
796 2886 831 2929 k)
869 2899 897 2921 e.
923 2887 955 2920 d.
981 2886 1011 2919 2.
1175 2884 1200 2927 1)
1238 2885 1290 2917 vel
1320 2884 1348 2924 1,
1376 2879 1409 2915 ill
1437 2882 1572 2925 (nichil)
1599 2881 1630 2914 2.
1787 2883 1828 2919 Π’)
1866 2880 1954 2912 dees!
1980 2878 2011 2911 2.
2154 2884 2187 2917 ¹¹)
2213 2878 2346 2909 ‹lifl'errc
2376 2877 2403 2908 l.

200 2946 232 2990 ⁰)
258 2947 350 2980 Idem
375 2958 511 2990 quoque
535 2947 568 2980 2.
696 2946 730 2988 P)
755 2951 824 2979 tam
849 2945 880 2978 2.
1007 2945 1040 2985 q)
1065 2944 1193 2976 iudices
1217 2955 1247 2976 0.
1275 2942 1449 2974 inferiores
1475 2940 1614 2972 tirmiter
1638 2938 1670 2971 2.
1789 2943 1815 2978 Υ)
1844 2937 1981 2968 rubrum
2010 2937 2042 2967 in
2072 2936 2109 2967 2:
2150 2936 2197 2965 lit
2223 2946 2337 2966 nemo
2363 2945 2405 2965 sc

201 3005 400 3038 vindicet
423 3005 516 3037 sine
541 3004 702 3037 iudicis
731 3004 1010 3036 auctoritate.
1130 3006 1157 3042 ⁵⁵)
1182 3002 1212 3033 ei
1240 3001 1341 3032 suerit
1366 3000 1397 3032 d.
1426 2998 1476 3030 vel
1503 3007 1689 3040 gravamen
1714 2996 1746 3028 2.
1857 2994 1883 3037 ῑ)
1911 2995 1998 3026 demet
2023 2994 2054 3025 2.
2152 2998 2184 3032 ¹¹)
2214 2994 2237 3024 13
2265 2992 2344 3029 (set)
2374 2991 2401 3022 l.

202 3063 234 3102 v)
259 3063 428 3105 repulerit,
445 3061 477 3095 2.
620 3062 662 3103 W)
697 3062 788 3103 quod
813 3061 936 3093 dieitur
963 3060 1134 3092 nothwere
1159 3059 1279 3090 clement
1307 3058 1334 3089 1.
1466 3062 1498 3095 x)
1531 3054 1583 3086 hic
1609 3054 1719 3085 littera
1746 3052 1886 3084 initialia
1910 3051 2016 3082 rubra
2047 3050 2074 3082 1.
2215 3049 2247 3088 5)
2275 3048 2403 3080 nullam

200 3121 368 3153 actionem
393 3119 424 3152 1.
448 3119 480 3152 2.
621 3119 651 3163 z)
678 3120 712 3151 in
740 3119 770 3151 1.
914 3120 945 3156 a)
977 3118 1018 3150 de
1043 3122 1153 3149 cetero
1179 3116 1299 3147 desunt
1328 3114 1357 3146 1.
1499 3111 1529 3153 ¹¹)
1561 3113 1679 3142 nffate
1706 3110 1744 3148 1;
1788 3110 1954 3141 necffiate
1979 3106 2010 3139 2.
2147 3111 2178 3148 0)
2203 3107 2346 3138 amicum
2373 3105 2403 3136 ⁶2.

201 3186 235 3230 d)
261 3169 448 3232 wfdersage
473 3188 503 3222 2.
623 3188 654 3231 e)
680 3189 809 3221 firmam
835 3186 866 3219 2.
975 3184 1004 3227 s)
1029 3186 1092 3218 sibi
1119 3196 1206 3217 serv.
1232 3184 1264 3216 2.
1373 3185 1404 3222 8)
1431 3183 1494 3214 hoc
1519 3186 1682 3213 statutum
1708 3179 1828 3210 desunt
1857 3177 1887 3210 l.
1997 3175 2028 3216 ¹¹)
2056 3176 2144 3207 deest
2172 3175 2200 3207 1.
2296 3174 2318 3215 i)
2344 3175 2405 3206 sci-

201 3245 291 3279 tabis
314 3246 344 3280 1.
472 3245 506 3288 k)
538 3246 627 3279 deest
651 3245 683 3279 2.
823 3243 848 3283 ¹)
874 3244 1044 3287 predictus
1068 3242 1100 3275 2.
1231 3242 1274 3284 ¹¹¹)
1306 3246 1445 3283 septena
1479 3249 1580 3270 manu
1616 3238 1703 3269 hom.
1728 3237 1791 3268 siu.
1824 3245 1925 3277 super
1960 3235 2021 3266 lioc
2048 3245 2146 3276 purg.
2172 3233 2402 3264 innocenciam

202 3313 300 3336 suam
323 3302 356 3336 2.
473 3303 508 3345 n)
533 3309 659 3336 statum
687 3303 715 3335 1.
857 3302 890 3343 o)
917 3301 1073 3334 lierenlos
1099 3304 1131 3332 et
1155 3298 1185 3331 2.
1305 3302 1338 3338 P)
1365 3297 1496 3329 rechlos
1523 3296 1552 3328 1.
1670 3294 1702 3335 ¹¹)
1728 3293 1868 3324 rubrum
1895 3292 1929 3323 ῖη
1954 3290 1992 3322 2:
2030 3292 2087 3322 De
2124 3291 2339 3322 theloneis
2365 3294 2405 3320 et

205 3361 398 3393 monetis.
517 3360 546 3404 r)
571 3362 664 3393 Dum
690 3360 722 3402 1,
749 3360 863 3391 littera
882 3358 1002 3400 prima
1026 3357 1145 3389 rubra.
1264 3355 1292 3395 ⁸)
1318 3354 1432 3397 arguit
1458 3353 1487 3385 1.
1606 3351 1632 3393 t)
1658 3350 1780 3391 aliquit
1806 3348 1835 3381 1.
1930 3350 1963 3389 ¹¹)
1988 3348 2142 3380 teolonea
2170 3347 2206 3385 1;
2233 3347 2359 3379 thelon.
2384 3344 2405 3376 2

201 3428 340 3459 semper.
457 3417 490 3460 V)
516 3419 657 3451 Henrici
687 3417 714 3449 l.
832 3415 871 3457 w)
897 3425 1112 3457 quacumque
1140 3414 1170 3446 1.
1287 3410 1320 3454 x)
1346 3417 1471 3444 statum
1498 3410 1529 3442 2,
1637 3414 1670 3443 5)
1697 3409 1776 3439 huic
1803 3407 1834 3438 1.
1929 3407 1959 3447 Ζ)
1985 3406 2133 3438 extiterit
2158 3404 2189 3437 2.
2285 3406 2317 3444 ³)
2343 3403 2402 3435 ali-

202 3476 275 3516 quit
300 3475 331 3508 1.
447 3473 480 3518 b)
505 3476 572 3508 hiis
597 3474 629 3508 2.
747 3476 777 3516 c)
804 3479 976 3516 tamquam
1001 3471 1034 3505 2.
1153 3469 1186 3513 d)
1213 3470 1372 3513 populate
1399 3468 1427 3501 1.
1545 3471 1575 3506 Θ)
1608 3465 1837 3507 recepcionem
1862 3464 2015 3506 pontium
2042 3462 2075 3494 2.
2191 3461 2223 3501 s)
2251 3471 2400 3502 naugan-

203 3531 295 3564 tibus
318 3530 349 3564 2.
469 3531 503 3576 g)
529 3534 615 3575 itaq3
644 3532 673 3565 l.
781 3530 815 3574 11)
840 3530 1054 3574 procuranda
1080 3540 1168 3560 corr.
1195 3526 1407 3570 procurando
1433 3524 1462 3556 2.
1564 3521 1589 3562 i)
1615 3533 1696 3554 vero
1720 3521 1851 3552 aclrasa
1878 3521 1989 3552 littera
2016 3532 2035 3550 v
2061 3518 2092 3551 2.
2187 3517 2221 3555 k)
2247 3518 2345 3550 tertio
2371 3514 2402 3547 2.

340 3634 373 3676 1)
408 3632 462 3674 Cf.
492 3632 655 3666 Hei‘mw'ci
689 3633 778 3676 reyis
815 3631 1096 3666 constitutionem
1127 3640 1160 3663 α.
1180 3631 1265 3662 1234
1297 3637 1352 3661 nr.
1371 3629 1447 3668 318,
1481 3635 1508 3659 c.
1528 3628 1571 3658 10
1601 3625 1631 3656 et
1663 3622 1740 3655 eius
1765 3620 1889 3654 Pacem
1918 3620 2111 3664 yenercdem
2136 3630 2169 3652 α.
2190 3622 2270 3651 1224
2297 3616 2401 3658 infra

200 3699 257 3724 nr.
277 3694 356 3734 284,
381 3701 407 3725 c.
427 3695 479 3726 10.
573 3692 610 3735 2)
638 3690 689 3730 Cf.
714 3690 881 3724 Heinrici
905 3690 997 3734 νομί-5·
1023 3687 1306 3723 constitutionem
1331 3697 1364 3719 (ι.
1385 3688 1469 3719 1234
1496 3693 1551 3716 nr.
1569 3684 1642 3723 318,
1671 3691 1699 3714 c.
1722 3686 1750 3714 9.

2060 3740 2131 3774 31*
