2558 3970
171 209 250 246 550
407 201 645 237 FRIDERICI
673 201 716 234 II.
742 198 1019 234 CONCORDIA
1046 197 1202 232 FACTA
1229 194 1329 230 CUM
1355 194 1541 229 COMITE
1571 193 1756 228 CELANI.
1808 193 1906 227 1223.
1957 193 2020 228 Nr.
2037 192 2115 227 419.

176 318 357 359 nuntiis.
391 330 494 371 quos
529 328 669 355 comcs
703 326 832 368 super
863 312 942 352 hoc
974 311 1155 356 miserit,
1188 309 1389 350 videlicet
1421 308 1531 363 quod
1564 308 1759 349 dominus
1792 308 2024 362 imperator
2056 321 2107 348 ea
2141 321 2222 362 quc
2245 307 2360 348 dicta

175 393 271 426 sunt
304 390 536 439 spontanea
570 383 787 422 voluntate
820 381 924 422 fecit
955 384 998 420 et
1038 379 1167 420 faciet
1197 377 1508 418 inviolabiliter
1539 377 1773 418 observari.
1826 376 2156 431 Archiepiscopi
2188 389 2288 417 vero
2311 380 2354 416 et

173 453 361 508 episcopi
395 452 511 492 curie
544 450 706 491 domini
739 449 1036 504 imperatoris,
1068 446 1169 496 duX,
1202 446 1491 486 marescalcus
1525 448 1567 486 et
1597 458 1745 486 omnes
1778 445 1959 486 comites
1992 445 2208 485 exercitus
2240 445 2355 485 iura-

174 523 276 562 bnnt
309 534 437 574 super
468 519 631 559 animas
666 531 786 564 suas,
826 516 939 571 quod
973 515 1185 569 rogabunt
1218 518 1261 555 et
1293 513 1519 555 consulent
1551 513 1642 554 sine
1675 513 1789 553 malo
1821 512 1993 566 ingenio
2027 512 2244 554 dominum
2276 513 2355 553 im-

172 597 433 644 peratorem.
477 586 588 641 quod
623 586 765 626 omnia
796 584 1040 640 supradicta
1071 583 1203 623 faciat
1234 581 1473 630 observari,
1513 595 1592 621 ncc
1625 585 1750 621 erunt
1780 581 1822 620 in
1855 580 2054 631 consilio,
2087 581 2198 635 quod
2229 585 2358 636 pacta
2411 596 2425 619 5

174 661 255 698 ista
288 657 561 710 aliquatenus
593 654 895 707 infringantur.

322 726 381 764 13.
415 723 571 763 Omnia.
602 735 703 762 vcro
742 726 871 776 pacta
901 721 986 761 ista
1018 719 1071 761 dc
1105 719 1237 760 verbo
1279 718 1332 759 ad
1364 718 1543 759 verbum
1576 717 1773 758 dominus
1806 718 2039 773 imperator
2071 717 2200 759 scribi
2232 716 2361 758 faciet

173 804 214 834 ot
245 793 417 833 domino
457 805 566 846 pape
608 790 867 845 significabit
897 793 941 831 et
983 789 1025 829 in
1064 788 1147 829 fine
1185 788 1427 829 litterarum
1460 787 1591 828 debet
1623 786 1817 827 dominus
1849 787 2081 841 imperator
2112 787 2359 841 promittere

173 862 343 902 domino
385 875 496 916 pape
539 864 580 900 et
621 859 930 909 cardinalibus,
974 857 1086 912 quod
1129 857 1273 897 omnia
1314 857 1398 897 ista
1437 856 1530 897 sine
1562 856 1674 896 malo
1714 855 1887 910 ingenio
1920 855 2053 896 faciet
2085 859 2128 897 et
2158 855 2360 910 legaliter

175 929 433 970 observabit.
497 928 554 969 Ut
587 932 730 968 autem
765 940 847 981 quc
882 940 937 967 ex
969 930 1091 981 parte
1126 925 1294 966 comitis
1318 924 1433 965 dicta
1466 927 1565 964 sunt
1587 924 1891 965 inviolabiliter
1914 924 2212 976 observentur,
2244 923 2357 964 idem
2396 936 2428 960 ιο

175 1012 317 1039 comcs
359 998 503 1037 statim
542 995 780 1050 assignabit
819 995 953 1035 filium
995 1008 1118 1034 suum
1157 994 1199 1033 in
1242 993 1437 1033 manibus
1477 992 1670 1046 magistri
1708 992 1860 1032 domus
1893 992 2246 1043 Teutonicorum,
2287 991 2364 1032 tali

174 1072 323 1107 tonorc
363 1065 497 1120 qnod.
537 1064 571 1104 si
606 1064 737 1104 vellet
777 1078 802 1103 a
839 1063 975 1117 pactis
1015 1063 1286 1117 aliquatenus
1328 1061 1516 1111 resilire,
1562 1060 1714 1101 domus
1747 1060 2081 1101 Teutonicorum
2124 1060 2364 1115 assignabit

178 1135 308 1175 filium
344 1134 531 1174 iamdicti
565 1132 730 1173 comitis
763 1131 936 1172 domino
969 1131 1217 1186 imperatori
1251 1131 1318 1171 vel
1351 1130 1443 1170 cius
1477 1130 1642 1172 nuntio.
1706 1128 1750 1169 Si
1783 1143 1887 1170 vero
1921 1129 2210 1183 contingeret,
2250 1128 2364 1183 quod

177 1203 358 1243 ccclesia
390 1202 583 1243 Romana
623 1201 746 1241 iuxta
785 1213 938 1255 proces
972 1199 1244 1254 imperatoris
1276 1199 1412 1239 nollet
1443 1198 1523 1239 hcc
1557 1211 1685 1253 super
1717 1212 1762 1238 sc
1799 1198 2014 1252 recipere,
2058 1197 2128 1238 vel
2159 1197 2358 1238 dominus

176 1273 408 1326 imperator
447 1285 471 1311 a
511 1270 648 1325 pactis
687 1268 932 1310 huiusmodi
971 1268 1178 1318 resiliret,
1222 1267 1375 1308 domus
1408 1266 1769 1308 Theutonicorum
1812 1266 2009 1307 restituet
2047 1266 2193 1307 comiti
2225 1266 2358 1307 filium
2398 1277 2430 1301 15

178 1355 314 1382 suum.
348 1344 389 1380 ct
422 1340 464 1379 in
498 1343 613 1379 statu
647 1352 724 1378 suo
757 1342 882 1379 crunt
914 1337 1058 1378 onmia
1089 1337 1200 1378 sicut
1232 1336 1365 1391 prius.

319 1408 415 1448 Dat.
450 1406 561 1462 apud
594 1407 843 1448 Pisum-iam.
876 1405 1018 1447 XXV.
1054 1405 1226 1459 Aprilis,
1260 1404 1505 1445 indictionis
1539 1403 1618 1443 XI.

323 1611 424 1652 419.
463 1609 794 1673 PROMISSIO
823 1607 1260 1650 IMPERATORIS
1288 1607 1600 1649 ROMANAE
1628 1606 1976 1649 ECCLESIAE
2001 1606 2219 1648 FACTA.

318 1692 391 1732 Ea:
432 1691 574 1732 iisdem
614 1690 798 1744 Reyestis
829 1689 911 1730 Vol.
934 1688 1014 1738 IV,
1037 1689 1091 1729 75
1124 1688 1217 1731 Lib.
1246 1687 1346 1738 VH,
1367 1689 1480 1729 228¹
1521 1687 1633 1728 dedit
1663 1686 1806 1737 Perta,
1847 1687 1966 1728 cuius
2002 1687 2231 1739 exemplari
2265 1697 2367 1727 usus

177 1764 235 1801 est
265 1761 318 1802 W
321 1760 563 1801 inlu-elmamz
595 1760 640 1800 m
669 1759 789 1800 Actis
829 1757 994 1810 imperii
1029 1757 1200 1797 ineditis
1231 1756 1268 1806 1,
1300 1768 1366 1797 nr.
1388 1756 1486 1797 256.
1554 1755 1756 1808 Conferas
1796 1756 1916 1796 velim
1946 1755 2160 1807 epistolam
2188 1755 2366 1808 impera·
2402 1777 2435 1802 20

178 1830 278 1869 loris
309 1829 412 1882 Apr.
434 1830 489 1869 24
529 1829 586 1869 ad
621 1828 852 1879 pontificem
890 1827 1031 1867 datam
1061 1826 1108 1866 ‘in
1138 1826 1273 1866 eodem
1309 1825 1415 1866 libro
1444 1825 1595 1866 editam
1626 1826 1662 1875 I,
1692 1825 1905 1867 227225132.
1949 1850 2003 1853 —
2043 1824 2235 1875 Bbhmer,
2266 1824 2367 1878 Ray.

183 1898 278 1948 imp.
307 1897 351 1947 Γ,
377 1898 496 1937 1486.
1989 1892 2060 1946 (Ρ.
2082 1893 2225 1944 deest.)

324 2021 603 2063 Sanctissimo
642 2022 751 2077 patri
790 2021 963 2062 domino
996 2020 1187 2062 Honorio
1221 2020 1302 2062 Dei
1340 2021 1481 2075 gratia
1514 2034 1681 2061 summo
1719 2019 1910 2075 pontifici
1942 2019 2011 2060 Fr.
2045 2019 2198 2062 eadem
2229 2019 2369 2074 gratia

183 2090 471 2131 Romanorum
504 2091 739 2147 imperator
771 2104 941 2145 semper
972 2094 1181 2144 augustus
1215 2094 1258 2131 et
1291 2103 1368 2130 rex
1392 2089 1538 2131 Sicilie
1573 2089 1760 2130 salutem
1793 2093 1836 2130 et
1868 2089 2156 2130 reverentiam
2179 2088 2366 2130 filialem.

325 2158 389 2200 Ea
420 2173 502 2214 que
536 2159 676 2200 comiti
709 2159 940 2200 Thomasio
972 2158 1026 2199 de
1059 2157 1237 2211 Celano,
1271 2157 1497 2213 Raynaldo
1519 2157 1572 2199 de
1594 2157 1766 2199 Aversa
1798 2162 1841 2199 et
1872 2157 2111 2199 fautoribus
2143 2171 2290 2199 eorum
2321 2157 2365 2198 in
2400 2175 2432 2200 25

182 2232 307 2282 paeto
348 2228 669 2283 compositionis
703 2227 901 2268 duximus
942 2227 1253 2282 promittenda,
1295 2228 1422 2282 plene
1455 2227 1677 2268 continent
1709 2227 1870 2282 scripta
1900 2230 2069 2279 nostra,
2110 2241 2192 2282 que
2227 2225 2368 2281 sigillo

182 2301 326 2336 nostro
359 2297 523 2337 munita
554 2297 803 2351 paternitati
836 2300 979 2337 vestre
1013 2296 1235 2351 dirigimus
1266 2295 1486 2348 intuenda,
1520 2310 1663 2337 coram
1697 2296 1926 2337 sanctitate
1952 2300 2095 2337 vestra
2118 2299 2162 2337 et
2183 2308 2364 2337 venera-

182 2364 340 2405 bilibus
380 2365 585 2406 fratribus
624 2366 799 2417 vestris,
842 2365 1129 2406 cardinalibus
1171 2369 1445 2407 sacrosancte
1483 2364 1677 2406 Romane
1720 2365 1905 2405 ecclesie
1944 2364 2178 2416 universis,
2218 2368 2368 2405 tenore

184 2434 446 2487 presentium
479 2433 794 2488 promittentes,
828 2433 942 2489 quod
966 2434 1118 2475 eadem
1149 2438 1290 2489 pacta,
1323 2448 1406 2489 que
1429 2435 1471 2474 in
1495 2433 1657 2475 eisdem
1682 2433 1854 2488 scriptis
1877 2433 2035 2474 nostris
2059 2433 2198 2487 sigillo
2222 2437 2369 2474 nostro

182 2502 359 2541 munitis
392 2503 583 2543 seriatim
616 2508 659 2544 et
692 2503 942 2558 expressius
975 2506 1073 2544 sunt
1113 2503 1295 2555 inserta,
1333 2503 1511 2544 firmiter
1542 2507 1585 2543 et
1624 2503 1823 2556 legaliter
1854 2502 2018 2556 absque
2051 2502 2161 2542 malo
2194 2501 2366 2556 ingenio
2404 2521 2438 2546 30

184 2570 470 2611 attendemus.

326 2638 426 2680 Dat.
458 2639 660 2683 Piscarie.
694 2640 838 2681 XXV.
873 2640 1051 2695 Aprilis,
1084 2640 1162 2683 XI.
1195 2640 1454 2681 indictionis

313 3045 443 3111 4520.
502 3042 1071 3112 FRIDERIOI
1114 3043 1206 3113 Π.
1249 3043 1734 3115 DONATIO
1780 3043 2241 3114 GAIETAE

653 3157 1166 3228 CONRADO
1210 3157 1510 3229 FILIO
1555 3158 1910 3228 FACTA.

1122 3281 1265 3328 1233.
1302 3281 1441 3327 Mart.
2406 3294 2437 3320 ³⁵
2479 3247 2502 3279 ³
2524 3253 2533 3342 J

333 3419 611 3461 Arlln'lmimus
647 3422 687 3476 1)
719 3425 1017 3464 ίναηςεῑιοηίηπι
1039 3424 1316 3477 Luydzmmzse
1343 3439 1383 3466 (ι.
1409 3424 1518 3465 1245
1540 3425 1769 3472 armatum,
1800 3422 1909 3475 quod
1927 3425 2168 3464 asservatur
2188 3423 2234 3463 in
2256 3422 2372 3463 tabu-

190 3486 296 3526 lario
334 3486 551 3537 Vatinius),
588 3491 709 3530 Arm.
738 3491 766 3532 I
801 3504 832 3533 e.
858 3491 903 3531 X
937 3504 1004 3532 mn
1027 3495 1075 3542 3;
1117 3493 1289 3533 eontulit
1324 3493 1390 3533 vir
1427 3493 1466 3534 d.
1499 3493 1639 3543 Ram-,-
1686 3480 1736 3547 2),
1769 3491 1943 3531 codicem
1981 3490 2229 3531 Parisiamm
2261 3491 2372 3530 8990

188 3566 287 3594 save.
325 3555 504 3596 XVIII.
546 3558 810 3611 apoyraplzon
852 3559 1098 3601 Rotulormn
1144 3560 1482 3602 Clmziacmzsimn
1527 3561 1796 3602 continentem
1833 3559 1947 3612 (Rot.
1983 3559 2076 3612 VJ.)
2114 3559 2159 3599 ²722
2197 3558 2373 3599 editione

331 3681 363 3713 1³
393 3680 445 3721 Cf.
474 3680 679 3724 Rodenberq
704 3683 732 3725 J,
758 3693 812 3718 vr.
832 3688 904 3718 223.
1022 3686 1057 3726 2)
1086 3685 1138 3728 Cf.
1164 3685 1246 3719 ibid.
1271 3696 1325 3720 mn
1345 3690 1424 3726 221;
1450 3685 1600 3720 Bo'hmm·
1625 3684 1665 3727 V,
1687 3688 1780 3718 1484.
