2558 3970
617 173 827 208 OTTONIS
856 174 915 207 lV.
942 174 1370 209 CONST1TU'1‘10NEs.
1423 176 1520 209 1‘2010.
1563 176 1658 209 1210.
1711 176 1770 209 Nr.
1790 178 1843 210 34.
1871 180 1924 211 35.
2315 187 2367 222 43

894 431 987 499 34.
1042 429 1639 502 PROMISSIO

362 532 504 603 DE
558 531 1342 604 SACRAMENTIS
1400 534 2170 608 OBSERVANDIS.

1098 657 1238 704 1209.
1279 662 1384 705 Oct.
1413 659 1458 705 4.

308 801 438 844 Ded-it
470 802 533 843 vir
563 801 602 844 cl.
629 801 765 854 Tanql
796 816 815 843 e
846 800 1033 855 Reyistri
1064 801 1302 843 [morentii
1335 804 1426 845 III.
1461 807 1551 846 tom.
1593 804 1659 851 VI,
1694 805 1871 859 snt-13¹
1905 822 1962 858 ep.
1992 809 2073 849 193
2104 810 2183 859 (ep.
2210 811 2291 849 192
2325 811 2365 849 iu

110 883 125 907 ⁵
161 871 315 924 editis).
349 896 403 901 —
433 870 630 921 Belemer,
666 870 763 923 Req.
799 871 892 925 imp.
927 869 972 919 V,
996 872 1092 911 301.
2013 875 2083 925 (P.
2106 880 2224 930 218.)

307 1009 409 1051 Otto
443 1009 525 1051 Dei
557 1009 700 1064 gratia
732 1008 1028 1049 Romanorum
1063 1023 1140 1050 rex
1175 1014 1218 1050 et
1250 1024 1423 1065 semper
1455 1016 1676 1065 augustus.
1742 1012 1900 1053 Notum
1937 1015 2027 1054 fieri
2055 1015 2249 1056 volumus
2274 1017 2365 1056 uni-

162 1079 297 1120 versis
340 1083 588 1134 presentem
636 1078 837 1134 paginam
880 1078 1161 1120 intuentibus.
1208 1078 1321 1134 quod
1365 1093 1441 1120 nos
1487 1080 1729 1121 iuramenta
1768 1083 2014 1123 securitatis
2050 1084 2368 1125 venerabilibus

162 1147 356 1204 patribus
399 1149 569 1197 nostris,
614 1147 869 1188 Innocentio
908 1161 1020 1202 pape
1061 1152 1103 1188 et
1142 1148 1433 1189 cardinalibus
1477 1154 1624 1190 sancte
1668 1149 1861 1191 Romano
1904 1153 2101 1203 ecclesie,
2144 1158 2185 1193 et
2230 1168 2367 1195 rerum

163 1216 351 1272 ipsorum
384 1221 427 1258 et
460 1217 590 1257 totius
623 1217 769 1272 populi
803 1215 985 1256 Romani
1019 1217 1059 1256 in
1095 1218 1372 1258 coronatione
1408 1224 1564 1258 nostra.
1600 1219 1700 1259 illue
1733 1219 1885 1262 eundo.
1921 1221 1974 1261 ibi
2010 1222 2161 1262 stando
2198 1228 2238 1263 et
2271 1223 2366 1263 inde

94 1300 126 1325 ιο
163 1285 400 1335 redeundo,
445 1299 528 1341 que
559 1285 789 1340 principes,
830 1285 1021 1334 comites,
1063 1285 1263 1337 barones,
1310 1287 1476 1327 nobiles
1511 1292 1553 1327 et
1593 1287 1664 1327 alii
1699 1288 1862 1343 imperii
1899 1289 2048 1331 fideles
2083 1290 2134 1330 do
2168 1291 2367 1331 mandato

163 1358 310 1396 nostro
345 1359 387 1396 et
417 1355 459 1395 in
491 1359 639 1396 nostra
671 1354 867 1395 fecerunt
900 1355 1135 1409 presentia,
1170 1360 1264 1396 rata
1296 1355 1507 1397 habemus
1542 1360 1584 1396 et
1618 1371 1682 1399 ea.
1719 1358 1955 1398 secundum
1990 1359 2102 1413 quod
2138 1360 2176 1399 in
2210 1360 2367 1414 scripto

163 1422 412 1465 distinctum
461 1428 504 1465 et
548 1423 663 1465 bona
709 1422 790 1464 fide
832 1424 1050 1477 utrimque
1097 1427 1161 1464 est
1202 1424 1483 1472 intellectum,
1534 1439 1611 1466 nos
1646 1426 1953 1467 observaturos
2000 1429 2291 1482 promittimus
2325 1434 2367 1469 et

161 1492 340 1534 firmiter
370 1498 413 1535 et
444 1492 752 1535 inviolabiliter
783 1493 994 1534 faciemus
1027 1492 1262 1534 observari.

306 1561 469 1603 Datum
503 1563 544 1602 in
579 1563 734 1603 castris
769 1563 809 1602 in
842 1562 989 1602 Monte
1022 1562 1151 1613 Malo,
1187 1562 1290 1603 llll.
1325 1562 1433 1605 Non.
1469 1564 1621 1604 octob.
1657 1565 1890 1607 indictione
1924 1565 2050 1607 Xlll.

0 1976 124 2105 [1⁵
217 1997 310 2066 35.
355 1996 448 2066 36.
504 1993 1046 2065 MANDATA
1098 1993 1544 2066 CONTRA
1599 1995 2307 2068 HAERETICOS.

1058 2119 1202 2166 1210.
1241 2119 1382 2167 Mart.
1414 2119 1492 2166 25.

268 2263 340 2306 35.
378 2262 756 2307 MANDATUM
786 2263 1027 2306 CONTRA
1058 2263 1457 2307 HAERETICOS
1489 2264 1985 2306 FERRARIENSES.
2034 2264 2168 2308 Mart.
2191 2268 2258 2307 25.

303 2345 433 2389 Dedit
452 2345 771 2399 Homer-quer
793 2359 844 2387 ex
864 2345 1102 2400 apoyraplzo
1124 2346 1329 2387 tabularii
1350 2346 1455 2399 regii
1474 2345 1735 2387 Mutinensis
1756 2346 1861 2398 sisyn.
1880 2345 1921 2387 A
1940 2346 1997 2386 42
2019 2357 2119 2387 sace.
2143 2345 2280 2387 XIII.
2301 2346 2369 2394 in„

160 2417 269 2470 qnod
297 2416 551 2470 neyliyenter
581 2418 618 2457 et
646 2414 820 2469 fuyitive
852 2415 1003 2456 litteris
1027 2414 1123 2470 fere
1154 2415 1332 2456 cursivis
1363 2418 1583 2458 exaratum
1615 2418 1674 2455 est
1708 2415 1751 2454 in
1784 2415 1873 2455 lora
1907 2414 2228 2464 membranacea,
2263 2428 2367 2466 qmw

92 2506 125 2532 20
162 2486 246 2527 tria
271 2485 495 2542 foramina
523 2485 709 2538 yennina
733 2484 918 2537 praebet.
980 2483 1138 2525 Eodem
1171 2487 1275 2525 certe
1306 2483 1547 2537 apoqrapho
1578 2496 1680 2525 usus
1699 2486 1758 2524 est
1779 2483 2049 2524 lisze-aterius
2071 2483 2369 2535 ‘Antiquitates

160 2555 328 2598 Italiae’
359 2554 405 2606 V,
426 2555 494 2596 89.
555 2554 791 2607 Epistolam
830 2555 1078 2608 encyclicam
1113 2552 1252 2608 fnisse
1283 2557 1320 2595 ct
1351 2553 1490 2604 edicto,
1532 2553 1641 2606 qnod
1671 2552 1918 2594 Fridericus
1950 2551 1987 2592 Ι.
2019 2567 2058 2592 (ι.
2083 2553 2193 2592 1184
2225 2554 2368 2591 eontra

160 2624 384 2666 haereticos
413 2624 560 2674 emisit,
591 2623 732 2665 nisam
763 2635 847 2665 esse
879 2623 1168 2666 contenderim.
1202 2648 1256 2652 —-
1286 2622 1482 2674 Belimer,
1513 2623 1613 2676 Rea.
1638 2623 1734 2674 imp.
1768 2621 1812 2672 V,
1831 2622 1927 2662 362.
2018 2619 2088 2674 (P.
2111 2620 2254 2669 deest.)

306 2762 409 2804 Otto
453 2766 658 2817 quartus³
701 2761 785 2803 Dei
827 2762 967 2817 gratia
1006 2760 1304 2803 Romanorum
1349 2762 1572 2817 inperator
1611 2764 1654 2802 et
1694 2772 1863 2814 semper
1895 2759 2144 2813 augustusb.
2207 2756 2366 2798 Notum

163 2846 259 2874 esse
300 2832 500 2874 volumus
546 2831 759 2872 universis
803 2831 1004 2872 fidelibus
1049 2831 1244 2886 imperiic
1283 2830 1561 2886 presentibus
1604 2833 1647 2871 et
1686 2829 1856 2879 futuris,
1899 2827 2012 2883 quod
2056 2841 2133 2868 nos
2175 2826 2368 2867 volentes

39 2908 41 2911 ’
93 2920 126 2945 25
162 2900 388 2943 intendere
429 2900 755 2943 conservacioni
797 2904 840 2941 et
877 2903 1112 2955 augmento
1153 2899 1388 2941 christiane
1428 2899 1652 2954 religionis
1695 2897 1748 2938 ad
1788 2897 1996 2938 honorem
2029 2896 2112 2937 Dei
2146 2900 2187 2936 et
2219 2898 2366 2935 sancte

163 2970 425 3012 universalis
457 2970 643 3012 ecclesie
676 2969 905 3011 statuimus
938 2973 981 3010 et
1012 2968 1253 3024 perpetuod
1286 2968 1427 3010 edicto
1460 2968 1691 3018 sancimus,
1725 2980 1873 3007 omnes
1904 2965 2121 3006 hereticos
2144 2963 2368 3005 Ferrarie⁰

165 3044 499 3091 commorantes,
531 3038 772 3080 Patarenos
805 3038 897 3080 sive
922 3037 1110 3090 Oacaros
1142 3038 1212 3079 vel
1245 3051 1516 3093 quocumque
1552 3037 1635 3078 alio
1667 3036 1842 3076 nomine
1874 3038 2120 3083 censentur,
2153 3031 2366 3087 imperiali

164 3109 309 3150 banno
344 3107 602 3161 subiaceref,
635 3108 718 3149 nisi
751 3106 806 3148 ad
837 3107 1048 3148 unitatem
1072 3106 1256 3148 ecclesie
1281 3105 1519 3148 secundum
1550 3104 1800 3146 mandatum
1823 3102 2140 3144 Ferrariensise
2175 3100 2366 3156 episcopi

164 3181 485 3230 convertantur,
517 3180 561 3218 et
590 3190 676 3228 eos,
711 3178 782 3232 qui
808 3175 1034 3218 iamdictos
1057 3175 1274 3217 hereticos
1298 3176 1342 3217 in
1365 3176 1454 3217 suis
1478 3174 1677 3216 domibus
1710 3172 1953 3227 receperint
1977 3171 2045 3213 vel
2069 3184 2144 3212 eos
2165 3169 2369 3225 publiceg

95 3264 129 3290 ³⁰
163 3248 234 3289 vel
263 3247 465 3303 privatim
497 3246 851 3287 manutenuerint
882 3246 952 3286 vel
994 3244 1056 3286 eis
1088 3245 1341 3286 conscilium
1386 3244 1582 3285 dederint
1614 3243 1683 3284 vel
1716 3242 1929 3282 iuvamen.
1991 3239 2102 3281 Item
2137 3238 2364 3279 statuimus

165 3319 209 3357 et
238 3319 451 3371 perpetuo
485 3315 716 3367 sancimus,
751 3314 866 3370 quod
899 3314 1043 3356 omnia
1067 3328 1216 3356 eorum
1250 3314 1424 3355 mobilia
1447 3318 1490 3354 et
1512 3311 1753 3353 immobilia
1773 3310 2071 3365 publicentur;
2105 3312 2147 3348 et
2171 3304 2365 3356 domush,

165 3397 248 3440 que
290 3383 424 3425 nunci
463 3383 687 3425 destructe
730 3387 842 3435 sunt,
884 3387 928 3424 et
966 3396 1116 3424 eorum
1155 3382 1319 3434 domus,
1362 3383 1406 3423 in
1439 3381 1593 3436 quibus
1636 3377 1862 3421 steterintk
1894 3378 1962 3419 vel
1995 3377 2170 3417 inantea
2200 3373 2364 3429 recepti

166 3452 328 3494 fuerint
358 3453 430 3495 vel
463 3466 509 3494 se
543 3452 915 3508 congregaverint,
949 3451 1241 3504 destruantur,
1276 3456 1318 3493 et
1349 3451 1531 3492 ulterius
1560 3463 1644 3491 non
1674 3449 1805 3490 liceat
1835 3447 1964 3489 alicui
1988 3459 2059 3487 eas
2083 3443 2365 3485 reedifficare.

301 3589 364 3625 35·
396 3589 427 3634 ιὓ)
451 3591 623 3634 inperator
647 3590 728 3624 add.
753 3590 814 3624 sed
842 3590 908 3624 del.
935 3601 961 3623 e.
1081 3588 1114 3632 b)
1139 3592 1184 3632 ag
1210 3601 1237 3623 c.
1357 3588 1385 3628 ⁰)
1411 3587 1532 3631 imperi
1557 3598 1583 3620 c.
1679 3584 1710 3627 d)
1737 3594 1833 3628 ppuo
1862 3596 1886 3617 c.
1984 3581 2014 3626 θ)
2039 3563 2086 3615 fr‘l
2103 3593 2129 3615 c.
2224 3578 2256 3621 f)
2283 3579 2363 3612 sub-

15 3643 29 3682 }
96 3653 128 3680 ³5
165 3648 287 3681 iacet&
312 3659 339 3681 c.
480 3647 515 3689 8)
540 3648 677 3692 plubice
701 3659 728 3681 c.
868 3645 904 3689 ¹¹)
930 3647 1045 3680 domos
1070 3658 1097 3680 c.
1238 3644 1262 3686 i)
1287 3646 1333 3679 HE
1358 3656 1383 3678 e.
1516 3643 1550 3685 k)
1576 3643 1632 3675 vel
1655 3653 1689 3675 se
1714 3641 1997 3685 congregaverint
2021 3640 2062 3672 de
2085 3639 2156 3671 iam
2181 3637 2211 3670 72.
2231 3637 2253 3669 l.
2281 3636 2363 3668 add.

8 3700 36 3732 -'''·⁷
165 3705 225 3739 sed
249 3705 316 3739 del.
342 3717 368 3738 c.

19 3738 34 3773 k
2047 3757 2089 3790 5*

0 3780 53 3970 ἦ
112 3824 115 3827 ,
