2558 3970
76 935 108 960 10

684 143 899 179 CONRADI
926 143 986 178 IV.
1012 143 1443 180 CONSTITUTIONES.
1494 145 1594 179 1254.
1645 144 1706 179 Nr.
1724 144 1803 180 345.
2259 150 2340 189 453

481 187 506 205 Ο

139 262 256 302 misit
288 261 330 302 in
363 260 555 311 homine,
597 261 719 302 iuxta
752 261 816 302 sui
849 260 1186 317 disposicionem
1220 260 1384 302 arbitrii
1418 261 1546 302 liceat
1581 275 1806 302 revocare.
1854 261 2032 317 expedit
2066 276 2191 317 reges
2225 262 2341 303 orbis

141 334 184 371 et
225 330 442 386 principes
484 333 527 372 et
559 330 777 385 quoslibet
814 330 921 371 alios
960 329 1242 370 orthodoxam
1286 330 1414 372 fidem
1456 331 1714 372 catholicam
1748 331 2002 372 excolentes
2037 331 2097 372 sic
2130 335 2267 372 metas
2300 336 2343 371 et

142 399 347 440 terminos
380 398 546 439 dierum
579 412 751 440 suorum
786 399 970 440 sollicita
1002 398 1264 454 pensacione
1298 399 1522 441 attendere
1556 400 1702 454 sicque
1736 414 1908 456 semper
1940 415 2037 441 esse
2071 405 2259 457 paratos,
2293 406 2340 441 ut

144 471 275 509 exuto
316 467 455 508 carnis
495 468 712 522 ergastulo
746 471 788 508 et
820 467 936 522 digni
970 467 1244 508 inveniantur
1276 481 1330 509 ex
1364 481 1516 524 opere,
1561 473 1603 509 et
1635 483 1783 509 eorum
1817 468 2002 510 discreta
2034 474 2077 509 et
2109 469 2339 511 laudabilis

143 536 232 578 vita
273 540 369 592 post
401 541 582 578 mortem
624 550 701 577 nec
735 550 818 577 non
852 540 895 577 et
926 535 1158 592 disposicio
1203 537 1404 578 salutaris
1443 537 1820 593 superviventibus
1861 537 1987 579 fldem
2022 539 2175 582 faciat.
2216 544 2259 580 et
2291 540 2344 580 sit

143 606 418 662 presentibus
452 606 672 648 laudabile
705 607 1001 648 testimonium
1026 611 1070 648 et
1091 606 1207 647 utilis
1227 606 1436 648 memoria
1462 606 1719 648 futurorum.
1772 606 1878 649 Inde
1903 613 1970 649 est
1993 608 2104 663 quod
2129 622 2204 649 nos
2229 607 2342 649 Con-

143 675 272 717 radus
303 675 448 716 divina
478 675 652 717 favente
685 676 922 717 clemencia
955 675 1247 716 Romanorum
1284 676 1324 716 in
1358 690 1505 731 regem
1540 676 1707 717 elec-tus
1741 690 1912 731 semper
1945 683 2181 732 augustus.
2220 677 2341 718 Ieru-

143 745 277 786 salem
312 748 355 785 et
389 743 534 785 Sicilie
567 759 644 786 rex
679 758 823 786 casum
857 744 1046 785 humane
1079 749 1232 785 nature
1266 749 1366 786 anto
1392 745 1550 786 mentis
1574 749 1723 786 nostre
1750 745 1897 786 oculos
1923 746 2209 793 revolventes,
2244 747 2345 787 licet

142 812 390 854 infirmitate
423 814 604 868 gravati,
639 814 731 855 sani
765 817 909 854 tamen
944 818 1102 857 mente.
1137 814 1312 869 linguat·
1346 819 1389 855 et
1422 815 1631 856 memoria
1664 819 1883 870 compotes
1917 820 2000 856 etc.

280 927 367 963 345.
401 929 433 970 ¹²)
460 929 555 973 ligna
583 929 611 962 1.
