2558 3970
598 207 692 241 PAX
720 207 962 242 DlOECESlS
990 207 1322 243 MOGUNTlNAE
1350 209 1631 244 llllENlCNSlS.
1684 212 1780 245 12⁶5.
1832 211 1990 246 Nun-1.
2311 217 2385 253 (511

195 322 335 363 dictus
359 322 546 368 Bircule,
571 322 849 364 Hermannus
874 324 1039 378 Spigol.
1064 323 1303 364 Ludulfust·
1328 326 1600 369 nnn-scalcus.
1628 326 1836 367 liudolfus
1860 327 1912 367 ‹le
1939 327 2211 370 sianum-dia.
2238 327 2393 368 Helias

193 391 247 433 de
280 391 385 433 Asle
419 397 462 432 et
493 392 656 433 Albero
689 391 741 433 de
771 390 990 436 Welledc,
1025 393 1205 434 milites:
1240 408 1292 434 ex
1328 400 1451 449 parte
1486 409 1586 435 vero
1620 396 1754 435 nostri
1790 395 1845 436 11.
1881 396 2106 449 lantgravii
2142 397 2203 436 vir
2237 396 2389 437 nobilis

192 461 402 502 Albertus
446 475 592 503 comes
639 461 692 503 de
726 460 1035 511 WValdensten,
1083 462 1160 502 viri
1211 462 1377 503 nobiles
1419 463 1523 503 Giso
1562 470 1605 504 et
1640 463 1759 505 &Vein
1804 465 1955 505 fratres
2001 465 2054 506 dc
2095 464 2394 518 Gudensberg,

193 530 409 572 Iohannes
453 530 506 571 de
551 530 842 586 Helfenberg,
885 529 991 571 Giso
1037 530 1089 571 de
1120 529 1395 585 Gudenburg
1437 539 1479 572 et
1513 532 1728 573 llenrieus
1769 533 1821 574 de
1856 533 2178 580 Blumenstens,
2225 534 2393 575 milites.

141 613 155 636 5
194 600 256 654 (3)
289 598 372 646 Qui
403 604 629 655 postquam
663 600 765 655 ipsis
799 600 970 655 questio
1003 599 1131 640 fuerit
1164 600 1373 643 intimata.
1408 601 1518 641 infra
1551 601 1812 656 quindenam
1848 603 1888 642 in
1923 603 1992 644 dic
2028 609 2070 644 et
2105 604 2195 644 loco
2219 618 2392 658 compe-

193 669 302 711 tenti
334 669 611 719 convenient,
646 668 848 710 sedantes
882 668 1065 710 eandem
1099 670 1369 723 questionem
1405 670 1445 710 in
1481 671 1677 711 amicicia
1711 672 1776 711 vel
1812 672 1851 712 in
1887 673 1993 713 iure.
2114 672 2179 727 (4¹)
2214 673 2258 713 δί
2292 687 2394 712 vero

193 738 425 793 dampnum
467 739 558 779 sive
603 738 788 793 spolium
833 738 996 778 factum
1029 738 1157 777 fuerit
1191 737 1289 778 hinc
1324 738 1389 778 vel
1426 738 1523 778 inde
1557 744 1600 779 ot
1634 739 1715 781 hii.
1758 741 1826 794 qui
1861 740 2091 796 dampnum
2130 742 2395 787 sustulerint,

192 807 534 864 proclamatione
577 805 723 848 debita
760 806 920 847 fuerint
958 806 1234 861 subsequuti.
1279 808 1604 847 communicatis
1648 809 1821 849 auxiliis
1863 810 2000 865 ipsum
2035 810 2268 866 dampnum
2304 811 2393 851 sive

192 877 376 934 spolium
414 880 676 932 repetemus,
797 876 859 930 (5)
899 875 967 916 Ad
1009 876 1088 917 hec
1122 877 1155 916 si
1190 876 1284 931 quis
1317 876 1647 932 dampnificatus
1694 878 1805 919 bona
1840 880 1918 920 sibi
1954 880 2099 920 ablata
2133 880 2394 931 obligaverit

123 958 156 982 1⁰
190 947 263 988 inss
293 945 461 987 iudiciis
494 945 653 986 nostris
686 949 729 986 et
767 945 833 985 ius
876 945 956 986 sibi
996 946 1090 987 fieri
1134 946 1441 1000 postulaverit,
1485 961 1559 987 nos
1595 947 1810 989 Heni-icus
1854 949 2121 1003 lantgravius
2156 949 2393 990 secundum

189 1016 347 1057 famam
381 1015 641 1070 spoliatoris,
674 1027 756 1069 que
790 1015 833 1055 in
866 1015 1033 1070 vulgari
1068 1015 1234 1056 lumunt
1267 1015 1435 1062 dicitur,
1471 1022 1513 1056 et
1547 1030 1624 1056 nos
1658 1016 1700 1057 S.
1734 1018 1967 1073 episcopus
1993 1018 2393 1059 l’adcrburncnsish

189 1084 424 1127 secundum
464 1083 824 1125 consuetudinem
867 1088 910 1124 et
951 1085 1015 1124 ius
1057 1088 1171 1124 terre
1212 1089 1358 1124 nostre
1403 1086 1683 1140 conquerenti
1726 1087 1934 1128 faciemus
1979 1088 2149 1143 plenam
2184 1088 2394 1128 iusticiam

189 1154 400 1197 exhiberi.
520 1152 584 1208 (6)
627 1151 831 1194 Ceterum
873 1152 1056 1208 predicti
1098 1153 1265 1194 nobiles
1311 1159 1353 1194 et
1395 1153 1554 1195 milites
1597 1169 1744 1195 omncs
1778 1157 2028 1210 questiones
2063 1157 2262 1197 subortas
2297 1163 2396 1197 ante

189 1223 560 1266 consumationem
598 1221 723 1262 huius
763 1222 882 1277 pacis
924 1223 1186 1278 competenti
1231 1223 1324 1263 loco
1364 1227 1407 1264 et
1447 1228 1643 1279 tempore
1686 1224 1888 1266 decident
1932 1227 1972 1266 in
2014 1226 2209 1266 amicicia
2242 1227 2309 1266 vcl
2352 1226 2394 1266 in

120 1303 151 1328 ¹⁵
189 1295 281 1336 iure
315 1298 359 1336 et
389 1292 514 1334 dictis
551 1292 742 1348 ipsorum
782 1292 1004 1347 parebitur
1043 1293 1282 1348 utrobique.
1403 1293 1464 1346 (7)
1500 1294 1544 1333 δί
1579 1294 1674 1348 quis
1708 1298 1853 1335 autem
1888 1295 2077 1350 ipsorum
2112 1309 2165 1336 ex
2200 1295 2394 1336 necessi-

188 1368 277 1406 tate
309 1363 378 1404 vel
412 1362 660 1403 infirmitate
694 1361 854 1403 absens
886 1362 1036 1413 fucrit,
1069 1376 1147 1417 per
1179 1362 1288 1403 alios
1322 1362 1627 1403 nichilominus
1660 1364 1831 1418 questio
1865 1363 2102 1406 decidatur.
2167 1365 2212 1405 δί
2246 1369 2390 1404 autem

188 1433 284 1489 quis
307 1431 561 1483 decesserit,
587 1431 697 1473 alter
720 1445 830 1486 eque
854 1431 1008 1486 dignus
1033 1431 1323 1472 substituetur
1347 1431 1503 1481 eidem,
1529 1431 1701 1487 quando
1726 1433 1855 1474 fuerit
1879 1434 2126 1489 requisitus.
2209 1434 2274 1487 (8)
2306 1433 2396 1474 Nos

188 1501 408 1544 Arnoldus
440 1501 703 1542 marscalcus
737 1500 968 1542 Westfalie
1002 1502 1174 1542 nomine
1208 1501 1470 1542 venerabilis
1505 1501 1664 1543 domini
1700 1503 1834 1543 nostri
1871 1502 2147 1545 Coloniensis
2181 1502 2395 1558 archicpi-

188 1572 308 1628 scopi
340 1576 384 1614 et
415 1585 492 1612 nos
525 1570 738 1612 Ludolfus
772 1584 918 1611 comes
952 1569 1005 1612 de
1030 1570 1218 1612 Dassele
1251 1576 1294 1612 ct
1318 1570 1543 1612 Conradus
1578 1571 1733 1612 nobilis
1772 1571 1825 1613 de
1851 1571 2134 1628 Sconcnbcrg
2155 1572 2395 1628 predictam

115 1655 149 1682 20
186 1655 339 1698 pacem
370 1641 413 1682 in
446 1640 645 1682 omnibus
678 1639 893 1689 articulis,
935 1639 1174 1682 secundum
1207 1640 1319 1696 quod
1353 1641 1551 1696 superius
1584 1646 1651 1682 est
1684 1641 1948 1696 predictum,
1994 1641 2077 1683 fide
2113 1642 2397 1698 corporaliter

186 1711 368 1768 prestita
399 1710 676 1766 promisimus
708 1708 1016 1751 inviolabiliter
1048 1709 1296 1752 observare.
1417 1709 1476 1751 Ut
1507 1714 1653 1752 autem
1687 1710 1767 1752 hec
1800 1711 1943 1752 omnia
1969 1711 2198 1753 obtineant
2229 1711 2392 1752 roboris

186 1781 446 1831 firmitatem,
479 1793 661 1835 presens
696 1780 906 1835 scriptum
939 1779 1094 1834 sigillis
1128 1780 1290 1821 nostris
1323 1779 1527 1821 fecimusi
1558 1781 1827 1822 communiri.

330 1851 488 1892 Actum
522 1853 566 1891 et
597 1849 683 1892 dat.
714 1850 757 1890 in
790 1863 941 1905 campo
975 1849 1089 1905 apud
1122 1848 1347 1905 Elsingen,
1381 1864 1492 1890 anno
1526 1848 1702 1891 Domini
1737 1849 1964 1890 millesimo
1997 1848 2209 1891 OOLXV.
2247 1850 2390 1892 XVll.

188 1919 345 1962 Kalen.
379 1920 513 1976 April.

119 2293 152 2319 2⁵
391 2262 522 2331 444.
575 2258 791 2330 PAX
847 2257 1411 2330 DIOEOESIS
1461 2256 2201 2329 MOGUNTJNAE

972 2373 1622 2447 RHENENSIS.

1093 2515 1236 2562 1265.
1275 2513 1387 2560 Mai.
1421 2512 1494 2559 15.

332 2658 553 2702 Dedcrzmt
590 2673 641 2700 ex
685 2658 941 2712 autoqrapho
986 2657 1192 2699 tabularii
1235 2657 1418 2698 civitatis
1453 2654 1770 2699 Wctzlarc'cnsis
1807 2652 1990 2694 Bc'ltmcr
2031 2650 2184 2693 ‘Cocles
2224 2650 2394 2690 Moeno-

183 2728 552 2786 francofurtanus’
576 2731 659 2769 134
695 2729 790 2783 (sub
820 2728 886 2769 die
911 2727 1029 2782 falso
1060 2727 1169 2768 Mat.
1195 2728 1253 2781 6),
1291 2726 1426 2768 Saum·
1465 2724 1620 2767 ‘Codex
1656 2723 1948 2776 defflomatlcus
1979 2719 2216 2761 Nassoe'cus’
2251 2719 2287 2769 J,
2309 2721 2394 2759 447

117 2813 151 2839 30
186 2812 252 2841 nr.
275 2799 371 2850 757,
409 2798 577 2840 Reimcr
615 2798 869 2840 ‘Hessisclaes
907 2796 1253 2839 Urkmzdenbuch’
1288 2796 1354 2846 II,
1386 2799 1478 2837 tom.
1498 2796 1534 2846 I,
1557 2796 1642 2836 :294
1680 2807 1744 2835 nr.
1769 2795 1866 2842 401,
1906 2804 2081 2844 quorum
2119 2791 2255 2830 textus
2285 2789 2396 2829 inter

184 2881 226 2910 se
256 2869 424 2910 collatos
454 2869 688 2920 repetimus.
749 2866 816 2909 De
847 2866 1040 2908 tredecim
1071 2866 1243 2919 sigillis,
1276 2880 1382 2918 quac
1413 2866 1512 2907 olim
1541 2862 1845 2916 appendebant,
1878 2860 1993 2901 modo
2025 2862 2110 2900 octo
2141 2872 2267 2910 caque
2295 2858 2394 2910 plus

184 2938 325 2980 minus
355 2937 470 2979 laesa
499 2940 665 2979 servata
696 2939 816 2978 sunt:
857 2935 1171 2987 archicpiscopi,
1215 2934 1426 2986 (r'otcs'rz'dc'
1456 2934 1504 2975 dc
1535 2932 1760 2985 Eppstcz'm
1800 2929 1993 2981 Philippa·
2024 2928 2073 2968 dc
2104 2926 2394 2975 Rellcenstem,

192 3006 414 3050 Wer‘nhcri
435 3007 484 3048 cle
500 3007 788 3056 Falkenstcim
812 3006 1027 3047 civitatum
1051 3004 1306 3057 Frcmlcfurt,
1330 3004 1570 3056 Frieczbmy,
1596 3002 1792 3049 vlsetzlar,
1815 2998 2097 3039 Gelnleansen.
2122 3020 2174 3024 —
2198 2995 2394 3045 Bolum,

188 3075 290 3130 Rey.
323 3076 421 3132 imp.
454 3075 499 3126 V,
524 3077 680 3117 11976.
864 3090 888 3101 >·
2011 3065 2083 3118 (P.
2105 3064 2249 3115 deest.)

118 3218 150 3243 3⁵
330 3202 382 3243 In
424 3203 597 3243 nomine
629 3201 803 3243 Domini
846 3215 986 3242 amen.
1106 3200 1172 3256 (1)
1210 3199 1307 3240 Hec
1353 3203 1420 3239 est
1463 3199 1601 3239 forma
1645 3197 1784 3237 iurate
1826 3195 1961 3250 pacis.
2023 3193 2236 3234 Dominus
2269 3191 2390 3234 VVer.

187 3271 543 3327 archiepiscopus
567 3272 861 3327 Maguntinus,
885 3271 1050 3312 nobiles
1077 3271 1156 3311 viri
1180 3268 1407 3310 Gotfridus
1433 3267 1486 3308 de
1510 3265 1782 3322 Eppenstein
1806 3265 1966 3313 senior,
1990 3262 2223 3303 Heinricus
2246 3275 2391 3302 comes

186 3340 240 3382 de
270 3340 508 3392 Wilnowe,
549 3340 829 3383 Reinhardus
868 3340 921 3381 de
952 3340 1228 3395 Hagenowe,
1271 3338 1349 3380 Ph.
1383 3337 1436 3378 de
1471 3335 1780 3385 Valkenstein,
1821 3333 1901 3373 Ph.
1937 3337 1979 3373 ct
2012 3330 2283 3372 Wernherus
2316 3331 2391 3372 filii

187 3411 274 3463 sui,
315 3410 564 3452 Gerhardus
596 3410 736 3451 iunior
767 3410 819 3451 de
851 3410 1146 3465 Eppenstein,
1190 3408 1383 3458 sculteti,
1429 3405 1628 3455 officiati,
1674 3403 1838 3444 scabini
1872 3407 1914 3441 et
1946 3400 2254 3441 universitates
2287 3401 2390 3440 civi-

186 3483 322 3520 tatum
355 3479 409 3521 de
441 3479 753 3531 Frankenford,
787 3479 1045 3534 Vrideberg,
1080 3477 1311 3519 XVetflaria
1345 3481 1388 3517 et
1421 3475 1473 3516 de
1508 3473 1817 3529 Geylenhusen
1851 3471 2148 3526 promiserunt
2184 3469 2267 3510 fide
2292 3469 2390 3510 data

119 3562 154 3587 40
190 3552 234 3589 et
264 3547 553 3603 prestiterunt
586 3548 808 3604 corporale
842 3552 1159 3588 sacramentum
1193 3551 1236 3586 et
1270 3546 1385 3586 idem
1417 3544 1614 3585 fecerunt
1646 3542 1839 3582 homines
1872 3545 1915 3580 et
1951 3544 2195 3580 castrenses
2221 3552 2388 3580 eorum:

324 3673 412 3710 443.
443 3674 475 3716 θ)
500 3686 589 3708 corr.
615 3687 632 3708 e
656 3676 825 3708 Rudolfus
850 3687 898 3708 or.
984 3672 1017 3715 f)
1044 3674 1230 3707 Blumensf
1249 3685 1298 3705 or.
1382 3670 1416 3715 Β)
1442 3672 1477 3703 in
1504 3689 1544 3693 —
1571 3671 1694 3703 nostris
1719 3680 1826 3711 supra
1852 3668 1911 3700 lin.
1938 3666 2020 3698 add.
2045 3678 2096 3698 or.
2178 3663 2210 3706 h)
2235 3665 2318 3708 pads
2339 3676 2388 3696 or.

189 3731 213 3774 i)
238 3733 329 3766 deest
352 3745 402 3766 or.

2048 3783 2120 3816 77*
