2558 3970
68 911 100 936 10

67 1355 98 1380 15

68 2101 101 2128 25

74 2895 107 2922 ³0

77 3366 110 3393 35

539 160 1318 196 ramerum11.coNs'1¹1'rc¹1·1‹<›1<Es.
1372 165 1468 198 1225.
1515 167 1610 199 1226.
1659 165 1720 199 ΝΥ.
1745 167 1944 201 lue—104.
2270 174 2336 211 131

136 277 176 317 in
211 291 286 317 nos
319 281 362 316 et
393 277 433 316 in
467 280 625 316 terram
660 281 850 317 nostram
885 277 937 317 dc
971 285 1210 332 spontaneo
1253 285 1292 319 ct
1328 280 1407 319 iani
1443 281 1620 333 prestito
1656 295 1868 322 consensu
1909 289 2067 325 nostro.
2123 285 2265 331 Quod*
2304 289 2342 326 si

135 346 177 386 in
210 345 391 385 alicuius
424 345 595 385 termini
630 346 846 386 solutione
885 346 1187 389 defecerimus.
1223 348 1306 388 lata
1340 350 1555 388 sententia
1592 358 1820 391 teneamur
1842 353 2027 394 astricti:
2063 354 2121 393 ita
2145 354 2271 408 quod,
2310 356 2344 394 si

133 420 234 470 post
264 414 492 456 terminum
527 414 720 470 elapsum
766 430 843 471 per
875 416 1189 457 testimoniales
1224 418 1390 457 litteras
1424 418 1624 462 illorum,
1667 420 1738 473 qui
1774 434 1847 474 pro
1883 435 1984 473 rcgc
2018 436 2067 461 ac
2100 423 2344 477 patriarcha

134 486 177 522 et
208 482 413 537 magistro
447 483 677 538 hospitalis
710 484 1048 526 'santonicorum
1083 485 1136 526 ad
1170 485 1467 540 recipiendum
1502 488 1674 527 statutis
1719 490 1913 529 terminis
1948 491 2082 545 ipsam
2117 493 2343 546 pecuniam

135 556 398 603 statuentur,
432 552 617 593 ecclesie
650 551 847 594 Romane
882 555 1147 599 constiterit,
1183 568 1260 595 nos
1294 554 1346 595 de
1382 555 1628 596 huiusmodi
1665 557 1937 597 satisfecisse
1970 559 2166 601 defectu.
2201 562 2344 602 statim

136 634 266 676 super
303 621 377 662 illo
419 622 600 662 articulo
640 621 914 663 absolvemur
959 637 1038 664 nce
1080 637 1211 678 super
1249 624 1346 664 aliis
1386 626 1613 665 occasione
1655 626 1769 666 illius
1811 629 2026 668 sententie
2071 630 2347 681 gravabimur

135 689 222 731 ullo
266 689 406 731 modo.
526 690 618 745 (10)
665 690 734 732 Ad
779 691 905 733 liuius
947 698 1093 733 autem
1141 693 1201 733 rei
1245 694 1451 735 maiorem
1489 693 1750 734 evidentiam
1798 709 1977 749 presens
2011 699 2218 753 scriptum
2252 701 2343 740 ficri

135 758 318 801 fecimus
350 763 392 800 et
424 759 542 800 bulla
573 774 706 802 aurea
739 766 886 802 nostro
919 762 1076 816 tipario
1111 762 1311 817 inpressa
1344 763 1548 802 iussimus
1584 763 1795 817 insigniri.

279 827 441 870 Datum
475 828 589 884 apud
621 828 828 871 Sanctum
854 829 1133 876 Germanum,
1168 845 1280 872 anno
1312 831 1524 872 dominice
1559 832 1870 873 incarnationis
1896 833 2161 877 MCCXXV.
2196 850 2344 877 mense

136 896 249 949 Iulii,
280 897 406 939 XIII.
438 897 682 940 indictionis
695 905 727 942 ¹¹.

616 1046 716 1090 103.
757 1048 1062 1090 EPISTOLA
1094 1048 1182 1091 AD
1215 1048 1622 1091 PONTIFICEM.
1687 1051 1770 1092 lul.
1796 1056 1866 1092 235.

280 1127 446 1169 Damus
477 1142 497 1168 c
534 1128 574 1181 1)
607 1128 737 1170 codiee
773 1129 914 1172 Cema·
944 1130 1052 1172 (licto
1082 1130 1125 1172 S.
1149 1131 1303 1184 Anslcli
1333 1131 1378 1170 ⁴in
1411 1130 1620 1172 tabulario
1652 1131 1852 1172 Vaticano
1883 1137 2094 1173 asservata
2127 1135 2246 1177 Arm.
2273 1136 2350 1177 III

137 1196 222 1238 ord.
246 1197 276 1238 2
314 1197 529 1247 m·.2526‚
574 1209 677 1239 sace.
707 1197 841 1240 XIII.
871 1212 933 1240 ex.
973 1198 1052 1253 fol.
1086 1202 1179 1250 163,
1226 1213 1345 1252 quem
1396 1200 1644 1251 excentplarit
1685 1199 1830 1245 Perae:
1882 1203 1925 1255 2)
1971 1203 2104 1242 codiee
2148 1203 2348 1244 Parisino

137 1266 210 1307 lat.
232 1267 347 1306 4188
385 1265 613 1316 saee.XV,
654 1269 691 1307 ct
735 1267 821 1318 ipso
857 1266 998 1309 Genea·
1038 1281 1139 1322 opus
1178 1269 1430 1317 continente,
1470 1282 1588 1320 quem
1629 1269 1820 1310 adhibuit
1853 1270 2061 1312 Ilnz'llard
2100 1275 2135 1312 et
2175 1274 2347 1313 cuntulit

135 1333 351 1376 Dlolinier.
386 1360 440 1364 ——
471 1334 936 1377 Huillard-Breholles
959 1336 1024 1386 II,
1049 1338 1144 1378 500.
1197 1336 1393 1387 BO'Iemer,
1427 1336 1524 1390 Rny.
1560 1337 1655 1389 imp.
1689 1337 1733 1389 V,
1759 1340 1880 1381 1:370.
1963 1339 2035 1391 (P.
2058 1340 2199 1389 (locst.)

279 1460 538 1503 Beatissimo
571 1462 681 1517 patri
715 1462 889 1504 domino
922 1463 1120 1504 Honorio
1145 1463 1229 1504 Dei
1263 1465 1403 1518 gratia
1437 1470 1713 1506 sacrosancte
1739 1465 1935 1507 Romane
1966 1467 2152 1508 ecclesio
2178 1482 2346 1508 summo

136 1530 327 1586 pontifici
373 1530 635 1573 Fredericus
685 1532 838 1574 eadem
887 1534 1025 1588 gratia
1075 1533 1370 1575 Romanorum
1420 1534 1655 1589 imperator
1704 1549 1875 1590 semper
1923 1542 2133 1588 augustus
2179 1544 2222 1577 ct
2270 1552 2343 1578 rex

137 1598 313 1641 Siciliea
345 1600 530 1641 salutem
565 1606 608 1642 et
641 1602 934 1643 reverenciam
967 1602 1156 1645 filialem.

283 1668 567 1712 Venerabiles
614 1670 772 1712 fratres
815 1675 981 1712 vestros
1029 1671 1248 1713 dominum
1292 1672 1592 1714 Albanensem
1649 1674 1902 1729 episcopum
1946 1680 1989 1716 et
2040 1675 2259 1717 dominum
2295 1676 2346 1719 G.

137 1737 251 1779 tituli
283 1737 430 1780 Sancti
463 1738 637 1780 Martini
671 1740 964 1782 venerabilem
1004 1741 1307 1796 presbyterum
1342 1742 1607 1783 cardinalem
1641 1742 1873 1784 affectione
1907 1744 2078 1785 sincera
2111 1750 2153 1785 ct
2186 1746 2346 1786 honore

139 1806 392 1849 condecenti
433 1808 702 1863 suscepimus
745 1814 788 1851 et
828 1810 945 1865 ipsos
987 1811 1153 1851 ilaritcr
1187 1810 1372 1852 vidimus
1416 1816 1459 1853 et
1503 1811 1747 1853 audivimus
1781 1812 2026 1867 diligenter.
2091 1814 2231 1869 Super
2264 1814 2346 1854 hiis

135 1881 300 1925 autem,
344 1891 426 1932 que
480 1878 584 1933 perb
627 1879 838 1920 illustrem
887 1893 1037 1934 regem
1082 1885 1125 1921 et
1167 1880 1460 1921 venerabilem
1507 1881 1798 1936 patriarcham
1841 1881 2260 1924 Icrosolimitanum⁶
2306 1889 2347 1923 ct

135 1946 391 2001 magistrum
433 1945 586 1987 domus
618 1946 986 1989 Theotonicorum
1029 1963 1172 1990 coram
1218 1950 1482 2004 paternitate
1517 1954 1660 1990 vestra
1700 1950 1821 1991 suere
1867 1955 2054 1993 tractata
2087 1958 2128 1993 ct
2162 1966 2238 2008 pcr
2272 1967 2347 1991 vos

136 2019 180 2055 et
199 2014 471 2056 venerabiles
495 2015 738 2057 cardinales
763 2018 962 2058 consulta
984 2017 1299 2059 deliberatione
1328 2019 1515 2075 provisa,
1549 2020 1671 2060 iuxta
1694 2020 2014 2074 beneplacitum
2043 2023 2348 2076 processimus

139 2083 309 2139 singula
346 2085 593 2126 executioni
634 2085 912 2139 mandantes,
958 2092 1083 2143 prout
1120 2088 1162 2128 in
1205 2088 1457 2144 patentibus
1491 2089 1646 2130 litteris
1680 2089 1800 2130 bulla
1833 2103 1965 2131 aurea
1998 2091 2216 2146 insignitis
2250 2106 2347 2147 pro-

137 2151 274 2194 fusius
308 2154 567 2197 continetur.

282 2221 382 2264 Dat.
416 2223 530 2279 apud
567 2222 774 2265 Sanctum
809 2223 1089 2277 Germanum,
1124 2225 1340 2269 XXVIII.
1375 2225 1475 2267 dic¹l
1508 2226 1620 2279 Iulii,
1653 2227 1778 2269 XIII.
1813 2228 1958 2270 indict.

754 2634 883 2702 104.
937 2631 1744 2704 PROMULGATIO

316 2744 749 2817 VIOARII
803 2747 921 2818 IN
979 2747 1628 2819 LEGATIONE
1687 2748 2175 2819 TUSOEAE.

1048 2873 1192 2921 10220.
1230 2874 1341 2921 Mai.
1372 2874 1450 2920 020.

282 3015 413 3058 Dedit
442 3015 719 3059 fleo-mannus
751 3017 883 3060 Pabst
913 3018 948 3060 b.
972 3031 1023 3059 m.
1056 3032 1076 3060 c
1107 3019 1291 3072 comario
1323 3019 1506 3060 civitatis
1528 3018 1727 3060 Senensis
1756 3018 1863 3059 <licto
1893 3019 2066 3069 ‘C'alcffo
2088 3018 2270 3069 vccclzio',
2303 3019 2348 3058 in

142 3085 350 3126 tabulario
390 3085 502 3138 regno
542 3099 656 3128 nunc
685 3093 913 3138 asservato,
957 3087 1030 3128 aba·
1061 3087 1124 3128 his
1155 3088 1306 3140 legatur
1337 3087 1542 3139 inscripta
1582 3089 1619 3142 l)
1646 3087 1722 3142 fol.
1753 3085 1850 3128 171'
1882 3102 1909 3128 (ι
1940 3088 2156 3140 Rnonsile'o
2187 3088 2350 3128 notario

142 3167 182 3196 a.
205 3155 328 3197 1227.
360 3154 458 3195 Iun.
479 3156 537 3196 26
565 3158 603 3197 ct
643 3156 688 3211 2)
724 3154 802 3210 fol.
827 3155 932 3195 195‘
963 3156 1015 3197 ab
1047 3156 1235 3198 Iohanne
1265 3158 1430 3198 natm-io
1460 3171 1498 3199 (ι.
1530 3158 1651 3198 1229.
1688 3156 1784 3199 Dee.
1815 3160 1874 3199 15,
1911 3181 1963 3186 —
1996 3156 2349 3197 siculensi-Bre-

143 3221 268 3263 holles
297 3222 363 3274 II,
383 3223 479 3266 570.
542 3224 735 3275 Balmzer,
767 3224 868 3278 Rey.
896 3226 995 3277 imp.
1029 3225 1217 3276 1311507.
1967 3225 2038 3278 (P.
2062 3226 2206 3275 deest.)

286 3348 533 3391 Fridericus
565 3349 650 3392 Dei
682 3352 822 3406 gratia
842 3350 1137 3393 Romanorum
1161 3353 1394 3408 imperator
1417 3366 1590 3408 semper
1611 3356 1834 3406 augustus,
1868 3351 2108 3393 Ierusalem
2132 3357 2175 3393 et
2201 3351 2346 3393 Sicilie

146 3429 224 3457 rex
260 3417 474 3460 universis
517 3419 697 3474 prelatis
730 3420 1030 3472 ecclesiarum,
1075 3421 1414 3471 marchionibus,
1458 3420 1702 3469 comitibus,
1745 3421 1999 3471 baronibus,
2042 3420 2343 3475 potestatibus,

144 3486 401 3539 rectoribus,
443 3488 636 3530 consiliis
670 3493 713 3530 et
746 3490 1003 3531 comunibus
1037 3490 1282 3543 civitatum,
1316 3491 1512 3531 villarum
1546 3495 1588 3530 et
1619 3494 1859 3530 castrorum
1894 3504 1972 3545 per
2003 3490 2204 3530 Tusciam
2244 3503 2346 3530 con-

284 3610 373 3646 102.
403 3612 431 3656 t)
457 3614 555 3655 Quod
579 3633 622 3639 -—
649 3616 720 3648 ullo
746 3617 844 3649 modo
869 3617 938 3650 (les.
957 3616 989 3650 2.
1109 3616 1144 3658 ¹¹)
1170 3617 1353 3650 indictione
1380 3616 1411 3649 1.

287 3679 372 3715 103.
405 3681 437 3724 θ)
463 3694 595 3728 semper
619 3690 788 3728 augustus
813 3692 999 3728 sequuntur
1023 3686 1076 3719 liic
1101 3685 1132 3718 2.
1254 3685 1285 3729 b)
1311 3686 1401 3719 deest
1427 3686 1456 3719 1.
1482 3685 1514 3719 2.
1633 3686 1662 3726 c)
1689 3686 1988 3718 lerosolimitarum
2014 3684 2044 3717 2.
2141 3682 2173 3725 d)
2201 3684 2289 3716 deest
2317 3682 2347 3715 2.

2011 3747 2076 3780 17*
