2558 3970
734 146 979 182 FRIDERICI
1005 147 1048 181 ΙΙ.
1076 146 1508 182 CONSTITUTIONES.
1561 147 1658 183 1245.
1710 148 1771 182 Nr.
1791 149 1869 182 263.
2322 151 2401 190 367

574 419 707 488 263.
763 417 1357 489 ENCYCIACA
1412 418 1555 489 DE
1609 419 2027 494 TERTIA,

190 531 332 603 DE
378 530 687 602 NOVIS
734 531 1503 613 SANGTIONIBUS,
1559 534 1699 604 {DE
1753 534 2402 605 [URAMEN'l-‘ffi

581 645 1249 718 FIDELITA'MS
1300 646 1811 718 RENOVAN
1832 648 1899 718 l)
1925 649 2025 719 1³.

1111 783 1282 840 (1245.
1322 785 1477 843 Sept.)

137 949 152 974 r,
335 929 555 981 Superstes
584 932 643 971 est
674 930 719 970 in
751 929 910 981 duplici
936 930 1094 984 forma.
1156 929 1348 971 Alteram
1370 930 1423 981 A,
1456 944 1562 982 (siecle
1593 930 1650 971 ad
1680 930 1867 971 civitates
1900 931 2018 983 rcyni
2042 932 2185 972 Italici
2213 933 2311 972 (lata
2335 936 2403 976 cst,

188 1001 459 1041 servaverunt
499 999 536 1054 1)
568 999 694 1041 codem
717 998 1041 1052 Stuttgyartensis
1060 997 1330 1052 (Peutinycr)
1353 999 1448 1041 hist.
1465 1000 1553 1040 :247
1578 1000 1656 1054 fol.
1688 1002 1786 1049 170',·
1819 1000 2009 1040 lectiones
2036 1001 2124 1040 cius
2152 1003 2187 1041 ct
2210 1001 2358 1041 codicis
2378 1006 2406 1041 „2²

187 1067 361 1109 editioni
401 1068 481 1109 viri
519 1069 568 1110 cl.
599 1068 901 1111 Winlelmann
943 1068 1063 1109 ‘Acta
1094 1067 1263 1119 ‘inipcre'i
1294 1068 1466 1109 zuccula)
1499 1068 1563 1117 II,
1597 1082 1663 1111 nr.
1687 1071 1740 1109 -H
1779 1068 1966 1109 debemus
1978 1084 1989 1116 ,·
2033 1072 2076 1123 2)
2109 1070 2231 1123 cozlcgc
2264 1070 2405 1111 biblio-

189 1137 324 1179 thecae
362 1137 652 1179 univcrsitatis
688 1137 1033 1178 Is'11·ate'slavi0vse'.s·
1072 1150 1178 1178 saec.
1206 1137 1305 1188 XV,
1343 1138 1402 1180 (ll.
1429 1138 1506 1179 IV
1528 1141 1616 1188 102,
1651 1152 1694 1190 p.
1718 1140 1774 1179 :30
1811 1151 1878 1178 nr.
1911 1138 1998 1185 171,
2043 1138 2161 1179 cuius
2202 1139 2405 1180 librarius

189 1208 344 1247 textum
389 1206 655 1260 aliquantum
707 1207 888 1248 earicwit
929 1210 967 1247 et
997 1210 1162 1259 partem
1207 1221 1402 1261 inaquam
1440 1208 1693 1261 ncylz'sjcntia
1736 1222 1805 1249 scu
1838 1208 2019 1261 pepi-itia
2060 1208 2206 1249 (luctus
2248 1209 2405 1258 mnis-it,-

120 1295 152 1319 ιο
187 1288 450 1329 nequaquam
496 1279 634 1317 tamen
676 1279 812 1317 textus
851 1276 1001 1318 codicis
1027 1278 1067 1327 2,
1114 1279 1158 1317 ut
1198 1278 1360 1330 opinati
1402 1280 1501 1318 sunt
1538 1277 1839 1319 We'nlielmami
1885 1280 1921 1318 ct
1961 1276 2124 1326 liciter,
2166 1278 2329 1318 tertiam
2370 1281 2405 1318 ct

184 1345 401 1399 propriam
441 1344 630 1401 formam
676 1349 977 1398 repraesentat,
1024 1346 1081 1387 ad
1130 1360 1201 1388 cas
1243 1347 1429 1388 civitates
1473 1347 1634 1396 (latam,
1689 1361 1793 1399 quae
1833 1347 1891 1388 ad
1934 1347 2095 1388 curiam
2138 1347 2403 1388 Parmensem

187 1414 359 1457 nuntios
397 1428 491 1456 suos
527 1428 611 1456 non
652 1416 865 1466 miserint;
915 1414 959 1469 3)
1001 1416 1126 1457 cocleae
1163 1416 1513 1469 Willierinyensis
1553 1430 1657 1468 [πω-3
1687 1416 1750 1466 ΙΙ,
1792 1431 1852 1468 ep.
1887 1419 1950 1466 75),
1997 1430 2114 1468 qurmi
2156 1417 2287 1457 solum
2329 1416 2403 1458 ad-

185 1484 321 1527 hibuit
350 1483 497 1536 Perte,·
529 1485 571 1539 4)
605 1485 730 1527 codex
761 1485 798 1525 V
797 1485 1088 1527 indobonensis
1111 1488 1193 1525 590
1225 1486 1404 1538 (Pliilol.
1428 1487 1544 1537 305),
1571 1485 1649 1541 fel.
1678 1486 1774 1526 11‘29‘
1807 1500 1866 1538 cp.
1895 1489 1996 1536 17!);
2028 1486 2072 1540 5)
2096 1486 2219 1527 cedet:
2256 1486 2403 1527 Vinde-

188 1553 379 1595 bonensis
409 1555 493 1595 526
534 1553 855 1609 (Philot137),
897 1554 977 1610 fol.
1011 1551 1096 1604 73¹,
1152 1556 1270 1596 cuius
1320 1555 1529 1596 lectionem
1580 1554 1768 1595 debemus
1819 1556 1905 1596 ciro
1949 1556 1997 1596 cl.
2035 1555 2188 1607 Ho'flcr
2236 1561 2243 1576 ‘
2280 1556 2404 1597 'ae'scr

120 1641 150 1666 ιε
187 1622 409 1664 Friedrich
431 1623 508 1664 II.’
538 1638 586 1676 p.
607 1625 704 1667 424.
760 1624 926 1667 Codices
953 1626 1081 1665 3-5
1116 1625 1258 1665 intime
1291 1625 1400 1665 inter
1430 1637 1471 1665 se
1503 1625 1761 1666 cohaerentes
1792 1625 2023 1679 eccmplari
2054 1626 2120 1665 usi
2151 1628 2264 1674 sunt,
2298 1625 2406 1677 quod

186 1692 244 1734 ad
272 1692 478 1734 civitatem
500 1692 709 1735 Pisanam
740 1693 884 1735 datum
915 1697 986 1736 est.
1049 1694 1200 1736 Eidem
1231 1694 1478 1736 inscribitur
1507 1694 1714 1749 encyclica
1743 1695 1788 1734 in
1811 1694 1941 1736 codice
1969 1694 2160 1736 Trecensi
2181 1708 2284 1736 saec.
2306 1694 2403 1744 XV,

187 1763 364 1815 ep.129,
398 1762 472 1815 qui
502 1763 550 1803 in
580 1763 853 1815 inscriptione
884 1764 998 1805 solus
1026 1765 1256 1817 yenuinam
1287 1764 1497 1806 lectionem
1530 1764 1703 1805 comuni
1735 1764 1822 1805 loco
1855 1764 1999 1805 comiti
2031 1764 2253 1805 servavit2.

330 1831 482 1873 Altera
516 1830 664 1887 fornia
694 1832 730 1874 B
768 1835 828 1874 est
864 1847 923 1884 ea,
964 1847 1049 1887 qua
1088 1834 1294 1887 encyclica
1335 1833 1482 1874 incolis
1523 1833 1641 1886 requi
1670 1832 1841 1874 Siciliae
1880 1834 2007 1875 missa
2047 1836 2129 1883 est;
2168 1846 2274 1885 quae
2313 1846 2404 1874 con-

188 1902 345 1943 tinetur
383 1903 429 1943 in
471 1901 577 1943 libro
615 1902 889 1943 dictaminum
927 1902 1416 1956 Bau›nyccrtenberyensi
1455 1902 1605 1944 codicis
1637 1902 1968 1944 Vindoboneusis
1990 1904 2073 1943 409
2116 1902 2292 1955 (Pleilol.
2317 1904 2403 1955 61),

119 1988 151 2016 20
181 1970 261 2027 fol.
284 1968 377 2024 382·
416 1986 506 2013 eam
549 1972 632 2012 iam
672 1972 770 2013 olim
801 1973 1050 2024 caeeniplaeit
1093 1973 1156 2013 vi)-
1187 1973 1234 2015 cl.
1272 1972 1560 2022 Wattenbacli,
1600 1971 1729 2013 edidit
1760 1972 1976 2014 Barmald
2015 1973 2058 2012 in
2096 1971 2274 2013 editione
2307 1971 2406 2013 libri

186 2041 310 2082 istius
335 2055 378 2094 p.
400 2042 498 2083 222.
560 2041 637 2082 Vir
667 2042 714 2083 cl.
746 2041 900 2083 Ficker
940 2044 1044 2084 recte
1085 2043 1385 2084 cancellariam
1425 2042 1684 2094 ‘imperialem
1716 2042 1991 2095 neyliyentiae
2022 2042 2180 2095 arquit,
2221 2041 2330 2094 quod
2360 2043 2406 2082 in

185 2110 262 2152 liae
285 2109 432 2165 forma
462 2110 498 2152 B
530 2111 796 2162 sententiam,
828 2125 935 2164 quae
966 2112 1054 2165 agit
1084 2111 1133 2152 de
1155 2112 1435 2164 potestatibus
1467 2112 1694 2161 civitatum,
1727 2124 1812 2152 non
1843 2111 2048 2153 deleverit.

329 2178 394 2221 De
435 2180 560 2221 tertia
599 2179 654 2235 ef.
686 2180 932 2222 mandatum
975 2181 1241 2233 imperatoris
1283 2182 1330 2222 in
1369 2181 1600 2222 collectione
1637 2179 1758 2222 Petri
1794 2181 1842 2222 de
1874 2180 2017 2222 Vincis
2048 2181 2075 2223 l.
2099 2180 2136 2230 I,
2167 2194 2198 2221 c.
2224 2182 2277 2220 10
2309 2193 2402 2221 con-

187 2251 365 2300 tentum,·
395 2248 497 2303 Rey.
529 2250 628 2302 imp.
660 2248 705 2300 V,
727 2250 855 2293 3509.
889 2275 940 2279 —
973 2249 1432 2292 Huillard-Breliolles
1463 2249 1534 2300 VI,
1556 2251 1642 2291 357
1671 2250 1854 2302 (collatis
1885 2250 2090 2292 codicibus
2119 2253 2143 2290 1
2166 2252 2203 2290 et
2223 2252 2252 2290 2
2281 2251 2404 2301 atque

119 2335 151 2361 25
187 2317 437 2360 editionibus
469 2318 702 2361 Perteiana
732 2321 770 2361 et
799 2318 1097 2374 Hofleriana).
1159 2319 1354 2370 Bolnner,
1389 2319 1490 2373 Ray.
1522 2320 1619 2372 imp
1651 2319 1695 2370 V,
1717 2320 1842 2361 3506.
1876 2321 2000 2361 3507.
2033 2320 2157 2361 3508.

2044 2387 2116 2441 (P.
2139 2390 2258 2442 354.)

331 2469 579 2512 Fridericus
614 2474 695 2512 ete.
728 2472 952 2527 potestati,
988 2471 1237 2513 consulibus
1272 2475 1315 2513 et
1348 2471 1518 2513 comuni
1552 2470 1749 2512 Pisarum
1784 2475 1888 2512 etc.³

331 2538 397 2596 (1)
430 2539 666 2581 Multifarie
699 2541 934 2596 multisque
967 2541 1125 2592 modis,
1159 2545 1287 2596 prout
1318 2540 1435 2582 fama
1468 2540 1675 2582 celeriorb
1708 2540 1885 2581 litteris⁰
1918 2539 2088 2595 publice
2123 2538 2400 2593 divulgassed

187 2610 272 2652 iam
305 2610 456 2666 potuit,
490 2608 543 2650 ad
575 2609 696 2664 pacis
728 2610 1036 2651 universaliter
1069 2614 1325 2666 expectatae
1357 2608 1631 2650 dulcedinem
1665 2609 1900 2664 imperialis
1934 2608 2180 2649 humanitas
2212 2607 2400 2647 animum

119 2698 152 2724 30
187 2679 421 2721 inclinavit.
486 2678 573 2721 Sed
606 2679 924 2733 quantumlibet
964 2680 1103 2736 ipsam
1146 2678 1380 2721 instanterf
1410 2679 1678 2734 inquireretg
1722 2682 1766 2719 et
1797 2692 1875 2734 per
1907 2676 2192 2719 humilitatish
2225 2676 2398 2717 semitas

189 2752 455 2805 sequeretur,
495 2748 556 2790 eti
586 2748 906 2803 quantumlibet
946 2749 1087 2805 ipsam
1125 2748 1280 2790 devote
1314 2748 1555 2798 vocaverit,
1599 2748 1728 2788 immo
1769 2747 1879 2788 forte
1921 2745 2207 2802 postulaverit
2240 2746 2398 2800 impru-

188 2817 381 2871 denterk,
413 2817 602 2860 Romani
633 2818 850 2873 pontificis
883 2818 1086 2874 impetus,
1120 2832 1247 2874 quem
1271 2818 1392 2873 pacis
1415 2817 1590 2859 ducem¹
1625 2830 1722 2858 esse
1747 2816 2059 2861 credidimusm,
2092 2815 2229 2867 ipsam
2252 2819 2398 2870 preter

188 2902 309 2944 spem
352 2891 541 2929 nostram
586 2892 629 2928 et
672 2891 848 2928 votumn
893 2894 1145 2928 commune⁰
1190 2886 1466 2928 credencium
1513 2886 1671 2927 erroris
1714 2885 1838 2926 duxit
1878 2886 1919 2925 in
1953 2884 2147 2933 devium,
2196 2888 2239 2925 et
2271 2897 2398 2938 quam

187 2957 388 2999 ardenter
427 2957 628 3013 amplecti
661 2956 916 3009 debueratl',
958 2957 1144 3012 turpiter
1182 2956 1291 3012 proh
1333 2956 1498 3011 pudorq
1529 2955 1795 3010 profugavit,
1839 2955 1921 2995 itar
1953 2953 2065 3008 quod
2106 2959 2208 2994 nec⁸
2240 2952 2398 2993 totiens

118 3044 150 3071 35
188 3026 313 3068 corde
346 3026 530 3068 contrito
563 3027 733 3081 quesita
756 3026 1012 3082 comparuit,
1046 3026 1147 3067 licet
1171 3025 1547 3081 superficietenus,
1583 3038 1679 3066 cum
1702 3024 1879 3065 morbus
1913 3024 2091 3065 laterett
2123 3022 2394 3072 intrinsecus,

324 3163 411 3200 263.
446 3166 477 3208 a)
504 3167 698 3199 Fridericus
722 3170 785 3199 etc.
818 3170 939 3209 potest.
971 3176 1046 3198 con.
1081 3171 1114 3198 et
1143 3166 1257 3198 comiti
1291 3165 1447 3197 Pisarum
1472 3169 1536 3197 etc.
1563 3164 1595 3195 A
1613 3164 1649 3204 53
1687 3164 1880 3195 Fridericus
1905 3168 1967 3195 etc.
2004 3162 2095 3205 pont*
2122 3174 2196 3195 con.
2229 3168 2262 3195 et
2285 3162 2397 3194 comiti

186 3224 344 3257 Pisarum
370 3228 433 3257 etc.
460 3223 492 3256 A
509 3222 548 3263 4;
573 3224 768 3257 Fridericus
792 3228 855 3256 etc.
882 3223 942 3256 tali
967 3228 1000 3256 et
1025 3223 1086 3256 tali
1112 3223 1227 3255 comiti
1252 3227 1316 3255 etc.
1336 3222 1368 3253 A
1389 3220 1430 3260 3;
1463 3222 1601 3253 comuni
1626 3226 1712 3253 recte
1738 3221 1810 3252 loco
1837 3221 1952 3253 comiti
1977 3220 2049 3253 cod.
2085 3219 2197 3261 Trec.,·
2222 3219 2397 3261 inscriptio

187 3279 276 3313 deest
298 3281 331 3313 A
358 3280 387 3314 1.
413 3280 445 3314 2.
470 3281 514 3314 Β.
656 3280 689 3325 b)
727 3281 892 3314 celebrior
918 3280 959 3312 Β.
1101 3280 1140 3321 0)·
1168 3280 1260 3312 deest
1285 3279 1317 3311 A
1334 3278 1366 3311 4.
1391 3277 1422 3311 5.
1564 3276 1596 3318 d)
1634 3278 1869 3321 promulgasse
1896 3278 1927 3308 A
1945 3276 2066 3318 3—53
2106 3277 2329 3320 prouulgasse
2354 3276 2397 3308 Β.

190 3337 218 3377 ⁰)
246 3338 317 3371 loeo
342 3350 400 3371 un.
427 3343 602 3382 expectate
619 3338 652 3370 A
666 3337 703 3370 2:
729 3343 763 3371 et
787 3339 956 3371 utilitatis.
1051 3335 1082 3379 f)
1109 3337 1198 3370 deest
1218 3336 1250 3368 A
1270 3336 1299 3369 1.
1387 3334 1420 3378 8)
1448 3336 1639 3377 acquireret
1657 3335 1689 3366 A
1703 3332 1734 3367 4.
1761 3333 1793 3367 5.
1880 3332 1912 3375 h)
1939 3335 2161 3368 humanitatis
2180 3334 2211 3366 A
2229 3333 2328 3367 3—5.
2349 3333 2381 3365 B
2387 3345 2398 3372 ,-

121 3403 154 3429 40
189 3395 348 3429 utilitatis
373 3396 406 3428 A
423 3395 454 3428 2.
570 3394 596 3438 i)
622 3400 664 3428 et
688 3415 732 3419 -
763 3396 1061 3439 imprudenter
1086 3395 1153 3427 des.
1173 3394 1205 3426 A
1223 3392 1324 3427 3—5.
1350 3393 1393 3425 B.
1511 3390 1545 3433 k)
1573 3392 1726 3430 correoei;
1756 3392 1988 3434 imprudentes
2016 3391 2046 3423 A
2070 3392 2098 3424 1.
2124 3390 2155 3424 2.
2274 3390 2299 3433 1)
2325 3392 2397 3424 loeo

188 3454 282 3496 pacis
305 3455 427 3487 ducem
453 3454 485 3486 A
503 3453 541 3487 2:
569 3458 699 3496 patrem
723 3455 827 3496 lucis3
852 3454 901 3487 B.-
927 3455 1047 3487 ducem
1072 3453 1177 3497 pacis.
1274 3452 1317 3493 1¹¹)
1345 3452 1513 3484 credimus
1541 3450 1572 3482 A
1591 3449 1698 3488 3-5;
1730 3451 1954 3483 credebamus
1985 3449 2024 3483 B.
2118 3449 2152 3490 n)
2179 3461 2295 3482 vocem
2314 3449 2346 3482 A
2367 3448 2394 3480 1.

189 3509 222 3552 ⁰)
253 3521 468 3544 communem
492 3511 526 3544 A
544 3511 583 3553 1;
608 3513 750 3545 ecclesie
775 3512 808 3544 A
825 3510 858 3544 4.
882 3511 913 3546 5.
1032 3512 1066 3554 P)
1092 3511 1167 3544 deb.
1193 3509 1353 3553 amplecti
1377 3508 1410 3540 A
1428 3507 1460 3541 3.
1556 3507 1588 3550 q)
1615 3508 1700 3551 proh
1726 3507 1835 3551 pudor
1860 3507 1928 3541 des.
1949 3507 1979 3540 A
2000 3507 2029 3540 1.
2047 3505 2086 3547 2;
2113 3508 2217 3551 proch
2243 3508 2336 3540 dolor
2353 3506 2395 3539 Β.

189 3567 218 3612 r)
242 3570 301 3604 ita
327 3589 370 3593 —-
395 3571 621 3604 exaudivit
646 3571 714 3604 des.
734 3570 767 3603 A
784 3569 816 3604 2.
842 3570 884 3603 Β.
1003 3570 1031 3614 Β)
1057 3570 1148 3603 deest
1171 3568 1204 3601 A
1220 3567 1252 3602 3.
1371 3567 1398 3609 t)
1423 3567 1568 3600 latenter
1594 3564 1625 3598 A
1643 3564 1676 3600 4.
1705 3564 1738 3598 5.

328 3683 363 3727 1)
391 3681 444 3724 Cf.
473 3683 630 3718 ‘Archiv'
655 3684 743 3728 VH,
762 3689 831 3719 925.
952 3684 988 3729 2)
1014 3683 1051 3717 V.
1072 3682 1231 3718 ‘Archiv’
1256 3681 1344 3725 VII,
1360 3685 1429 3716 921.
