2558 3970
683 146 923 181 quffluci
952 147 994 181 ιι.
1023 147 1455 183 ‹Qfoxs'1‘1'rs'ru»Nus
1511 150 1605 183 12-2-1.
1659 150 1718 184 ΧΓ.
1737 152 1812 184 253.
1841 152 1918 186 251.
2319 159 2399 196 353

200 274 307 316 quos
341 261 382 301 in
416 260 721 302 exterminium
745 264 960 302 nostrumt
995 267 1156 303 temere
1183 264 1479 317 navigantium
1505 266 1749 320 repleverat
1775 268 1929 322 copia¹¹
1964 269 2238 323 prelatorum.
2274 284 2398 312 exer-

198 330 308 370 citus
350 329 597 380 solvimusV,
641 330 796 384 quibus
830 330 1029 372 Urbemw
1071 332 1238 372 urbium
1280 339 1410 387 caput
1455 348 1528 388 pre
1572 334 1734 375 foribus
1768 336 2087 380 ciuxeramusx.
2138 339 2292 379 fratres
2326 354 2401 394 per

199 398 372 440 diversa
403 398 497 439 loca
530 398 750 454 dispersos
785 400 853 440 iny
887 414 1017 440 unum
1053 400 1196 441 reduci
1232 407 1383 456 parata
1408 402 1569 443 viarum
1597 405 1829 444 securitate
1855 407 2111 448 curavimus.
2146 412 2191 447 ut
2216 408 2398 449 ecclesie

197 467 250 509 de
292 471 463 523 pastore
506 467 680 509 liberius
723 474 790 509 etz
824 469 948 510 nobis
992 476 1069 510 aca
1102 470 1259 510 mundo
1303 470 1354 511 de
1397 477 1518 525 patre
1553 473 1767 514 salubrius
1801 474 1870 514 et''
1904 476 2073 515 facilius
2109 476 2400 531 providerent.

145 551 158 576 ⁵
197 535 388 584 Quorum
421 537 554 577 votis0
586 537 627 577 in
660 538 789 578 istum
827 552 1041 578 summum
1085 539 1328 593 pontificem
1363 540 1644 595 inspiratione
1678 541 1842 586 divina,
1886 544 1993 584 sicut
2039 545 2214 585 nosti—ad
2249 553 2396 586 tenere

196 605 327 647 debet
358 605 515 660 opinio,
549 606 856 657 concordatis0,
890 607 1026 661 gavisi
1062 607 1245 648 fuimusf
1272 608 1430 662 gaudio
1462 623 1631 662 magno.
1667 610 1793 651 valde
1827 612 2108 666 probabiliter
2143 615 2396 656 estimantes

197 673 483 715 orthodoxam
524 678 568 716 et
600 676 889 716 universalem
925 677 1149 717 ecclesiam
1186 676 1306 717 radio
1340 678 1436 718 novi
1470 678 1643 719 luminis
1678 680 1955 723 illustratam.
1992 682 2228 723 llomanum
2266 685 2396 739 impe-

197 743 307 785 rium
340 757 451 784 nova
484 743 645 784 iustitie
679 745 956 799 generatione
991 745 1211 794 letatumss,
1246 746 1358 800 quod
1388 745 1469 786 de¹'
1504 762 1548 787 se
1583 748 1714 788 lilium
1745 750 1905 803 genuit.
1940 765 2064 804 quem
2094 758 2259 805 patrem
2285 754 2399 793 orbis

197 816 239 857 et
269 812 368 854 fidei
400 811 515 853 forei
548 813 699 854 merito
730 813 950 868 gloriatur.
1015 814 1151 868 Igitur
1183 815 1465 856 offerentibus
1504 816 1627 857 nobis
1661 817 1783 858 cumk
1817 819 2024 872 persone¹¹
2061 822 2234 872 meritis,
2269 823 2397 863 υιιιιιιι

130 896 161 919 ιυ
196 881 441 923 innocentie
475 886 618 923 nostre
651 882 832 923 iustitia¹
864 882 1067 938 prorsus¹¹
1101 883 1429 925 indubitabilem
1463 899 1585 940 spem
1619 885 1670 926 ‹le
1704 900 1824 941 pace,
1859 888 2017 928 cursim
2050 889 2102 929 ad
2137 890 2271 944 ipsam
2301 906 2396 946 pro—

197 952 422 1004 cessimus,
455 952 686 993 offerentes
710 951 907 993 eamdem
930 951 1020 992 adm
1043 952 1249 993 honorem
1275 952 1356 994 Dei
1381 958 1424 994 ct
1447 955 1628 995 ecclesie
1655 956 1883 1010 primitus'¹
1909 971 2034 1012 quam
2065 960 2401 1013 prestolaremur

196 1021 400 1063 oblatam.
461 1020 647 1062 Demum
681 1021 866 1077 qualiter
897 1035 982 1062 non
1017 1022 1156 1062 solum
1200 1027 1347 1063 nostra
1380 1023 1455 1064 sed
1498 1024 1687 1064 omnium
1729 1025 1783 1066 sit
1816 1027 2084 1080 expectatio,
2126 1027 2230 1082 proli
2265 1028 2399 1069 dolor,

197 1104 480 1146 personarum
527 1094 630 1131 aut⁰
663 1094 905 1146 temporum
947 1091 1174 1146 iniquitate
1216 1092 1444 1141 frustrata,
1489 1107 1540 1134 ne
1576 1095 1834 1135 narrationis
1870 1097 1994 1136 unius
2036 1097 2160 1150 longe
2195 1103 2398 1139 contextu

197 1165 284 1201 tam
316 1173 442 1201 aures
476 1165 647 1202 vestre1’
679 1173 806 1215 quam
840 1161 951 1201 oculi
984 1160 1271 1212 fastidirentq,
1307 1162 1438 1203 totius
1468 1163 1661 1204 eiusdem
1697 1178 1826 1205 cause
1861 1179 2111 1219 processum
2145 1171 2211 1206 etr
2244 1167 2398 1207 seriem

130 1243 158 1268 ιε
197 1228 350 1271 alteri¹³
381 1229 540 1285 pagine
574 1229 774 1271 duximus
808 1229 1185 1275 committendum,
1219 1235 1264 1271 ut
1298 1232 1415 1273 velut
1446 1236 1610 1274 mutato
1642 1233 1829 1282 ferculo,
1879 1235 2071 1290 perfecta
2107 1235 2271 1277 lectura
2304 1251 2400 1291 pre-

196 1298 398 1350 sentium,
431 1312 543 1340 nova
577 1312 784 1340 novorum
817 1300 1039 1355 perceptio
1074 1302 1288 1341 vestrumt
1321 1300 1538 1343 delectetu
1571 1302 1777 1344 auditum.

840 1517 943 1560 254.
984 1518 1285 1562 EPISTOLA
1326 1519 1760 1563 IMPERATORIS

343 1587 431 1630 AD
475 1587 872 1631 CARDINALES
905 1587 1338 1631 PORTUENSEM
1371 1589 1456 1630 ET
1480 1589 1929 1633 ALBANENSEM.
1991 1594 2135 1645 (1:241.
2169 1605 2253 1647 es.)

341 1667 555 1720 Epistola,
609 1682 690 1721 qua
742 1668 967 1723 imperator
1015 1669 1304 1711 cardinalibus
1344 1670 1590 1723 quibusdam
1637 1672 1849 1713 committit
1886 1675 2130 1725 potestatem
2171 1676 2405 1717 rcsmncmli

126 1755 160 1781 πο
186 1737 311 1790 pacis
347 1739 567 1789 tractatus,
607 1737 758 1780 damus
794 1751 844 1779 ea:
895 1738 933 1793 1)
973 1738 1105 1780 codice
1142 1737 1344 1781 Pare'sino
1374 1740 1514 1780 13059
1553 1740 1617 1794 (S.
1653 1740 1856 1783 Germain
1887 1741 2060 1798 Harlay
2090 1744 2206 1793 455),
2247 1757 2350 1796 pars
2380 1745 2410 1785 I

189 1804 268 1862 fol.
293 1808 348 1847 16
359 1802 381 1857 ‘‚
423 1819 502 1859 quo
533 1806 657 1848 etiam
686 1807 808 1848 nisus
838 1810 897 1848 cst
926 1807 1212 1859 Heliam-du&
1250 1808 1294 1864 2)
1327 1808 1504 1851 editione
1536 1809 1750 1851 Martenoi
1782 1811 1826 1851 in
1866 1811 2110 1853 Collectionc
2140 1814 2403 1866 amplissima

194 1875 256 1926 II,
281 1877 394 1917 1137
424 1888 489 1916 nr.
512 1878 539 1917 3
570 1889 589 1916 e
620 1875 751 1918 codiee
781 1876 958 1930 quodam
989 1877 1157 1930 rcyi‘nac
1190 1876 1358 1919 Succiae
1386 1879 1577 1932 proslaa;
1612 1880 1654 1935 3)
1687 1880 1819 1922 codice
1854 1881 2183 1935 Guelferbytano
2214 1884 2322 1935 Any.
2348 1886 2371 1923 -1
2389 1884 2405 1906 ⁰

193 1943 333 1987 XIII.
355 1946 383 1985 3
407 1944 488 2000 fol.
513 1945 568 1987 52
597 1958 656 1998 cp.
679 1947 748 1988 22.
810 1945 936 1987 Perta
975 1949 1130 1988 teoetam
1171 1960 1222 1988 ex
1242 1948 1271 1988 2
1298 1951 1335 1988 ct
1366 1950 1394 1988 3
1423 1961 1508 1989 non
1552 1948 1649 1989 benc
1680 1949 1920 2001 confecerat.
1989 1950 2238 1993 cardinales
2265 1952 2404 2006 fecisse

195 2014 402 2067 episcqwos
432 2014 714 2057 Albancnsem
746 2019 783 2056 ct
815 2014 1100 2066 Portnesnsem,
1132 2030 1307 2069 qaorum
1339 2017 1517 2059 arbitrio
1547 2019 1635 2059 ⁴iam
1666 2022 1790 2060 cmtea
1822 2034 1862 2060 se
1886 2021 2144 2062 commiserat
2170 2022 2404 2073 imperator,

128 2102 158 2128 2⁵
197 2084 396 2125 nuncium
435 2097 545 2135 vcro,
593 2098 711 2136 quem
748 2085 807 2126 eis
847 2085 1072 2137 ‘imperator
1116 2087 1246 2136 misit,
1286 2086 1575 2127 Raimamlam
1617 2088 1797 2129 comitem
1833 2089 2101 2139 Tolosanum,
2144 2090 2400 2131 Haillardas

196 2153 392 2205 opinatus
423 2156 493 2195 est.
529 2178 581 2183 —-
616 2152 1071 2197 Huillard-Bre'liolles
1100 2154 1171 2206 VI,
1194 2157 1291 2197 222.
1353 2155 1549 2206 Bb'limer,
1582 2156 1681 2210 Rcy.
1715 2159 1814 2210 imp.
1848 2158 1892 2209 V,
1915 2162 2042 2202 3451.

2049 2229 2122 2282 (P.
2145 2232 2263 2283 353.)

337 2326 491 2369 Licet*
521 2330 646 2383 pater
677 2328 957 2384 apostolicus,
990 2333 1037 2370 ut
1068 2329 1214 2371 salvab
1248 2330 1315 2371 sui
1346 2330 1487 2385 gratia
1510 2331 1751 2386 loquamur,
1786 2337 1933 2388 spreto
1966 2333 2259 2375 moderamine
2283 2335 2403 2389 pacis

196 2411 322 2453 quam
357 2397 646 2439 offerebamus
679 2411 733 2439 ex
757 2398 920 2450 animo,
953 2399 1362 2455 imperceptibiliter
1384 2400 1437 2440 ad
1460 2405 1605 2455 partes
1631 2400 1850 2456 profectus
1875 2402 1955 2442 sitc
1979 2402 2320 2443 ultramontanas
2350 2428 2397 2432 —

127 2478 160 2504 ³0
195 2466 361 2508 utinam
388 2480 473 2507 non
502 2467 546 2508 in
574 2467 826 2508 scandalum
850 2469 1056 2524 generale
1083 2494 1132 2498 -
1159 2483 1234 2510 nos
1258 2473 1402 2511 tamen
1425 2470 1477 2511 ob
1502 2471 1802 2513 reverentiam.
1828 2485 1956 2526 quam
1982 2472 2035 2513 ad
2060 2478 2238 2513 matrem
2267 2472 2397 2513 habe-

196 2549 289 2577 mus
323 2536 574 2589 ecclesiam,
609 2551 734 2592 quam
770 2537 1031 2593 aliquandod
1063 2539 1285 2594 provocati
1319 2538 1578 2580 offendimus
1612 2545 1803 2581 nostram
1839 2540 2036 2581 iniuriam
2071 2547 2400 2596 prosequentes,

195 2605 238 2646 in
271 2604 424 2647 eodem
456 2607 674 2662 proposito
707 2606 991 2662 persistentes
1014 2607 1067 2648 ad
1091 2608 1410 2649 reformandam
1443 2622 1609 2664 pacem.
1645 2623 1726 2664 que
1750 2610 1834 2650 iam
1858 2610 2000 2664 posita
2024 2616 2114 2650 erat
2137 2611 2178 2651 in
2204 2612 2398 2661 termino,

196 2678 239 2715 et
269 2674 322 2716 ad
354 2674 709 2717 satisfaciendum
741 2677 851 2718 sicut
881 2677 1010 2719 decet
1041 2677 1143 2718 totis
1175 2677 1339 2719 viribus
1372 2678 1652 2734 aspiramuse.
1705 2677 1762 2719 Et
1794 2679 1892 2734 quia
1916 2679 1967 2720 de
1992 2679 2186 2734 quolibet
2209 2685 2399 2721 vestrum

195 2743 423 2800 tanquamf
466 2743 518 2786 de
567 2749 691 2800 patre
742 2746 1039 2798 confidimusss,
1091 2748 1417 2803 compositionis
1464 2747 1637 2788 modum
1683 2747 1825 2789 studio
1876 2748 2041 2789 arbitrii
2092 2749 2223 2789 vestri
2273 2763 2403 2804 super

128 2831 159 2857 ³5
197 2813 396 2856 omnibus
428 2813 618 2856 articulis
658 2813 858 2856 duximus
891 2816 1261 2868 committendum,
1303 2821 1443 2857 ratum
1485 2816 1671 2858 habituri
1703 2817 1906 2872 quicquid
1938 2831 2014 2872 pro
2049 2817 2203 2872 pa1·te¹¹
2236 2823 2401 2863 nostra,

194 2882 360 2924 ratione
403 2883 573 2938 previa,
619 2884 870 2925 statueritis.
945 2884 1087 2926 Istudi
1130 2889 1276 2926 autem
1317 2884 1550 2936 adicimus,
1594 2891 1640 2926 ut
1678 2887 1720 2927 in
1762 2887 2070 2941 compositione
2110 2887 2273 2942 imperii
2317 2902 2400 2928 non

195 2951 413 2993 minuatur
452 2952 640 3008 dignitas
680 2967 760 2994 nec
798 2953 840 2994 in
881 2954 1177 2996 satisfactione
1219 2955 1491 2996 excellencia
1535 2955 1730 2996 iniuriisk
1771 2956 2060 3010 propulsetur.
2122 2955 2178 2996 Et
2211 2970 2313 2997 ecce
2347 2955 2400 2996 de

331 3091 419 3127 253.
451 3093 476 3134 t)
502 3098 606 3126 nostr.
631 3098 700 3127 ext.
726 3093 757 3127 2.
892 3096 927 3134 u)
954 3106 1025 3137 cop.
1051 3095 1136 3138 repl.
1161 3095 1194 3127 2.
1331 3096 1362 3132 v)
1389 3096 1475 3128 solvi
1502 3096 1531 3128 2.
1663 3102 1702 3135 w)
1728 3096 1812 3128 urbe
1839 3094 1869 3126 2.
1989 3102 2022 3134 x)
2049 3096 2159 3138 capud
2187 3097 2398 3138 presentibus

195 3150 403 3184 cinseramus
427 3150 460 3184 2.
575 3150 608 3194 5)
634 3156 673 3184 ut
696 3149 729 3184 2.
846 3151 878 3193 Ζ)
903 3153 993 3185 deest
1016 3152 1046 3185 2.
1167 3157 1199 3193 ³)
1225 3159 1259 3186 et
1283 3153 1312 3184 2.
1432 3153 1464 3195 b)
1493 3154 1665 3186 salubrius
1691 3159 1725 3185 et
1750 3154 1817 3185 des.
1840 3153 1868 3185 1.
1980 3154 2009 3195 c)
2036 3153 2123 3185 notis
2148 3154 2178 3184 2.
2293 3151 2326 3187 d)
2353 3155 2400 3185 sic

128 3213 161 3239 40
195 3212 309 3241 vestra
331 3207 363 3242 2.
458 3211 489 3251 0)
514 3210 707 3243 concordati
734 3210 769 3250 1;
802 3211 1036 3243 concordantis
1062 3210 1092 3242 ⁶2.
1190 3208 1218 3251 f)
1245 3222 1362 3243 sumus
1389 3210 1418 3243 1.
1525 3209 1558 3252 8)
1584 3211 1734 3244 locatum
1760 3210 1790 3242 2.
1896 3209 1928 3246 ¹¹)
1955 3210 2044 3242 deest
2069 3209 2100 3242 2.
2196 3208 2218 3247 ³)
2246 3210 2335 3242 deest
2366 3210 2399 3247 l;

193 3265 278 3299 forte
302 3264 333 3299 2.
472 3264 508 3308 k)
544 3271 618 3300 tum
641 3266 672 3300 2.
814 3265 840 3310 1)
877 3268 969 3300 deest
994 3267 1023 3299 1.
1166 3269 1207 3309 ¹¹²)
1244 3269 1286 3301 ad
1312 3286 1353 3291 —-
1379 3269 1520 3301 ecclesie
1551 3268 1619 3300 des.
1644 3266 1674 3299 2.
1814 3274 1847 3305 ¹¹)
1887 3268 2041 3309 primitiis
2066 3269 2097 3299 2.
2240 3274 2271 3307 0)
2311 3273 2342 3299 et
2369 3268 2400 3300 2.

193 3321 227 3363 P)
252 3328 365 3357 nostre
392 3323 425 3365 1;
452 3329 510 3357 tue
533 3323 565 3357 2.
673 3324 706 3366 q)
732 3326 936 3358 fastiderunt
959 3323 997 3363 2;
1024 3326 1128 3359 totius
1155 3326 1252 3358 deest.
1311 3319 1314 3323 ⁴
1364 3331 1391 3365 r)
1418 3331 1451 3358 et
1476 3326 1596 3358 seriem
1622 3325 1691 3358 cles.
1712 3325 1740 3357 1.
1848 3328 1875 3365 ³)
1903 3325 2043 3357 alterius
2070 3326 2099 3357 2.
2197 3325 2222 3365 t)
2248 3326 2338 3358 deest
2366 3326 2398 3363 13

194 3385 348 3413 nostrum
373 3380 406 3414 2.
522 3382 557 3425 ¹²)
585 3383 639 3414 vel
663 3382 833 3416 demulcet
859 3383 940 3415 add.
959 3382 990 3416 2.

331 3448 417 3484 254.
449 3449 481 3492 ³²)
507 3452 689 3494 praecedit
715 3452 752 3484 in
776 3451 816 3485 2:
852 3453 1047 3485 Fridericus
1084 3453 1289 3495 quibusdam
1321 3453 1571 3491 cardinalibus3
1608 3452 1747 3484 rubrica
1779 3452 1816 3483 ivn
1841 3450 1876 3482 ⁶2:
1914 3452 2125 3492 Quibusdam
2155 3452 2398 3484 cardinalibus.

128 3512 162 3538 45
199 3507 480 3551 Compositionem
505 3509 599 3552 pacis
623 3510 712 3542 inter
736 3521 771 3542 se
797 3515 830 3542 et
854 3521 976 3553 papam
1001 3521 1119 3543 eorum
1144 3510 1323 3543 committit
1347 3510 1488 3542 arbitrio
1497 3521 1505 3548 ς
1532 3509 1671 3541 rubrica
1696 3510 1730 3541 in
1754 3508 1791 3541 3:
1818 3510 2031 3549 Quibusdam
2058 3509 2290 3541 cardinalibus
2308 3520 2398 3540 cem-

192 3564 299 3599 mittit
322 3569 523 3609 potestatem
548 3567 761 3600 reformande
785 3569 880 3610 pacis
906 3569 995 3600 inter
1019 3569 1131 3611 ipsum
1156 3574 1189 3600 et
1212 3579 1347 3611 papam.
1454 3566 1486 3608 b)
1512 3573 1551 3599 ut
1575 3579 1600 3600 s.
1627 3567 1695 3600 cles.
1714 3567 1745 3600 3.
1856 3566 1886 3607 e)
1913 3567 2000 3599 deest
2029 3566 2056 3599 1.
2083 3566 2114 3599 3.
2218 3565 2250 3606 cl)
2276 3566 2335 3598 alu
2363 3567 2398 3604 l;

197 3622 333 3655 aliunde
357 3622 389 3656 2.
414 3622 446 3656 3.
587 3623 618 3665 θ)
654 3630 870 3668 peroptamus
895 3624 933 3665 2;
972 3627 1179 3669 peroptando
1204 3625 1235 3658 3.
1382 3624 1411 3667 s)
1447 3626 1536 3658 sicut
1560 3624 1591 3657 3.
1734 3627 1767 3665 8)
1803 3631 1836 3657 et
1861 3625 1942 3656 aad.
1963 3623 1994 3656 2,
2020 3623 2052 3656 3.
2194 3622 2225 3663 ¹¹)
2263 3634 2343 3665 pace
2368 3622 2398 3654 2.

198 3675 222 3720 i)
246 3679 336 3713 Illud
359 3679 390 3713 2.
417 3680 449 3714 3.
566 3678 600 3722 k)
625 3681 716 3714 deest
739 3681 771 3714 2.

332 3752 381 3777 m..
408 3752 696 3777 cousrrrurmuss
713 3753 746 3777 11.
2080 3741 2124 3774 45
