2558 3970
118 948 152 974 10

114 1341 146 1366 1⁵

112 2033 145 2059 25

113 2387 146 2413 ³0

733 155 975 192 FRIDERICI
1002 157 1045 192 II.
1072 156 1501 196 CONSTITUTIONES.
1555 163 1654 198 1242.
1703 163 1766 200 Nr.
1784 163 1861 199 238.
2316 168 2395 208 327

827 305 932 350 238.
974 309 1279 352 EPISTOLA
1328 310 1572 353 TERTIA.
1634 312 1761 363 (Iul.)

337 385 521 427 Tertiam
551 388 779 438 epistolam,
811 403 915 441 quae
946 392 1082 430 coestat
1110 390 1235 430 etiam
1260 391 1369 432 inter
1389 392 1584 442 epistolas
1607 392 1725 433 Petri
1746 393 1794 433 de
1822 393 1963 434 Vincis
1995 395 2021 437 l.
2047 395 2081 444 I,
2113 409 2145 436 c.
2169 400 2233 446 14,
2265 411 2396 450 recoq-

188 453 377 495 novimus
418 466 489 506 ope
532 454 574 510 1)
606 455 755 497 codicis
786 456 1086 498 Panormitam
1122 459 1332 510 principis
1363 458 1562 507 Fitaliae,
1606 464 1769 512 e1›.23;
1809 461 1853 515 2)
1892 462 2041 503 codicis
2076 464 2397 518 Guelferbytani

186 523 297 574 Any.
319 522 376 564 4⁰
406 522 539 565 XIII.
560 527 587 564 3
618 525 662 564 in
686 525 793 566 libro
816 525 852 574 Ι,
885 540 946 578 ep.
967 528 1043 575 14;
1076 527 1119 580 3)
1143 526 1292 567 codicis
1314 526 1511 567 Parisini
1535 527 1607 569 lat.
1630 530 1768 568 13059
1791 528 1854 578 (S.
1881 531 2085 571 (im-main
2106 531 2275 586 Ilm-lay
2291 535 2396 581 455)

184 604 290 643 pars
310 590 346 641 I,
378 604 445 633 nr.
471 595 525 633 14
541 591 619 647 fol.
638 589 700 644 4';
732 593 777 648 4)
800 594 949 636 codicis
978 594 1328 647 Wilherinqensis
1353 608 1460 647 pars
1482 595 1543 643 II,
1567 610 1627 647 ep.
1653 599 1756 645 11&
1788 598 1832 643 5')
1855 598 1936 638 cod.
1963 598 2290 641 Vimloboncnse's
2313 602 2396 641 :390

187 659 361 714 (Philol.
385 662 490 710 305)
516 660 595 716 fol.
616 664 710 713 163,
731 677 793 717 cp.
811 665 920 714 2286,-
943 663 987 717 6)
1011 663 1160 705 codicis
1182 663 1300 705 Petra·
1323 664 1371 704 dc
1404 664 1545 705 Vincis
1567 664 1948 716 Montispcssulani
1969 670 2052 708 351
2085 669 2152 710 lib.
2180 670 2216 718 Ι,
2247 684 2307 722 cp.
2331 673 2394 719 14,

187 743 207 771 e
247 743 326 782 quo
365 732 501 771 tamen
533 745 771 783 perpaucae
811 733 955 773 variae
995 733 1185 774 lectiones
1223 732 1491 773 adnotandae
1531 736 1665 774 crant.
1731 734 2002 776 Collale'oncm
2040 737 2216 778 alterius
2247 739 2395 779 codicis

187 797 568 850 Montispessulani
599 801 682 840 139
727 801 895 841 omnino
941 801 1057 842 reiici
1103 801 1234 843 licuit.
1294 801 1451 842 Exstat
1486 805 1707 853 praeterea
1754 804 1800 843 viu
1846 803 1929 844 cod.
1971 804 2008 842 V
2008 804 2275 847 indobonensi
2311 810 2394 847 409

187 866 364 919 (Philol.
389 870 462 921 61)
478 867 558 921 fol.
582 869 674 910 771.
699 894 753 898 —
775 868 1222 911 Huillarcl-Breholles
1243 869 1313 920 VI,
1338 871 1392 909 59
1415 870 1597 923 (collatis
1617 871 1897 923 compluribus
1921 872 2123 913 codicibus
2147 874 2395 928 Parisinis).

186 935 382 986 Bo'lmzer,
414 935 514 990 Rey.
548 938 648 992 imp.
679 937 723 986 V,
745 940 871 980 3313.
2036 941 2106 992 (P.
2132 945 2251 996 340.)

328 1051 571 1094 Fridericus
615 1058 694 1095 etc.
739 1053 1031 1095 cardinalibus
1071 1057 1173 1096 etc·
1295 1053 1363 1094 Ex
1407 1054 1576 1095 fervore
1623 1056 1813 1096 caritatis
1857 1057 2089 1098 intrinsece
2133 1057 2391 1113 decapitatis

183 1121 387 1162 membris
420 1122 655 1177 imperialis
689 1122 955 1164 excellentia
988 1122 1229 1173 condoletb,
1265 1136 1320 1164 ex
1343 1122 1616 1164 indivisibilis
1641 1123 1885 1165 dilectionis
1918 1125 2103 1169 adfectu.
2139 1141 2266 1182 quem
2289 1141 2392 1181 erga

183 1190 331 1231 matris
378 1189 511 1232 ubera
551 1191 666 1246 gerit
704 1191 817 1233 filius
858 1198 978 1246 tame,
1009 1192 1201 1243 adultus,
1248 1192 1435 1233 ecclesie
1480 1192 1650 1233 viduate
1695 1195 1955 1249 compatitur
2002 1202 2044 1236 et
2087 1197 2390 1252 compatiendo

183 1259 404 1311 turbatur,
452 1265 498 1301 ut
545 1261 614 1302 eui
660 1267 856 1303 materna
898 1260 1116 1302 suavitasd
1160 1260 1401 1302 dulcedinis
1446 1261 1679 1302 alimenta⁰
1720 1264 2011 1305 communicat
2052 1265 2117 1305 ets
2147 1265 2392 1308 dilectionis

182 1328 418 1370 interulasc
451 1329 760 1380 subministrat,
794 1329 953 1371 doloris
987 1330 1135 1386 procul
1168 1329 1296 1371 dubio
1329 1344 1415 1370 non
1449 1331 1504 1371 sit
1537 1345 1709 1386 expers.
1765 1331 1901 1373 Dolor
1924 1341 1989 1374 est
2012 1334 2240 1389 siquidem.
2274 1335 2395 1376 dolor

179 1398 355 1454 ingens,
389 1399 424 1439 si
458 1397 658 1440 Romana
690 1398 893 1450 ecclesia,
935 1413 1017 1454 que
1050 1405 1190 1440 mater
1222 1413 1318 1440 esse
1352 1399 1482 1440 debet
1514 1401 1703 1441 omnium
1737 1408 1779 1441 et
1812 1402 2039 1456 magistra,
2074 1404 2114 1444 in
2149 1418 2231 1459 qua
2267 1419 2392 1446 secus

180 1465 388 1509 decursus
428 1481 635 1524 aquarum
677 1469 872 1524 plantata
915 1475 1014 1511 sunt
1053 1469 1172 1524 ligna
1216 1469 1419 1515 scientie,
1467 1470 1652 1524 pastoris
1686 1471 1842 1511 solatio
1877 1480 2042 1516 careat.
2090 1481 2132 1514 et
2164 1487 2246 1528 que
2282 1475 2392 1515 viam

179 1537 363 1593 prebere
395 1542 569 1580 tenetur
601 1538 735 1588 aliish‚
769 1539 944 1595 penitus
978 1539 1185 1580 oberrans
1218 1538 1260 1579 in
1293 1538 1427 1586 invio,
1462 1547 1640 1593 cogatur
1672 1539 1895 1582 addiscere
1936 1556 2019 1597 que
2061 1542 2203 1584 facere
2240 1543 2391 1584 debuit

181 1611 225 1649 et
262 1606 436 1650 docere.
506 1607 620 1650 Sane
663 1615 810 1652 contra
849 1609 1058 1650 naturalis
1101 1607 1261 1649 ordinis
1302 1607 1513 1649 tramitesi
1548 1609 1654 1650 mira
1695 1623 1764 1650 res
1806 1611 1959 1665 agitur,
2000 1611 2099 1652 dum
2142 1612 2392 1654 revolutask

182 1675 373 1732 undique
405 1691 538 1732 aquas
570 1678 755 1734 abyssus
788 1679 991 1734 denegat,
1026 1691 1131 1733 quas
1154 1677 1362 1718 virtutum
1395 1676 1587 1723 ariditas,
1621 1683 1668 1719 ut
1691 1678 1918 1726 credimus,
1952 1680 2036 1721 iam
2061 1682 2257 1725 siccavit:
2291 1682 2390 1723 dum

182 1743 303 1787 Petri
344 1746 575 1789 naviculal.
622 1761 747 1803 quam
783 1747 1031 1803 cupiditatis
1072 1747 1281 1787 flammam
1315 1746 1520 1787 vallavitn
1552 1748 1595 1787 in
1629 1748 1787 1801 girum,
1834 1756 2059 1790 nautarum
2095 1751 2220 1805 culpa
2253 1753 2388 1806 presi-

183 1813 402 1856 dentium⁰
443 1816 644 1871 procellis
682 1816 1070 1858 intumescentibus
1104 1822 1441 1870 conquassatur:
1484 1815 1584 1856 dum
1624 1825 1762 1857 mater
1801 1819 2007 1863 eeclesia.
2055 1833 2136 1874 que
2170 1821 2211 1860 in
2246 1821 2390 1865 Petro.

181 1884 309 1926 immo
346 1885 388 1926 in
428 1891 553 1942 petra
592 1886 734 1942 posuit
772 1886 1121 1936 fundamentum,
1166 1891 1323 1926 sensup
1366 1885 1535 1940 privata
1574 1887 1774 1941 proprioq
1815 1889 2044 1929 remansitr
2084 1895 2154 1929 ut¹⁵
2187 1890 2390 1945 indigena

183 1953 372 1997 viduata.
435 1954 570 2008 Ecce,
617 1955 831 2012 siquidem
871 1955 1106 2012 perdentet
1144 1953 1315 1996 Christo
1355 1954 1580 2004 vicarium,
1626 1956 1827 2011 princeps
1869 1958 2163 2012 apostolorum
2206 1960 2394 2015 perdidit

183 2032 530 2076 successoremu,
575 2031 644 2067 etV
675 2026 882 2082 pastorali
915 2025 1126 2080 regimine
1159 2037 1268 2079 grex
1304 2022 1581 2065 dominicusW
1614 2030 1681 2065 est
1713 2026 1919 2081 privatus.
1985 2026 2100 2068 Sed¹
2134 2028 2390 2081 cardinales,

183 2093 367 2136 ecclesie
412 2095 609 2136 cardines
652 2099 695 2136 et
739 2095 961 2144 columne,
1009 2100 1142 2148 quosy
1175 2093 1404 2133 diminutio
1449 2094 1602 2148 capitis
1635 2094 1879 2149 eclipsavit.
1929 2096 2078 2150 quales
2114 2098 2263 2138 eritisz
2296 2099 2391 2139 aliis

182 2161 487 2217 impetratores
520 2164 687 2213 venie³‚
721 2165 808 2219 qui.
843 2164 877 2205 si
912 2164 1069 2205 veritas
1103 2162 1183 2203 sub
1216 2162 1360 2203 modio
1393 2176 1477 2203 non
1508 2163 1686 2207 celatur.
1721 2177 1806 2204 non
1830 2164 2026 2206 sufficitis
2051 2165 2105 2207 ad
2127 2167 2390 2208 vindictam?

183 2229 345 2278 Quales
378 2233 557 2274 semitas
591 2233 848 2274 ostenditisb
883 2232 1148 2280 errantibus,
1183 2232 1254 2286 qui
1296 2245 1321 2272 a
1343 2230 1596 2272 directionis
1631 2233 1880 2287 gressibusc
1911 2233 2121 2276 deviatis?
2175 2235 2389 2278 Sedentes

183 2300 297 2342 enim
329 2305 376 2342 ut
407 2303 585 2353 colubri,
619 2316 704 2344 non
739 2316 821 2358 que
846 2316 1015 2344 sursum
1039 2306 1138 2342 sunt
1161 2301 1327 2356 sapitis,
1362 2300 1438 2342 sed
1463 2314 1544 2356 que
1569 2308 1669 2343 ante
1695 2302 1842 2344 oculos
1866 2303 1976 2344 sitad
2010 2311 2109 2345 sunt
2132 2306 2349 2347 mundana
2362 2313 2389 2351 Θ,

181 2382 266 2411 non
308 2371 571 2426 spiritualia,
618 2372 884 2414 intuentibus
931 2370 1170 2428 providetis
1260 2369 1359 2410 Sitit
1401 2370 1582 2425 quilibet
1622 2372 1889 2426 presulatum
1925 2378 1968 2414 et
1999 2375 2198 2429 papalem
2232 2375 2390 2416 esurits

177 2439 366 2494 apicem,
400 2446 528 2496 prout
560 2442 796 2483 voluntatis
829 2447 950 2482 tonat
982 2440 1249 2489 arbitriumss,
1285 2445 1328 2480 et
1361 2440 1515 2480 merita
1549 2454 1633 2480 non
1666 2441 1945 2482 subserviunt
1977 2443 2173 2486 rationih.
2209 2458 2386 2499 quorum

177 2507 320 2550 vultus
353 2509 512 2550 invidie
546 2511 725 2552 maculis
759 2511 818 2552 sic
851 2509 979 2552 livor¹
1012 2509 1259 2565 cupiditatis
1294 2508 1483 2556 obducit,
1518 2509 1632 2564 quod
1665 2517 1820 2551 neuter
1854 2511 1999 2552 vivere
2024 2512 2126 2553 velit
2159 2512 2387 2564 alterumk,

177 2576 334 2619 nedum
385 2579 660 2634 pontificatus
706 2580 883 2635 fastigio
929 2579 1244 2620 cathedratum.
1307 2578 1507 2619 Movetur
1537 2579 1682 2634 igitur,
1727 2579 1948 2620 movetur1
1980 2587 2023 2622 et
2055 2581 2207 2622 merito
2241 2588 2385 2624 nostre

177 2647 416 2689 maiestatis
457 2649 671 2691 industria
717 2655 760 2691 et
803 2655 924 2692 tanto
978 2648 1134 2691 fortius
1182 2648 1338 2690 doloris
1391 2648 1542 2689 aculeo
1587 2649 1815 2704 pungitur.
1863 2656 2062 2705 quantom
2100 2663 2176 2705 pre
2220 2653 2385 2693 cunctis

123 2730 154 2757 35
178 2717 409 2771 gentibus11
441 2723 484 2760 et
526 2719 673 2761 mundi
712 2719 980 2776 principibus
1011 2718 1208 2762 Romane
1242 2718 1424 2760 ecclesie
1457 2719 1711 2775 imperium⁰
1745 2719 1968 2760 vicinatur.
2033 2718 2189 2761 Cesset
2221 2720 2382 2775 itaque.

112 3081 147 3108 4⁰

113 3368 146 3394 45

179 2790 322 2828 cesset
362 2788 545 2829 materia
586 2789 803 2842 scandali,
847 2793 990 2830 cesset
1030 2789 1143 2830 inter
1176 2802 1252 2829 vos
1296 2788 1444 2829 innata
1484 2787 1721 2839 dissensio,
1764 2802 1849 2829 non
1881 2802 1957 2829 vos
1991 2788 2171 2830 seducat
2203 2790 2384 2844 angelus

316 2900 402 2937 238.
436 2902 468 2944 ¹³)
494 2903 669 2947 inscriptio
694 2905 731 2937 i'n
755 2902 786 2936 2.
803 2902 836 2937 4.
854 2904 885 2938 5.
1026 2901 1061 2947 b)
1087 2909 1121 2937 et
1145 2903 1226 2936 add.
1249 2902 1281 2936 4.
1298 2902 1330 2936 5.
1465 2903 1495 2945 ⁰)
1521 2904 1589 2936 iam
1615 2903 1645 2937 5.
1773 2901 1805 2946 d)
1830 2904 1886 2937 cui
1912 2905 2050 2936 materia
2075 2905 2258 2937 suavitatis
2286 2904 2385 2938 1—3.

179 2956 211 2999 e)
236 2959 396 2993 alimenta
421 2978 466 2984 —
490 2961 680 2995 dilectionis
706 2962 774 2996 des.
795 2962 824 2994 1.
944 2959 977 3003 f)
1003 2967 1189 3004 augmenta
1215 2960 1296 2994 add.
1315 2959 1348 2993 2.
1455 2961 1488 3000 Β)
1515 2961 1658 2994 interius
1685 2958 1785 2994 1—3.
1880 2959 1915 3003 h)
1942 2962 2061 3004 prebet
2085 2961 2159 2994 aliis
2185 2968 2319 2995 tenetur
2343 2961 2383 3001 4;

178 3015 254 3048 aliis
277 3017 418 3060 prebere
442 3023 578 3052 tenetur
602 3018 633 3052 5.
750 3017 775 3063 i)
801 3019 953 3052 ordinem
978 3018 1123 3052 tramitis
1146 3016 1178 3051 4.
1205 3018 1235 3052 5.
1331 3015 1365 3053 k)
1393 3018 1548 3051 revoluta
1574 3017 1605 3051 1.
1630 3017 1651 3051 3
1660 3031 1668 3058 ;
1694 3018 1866 3051 revolutos
1891 3017 1921 3051 4.
2017 3017 2042 3059 ¹)
2069 3019 2267 3052 naviculam
2291 3017 2324 3052 4.
2350 3019 2382 3053 5.

179 3071 222 3114 ¹¹²)
247 3074 387 3109 flamina
411 3073 444 3109 3.
583 3076 618 3119 ¹1¹)
645 3077 692 3110 sic
716 3076 737 3109 6
746 3089 754 3116 ;
786 3077 920 3110 voravit
947 3075 1045 3108 1—5.
1186 3076 1218 3116 0)
1251 3076 1298 3108 sic
1315 3074 1346 3117 6,
1373 3075 1445 3108 cod.
1471 3075 1634 3119 Alontiep.
1654 3078 1725 3116 139,
1751 3076 1928 3114 editionem
1953 3082 2139 3110 nautarum
2164 3083 2197 3109 et
2222 3077 2255 3109 in
2281 3077 2384 3121 culpa

178 3131 321 3173 presidis
338 3132 370 3166 1.
388 3132 426 3172 2;
451 3138 637 3168 nautarum
661 3135 698 3168 in
723 3135 827 3179 culpa
851 3134 1095 3178 presidentium
1119 3131 1159 3174 33
1185 3133 1301 3166 nautis
1324 3133 1517 3176 presidibus
1536 3132 1567 3166 4.
1586 3133 1616 3167 5.
1712 3133 1746 3174 P)
1772 3134 1845 3166 viro
1859 3132 1890 3166 6.
1909 3134 1984 3166 edd.
2080 3135 2113 3177 q)
2140 3145 2200 3167 suo
2225 3135 2283 3168 sed
2300 3133 2331 3167 4.
2350 3135 2382 3169 5.

176 3187 205 3229 ¹')
228 3196 401 3225 manserat
424 3190 464 3232 4;
490 3193 651 3226 manserit
676 3192 708 3227 5.
828 3192 856 3234 εὃ)
882 3193 972 3225 deest
996 3190 1028 3224 3.
1135 3189 1162 3233 t)
1188 3191 1357 3234 pendente
1383 3190 1412 3223 1.
1439 3190 1471 3224 6.
1577 3191 1611 3232 u)
1638 3201 1729 3224 succ.
1755 3191 1847 3234 perd.
1874 3189 1905 3224 2.
1923 3190 1954 3223 4.
1972 3190 2003 3223 5.
2110 3191 2142 3233 v)
2167 3192 2258 3225 deest
2281 3191 2381 3225 3-6.

177 3244 218 3289 W)
235 3258 306 3289 pro
328 3260 414 3292 grex
437 3250 626 3283 dominicus
650 3249 683 3283 4.
709 3250 746 3284 5:
772 3251 801 3283 si
825 3261 868 3283 ex
892 3250 1048 3283 dominis.
1164 3247 1199 3290 ¹)
1225 3259 1286 3281 vos
1311 3248 1393 3280 add.
1411 3246 1443 3280 4.
1469 3247 1499 3281 5.
1632 3247 1665 3291 y)
1690 3246 1720 3280 4.
1748 3247 1770 3281 5
1794 3259 1889 3281 verso
1915 3248 2034 3281 ordine
2059 3249 2179 3291 quales
2205 3267 2247 3271 —
2273 3250 2381 3290 venie,

179 3314 264 3345 quos
287 3322 333 3328 —-
357 3307 545 3350 eclipsavit.
662 3307 692 3349 z)
718 3308 839 3341 ceteris
865 3305 894 3339 1.
921 3305 959 3345 2;
985 3306 1110 3339 cecatis
1134 3304 1164 3338 3.
1276 3303 1309 3348 ⁸)
1335 3305 1482 3338 existitis
1507 3305 1590 3337 add.
1612 3304 1711 3338 1—3.
1807 3303 1840 3347 b)
1866 3306 2049 3339 ostendetis
2074 3304 2105 3339 4.
2132 3305 2164 3339 5.
2260 3305 2290 3350 c)
2315 3312 2383 3339 tra-

179 3362 259 3395 mite
281 3361 315 3396 4.
338 3362 371 3397 5.
488 3362 520 3406 d)
554 3366 584 3398 si
607 3363 639 3398 3.
781 3364 811 3407 θ)
843 3377 909 3408 pro
933 3365 1051 3397 mund.
1076 3374 1147 3397 non
1171 3363 1363 3406 spiritualia
1390 3363 1419 3396 1.
1444 3361 1484 3396 3:
1510 3363 1688 3401 ecclesias;
1717 3374 1782 3405 pro
1807 3363 1981 3395 mundana
2005 3381 2048 3385 —
2073 3363 2258 3406 providetis
2284 3363 2316 3396 4.
2342 3363 2379 3396 5:

179 3419 348 3454 intuentes
372 3423 532 3465 ymagine
556 3424 774 3467 prosperitati
798 3422 1000 3467 (perspicaci
1026 3421 1072 3463 5).
1213 3419 1245 3463 f)
1273 3422 1385 3454 exurit
1409 3420 1441 3454 3.
1571 3424 1604 3462 Β)
1638 3420 1797 3454 voluntas
1823 3421 1929 3453 dictat
1953 3421 2084 3453 arbitrii
2110 3419 2140 3453 3.
2259 3418 2292 3461 h)
2312 3431 2381 3462 pro

180 3477 302 3510 rationi
325 3497 370 3502 —
393 3480 536 3513 maculis
561 3480 592 3513 4.
620 3479 658 3514 5:
684 3481 837 3523 rationis,
863 3492 948 3523 quos
973 3481 1021 3513 sic
1046 3479 1145 3512 ulcus
1171 3479 1299 3511 invidie
1323 3479 1483 3511 maculat.
1591 3475 1616 3520 i)
1641 3478 1727 3511 huet
1750 3477 1782 3511 3.
1877 3476 1910 3519 k)
1936 3478 2040 3511 vellet
2063 3478 2264 3511 alterutrum
2291 3477 2322 3510 4.
2348 3477 2378 3509 5.

178 3530 205 3575 1)
230 3534 320 3568 deest
343 3535 373 3569 1.
490 3536 534 3579 m)
557 3539 783 3582 propinquius
807 3538 890 3571 add.
907 3536 940 3570 4.
967 3537 998 3571 5.
1132 3538 1165 3577 n)
1185 3547 1255 3578 pro
1279 3541 1372 3579 gent.
1399 3540 1432 3569 et
1458 3536 1575 3568 mundi
1601 3534 1630 3567 4.
1658 3534 1694 3568 5:
1729 3536 1868 3579 regibus
1893 3541 1926 3569 et
1950 3541 2048 3570 terre.
2168 3535 2200 3577 ⁰)
2225 3536 2316 3569 deest
2342 3535 2378 3573 l;

179 3590 369 3626 Romanum
394 3594 572 3637 imperium
596 3593 629 3628 4.
654 3594 686 3628 5.

115 3684 149 3717 59

69 3846 116 3970 i

318 3683 353 3725 1)
388 3682 427 3717 V.
453 3683 633 3728 Barwazd,
662 3684 756 3723 ‘Das
781 3685 1141 3731 Baunzyartenberyer
1165 3683 1412 3721 Formelbuch'
1431 3694 1469 3728 p.
1488 3688 1556 3718 441
1579 3693 1635 3717 nr.
1653 3687 1703 3717 35.
