2558 3970
188 210 268 245 5511
322 204 505 238 FRBANI
526 203 583 236 ir.
612 202 755 235 nrls'r.
778 198 1434 234 01)(’οΝ11111οΝΙΒ1150111010
1456 199 1624 233 00111Τ1
1645 199 1907 233 FACIENms.
1946 201 2044 235 1263.
2084 201 2230 236 N2·.423.

307 318 427 357 110111
462 316 599 355 dictus
632 328 773 355 comcs
807 328 942 368 usque
977 313 1028 354 ad
1063 327 1220 354 annum
1254 312 1350 354 ctc.’
1384 313 1492 367 petit
1523 312 1640 353 addi:
1676 313 1772 354 ‘nisi
1803 313 1932 355 fuerit
1962 315 2155 369 legitimo
2188 316 2368 372 impedi-

304 395 446 424 mento
480 383 694 427 detentus,
729 382 781 424 de
815 397 896 437 quo
930 382 1129 422 dominus
1162 395 1275 436 papa
1308 395 1571 436 cognoscere
1604 381 1761 423 debeat
1793 387 1836 424 et
1866 388 1995 438 prout
2018 385 2369 439 expediressvide-

303 454 414 492 bitur
448 450 685 492 iudicare's.
746 451 855 492 Item
889 452 930 491 in
965 450 1117 492 eodem
1150 450 1360 504 capitulo,
1401 450 1473 490 ubi
1505 449 1661 491 dicitur
1693 454 1844 492 ‘morte
1877 452 2142 507 preventus⁷,
2175 453 2371 494 similiter

300 520 501 560 addatur:
536 520 616 560 ·vel
649 519 734 560 alio
769 519 969 560 detentus
1002 519 1310 574 impedimento
1342 519 1554 573 legitimo,
1596 518 1648 559 de
1681 532 1762 573 quo
1803 520 1999 560 similiter
2031 520 2228 562 dominus
2259 535 2371 576 papa

303 594 533 643 cognoscat
565 594 607 629 et
641 587 818 638 iudicet,
859 592 985 641 prout
1015 586 1251 628 secundum
1283 586 1424 627 Deum
1461 587 1589 628 fuerit
1619 586 1890 628 faeiendum’.
1986 595 2100 636 (XIII)
2132 589 2266 630 Itemc
2297 590 2370 630 tri-

299 657 504 697 cesimum
547 657 730 710 primum
771 655 1033 710 capitulumg
1066 655 1176 710 quod
1218 655 1367 709 incipit
1409 655 1533 696 'Item
1565 660 1794 711 postquam
1826 656 1966 697 dictus
2000 671 2144 698 comes
2177 657 2369 713 predicta

300 739 476 779 rognum
520 724 664 766 Sicilie
703 739 750 765 ac
793 730 951 765 terram
994 724 1193 765 habuerit
1230 723 1326 765 etos
1378 724 1538 779 petitur
1577 724 1768 765 totaliter
1812 725 2023 776 amoveri,
2071 726 2171 780 quia
2221 730 2371 767 contu-

302 793 523 833 meliosum
557 799 671 834 esset
704 793 846 833 comiti
879 798 921 833 et
959 792 1152 833 homines
1186 792 1328 846 Regni
1361 796 1510 833 essent
1542 792 1682 833 minus
1716 791 1970 834 obedientes
2003 793 2166 841 eidem;
2199 793 2374 836 daretur

300 863 427 902 otiam
461 876 537 917 per
570 862 649 903 hoc
683 862 926 902 hominibus
949 861 1050 902 dicti
1084 862 1207 916 regni
1229 861 1413 912 occasio,
1447 865 1593 902 contra
1616 875 1763 916 regem
1795 862 2069 916 insurgendi;
2104 866 2146 903 et
2167 863 2266 917 quia
2288 877 2373 904 non

301 931 378 970 fuit
411 944 507 971 cum
541 931 628 970 suis
670 930 828 970 nuntiis
861 930 913 971 de
947 930 1025 971 hoc
1064 935 1227 971 tactum
1261 930 1419 985 aliquid
1453 931 1495 971 in
1528 935 1734 978 tractatu;
1775 935 1818 972 et
1850 931 1948 986 quia
1980 931 2085 972 satis
2117 932 2275 986 ligatus
2307 936 2372 973 est

301 1014 444 1040 comes
485 1013 561 1053 per
592 998 868 1053 procedentia
901 999 954 1040 ad
997 1000 1304 1055 premissorum
1337 999 1684 1041 observationem
1716 1004 1780 1050 et,
1818 999 1931 1054 quod
1971 1000 2144 1054 gravius
2177 1005 2260 1052 est,
2298 1000 2375 1042 do-

301 1069 441 1108 minus
474 1081 550 1108 rex
583 1067 764 1109 Francie
799 1073 842 1109 et
875 1069 1010 1123 ipsius
1035 1068 1262 1109 consilium
1288 1068 1535 1109 nullatenus
1559 1068 1789 1109 consulunt
1811 1081 1890 1109 nec
1915 1068 2046 1109 etiam
2070 1070 2375 1121 consentirent,

302 1137 427 1175 11111110
467 1136 656 1190 graviter
695 1137 806 1190 gerit
846 1137 959 1177 istud
1003 1137 1258 1192 capitulum,
1307 1136 1419 1191 quod
1463 1137 1624 1191 petitur
1665 1151 1690 1177 a
1733 1136 1889 1177 comite
1932 1137 2193 1192 supradicto.
2264 1138 2376 1179 Nam

303 1204 469 1245 videtur
515 1205 699 1246 eisdem.
745 1205 856 1260 quod
903 1206 989 1246 tale
1036 1205 1137 1260 quid
1177 1210 1295 1247 esset
1336 1205 1389 1246 ab
1428 1205 1673 1246 infidelibus
1707 1209 1750 1246 et
1789 1219 1892 1260 sepe
1925 1207 2250 1248 contumacibus
2283 1207 2374 1248 exi-

301 1273 501 1327 gendum.
535 1279 577 1314 et
609 1288 691 1314 non
724 1288 747 1315 a
779 1274 893 1315 fideli
926 1275 1069 1329 aliquo
1101 1274 1348 1315 christiano.
1459 1280 1569 1321 (XIV)
1601 1273 1738 1314 Itemc
1769 1275 1943 1329 petitur,
1977 1274 2088 1329 quod
2112 1275 2372 1330 ubicumque

303 1343 355 1382 sit
388 1342 550 1383 mentio
584 1342 636 1383 de
669 1343 896 1384 amissione
928 1343 1090 1398 Regni,
1124 1344 1159 1384 si
1191 1357 1276 1384 non
1308 1343 1526 1397 paruerith
1558 1343 1863 1384 monitionibus
1895 1343 1976 1384 sibi
2008 1344 2158 1396 factis,
2192 1344 2376 1386 addatur

302 1412 383 1452 'vel
419 1412 453 1451 si
497 1412 682 1452 noluerit
724 1417 838 1453 stare
876 1411 992 1455 iuri³2
1034 1412 1193 1467 petitur
1226 1413 1379 1460 etiam,
1422 1412 1535 1467 quod
1567 1416 1778 1466 augeatur
1809 1416 1980 1467 tempus
2012 1413 2260 1453 monitionis
2293 1413 2375 1455 hoc

301 1479 442 1519 niodo:
478 1479 605 1534 'quod
639 1481 673 1520 si
705 1481 748 1521 in
781 1482 953 1536 propria
983 1494 1168 1535 persona
1200 1480 1389 1521 monitus
1422 1480 1563 1531 fuerit,
1597 1480 1758 1521 habeat
1791 1494 1867 1521 sex
1889 1495 2077 1532 menseS,
2109 1481 2144 1522 si
2175 1495 2251 1536 per
2278 1496 2376 1536 pro-

301 1557 541 1589 curatorem
567 1549 633 1589 vel
665 1549 851 1604 publice,
884 1549 1044 1591 habeat
1067 1563 1240 1601 annum,
1274 1550 1374 1604 quia
1404 1554 1550 1604 posset
1573 1563 1685 1601 esse,
1720 1549 1832 1604 quod
1863 1549 1947 1589 illis
1970 1550 2235 1604 temporibus
2258 1555 2377 1592 esset

300 1617 411 1657 ultra
443 1631 561 1658 mare
594 1618 661 1658 vel
695 1618 737 1657 in
769 1618 946 1658 remotis
979 1618 1174 1673 partibus
1209 1618 1385 1659 orientis
1420 1619 1487 1659 vel
1521 1616 1786 1660 occidentis’.
1876 1617 1978 1659 Alia
2010 1619 2154 1660 omnia
2186 1619 2375 1675 capitula

299 1685 496 1726 absolute
529 1690 570 1725 et
602 1687 854 1741 simpliciter
886 1687 1190 1730 conceduntur.

329 1753 394 1807 (3)
427 1753 755 1795 Deliberatione
788 1755 919 1808 igitur
951 1769 1045 1796 cum
1079 1756 1283 1796 fratribus
1317 1755 1476 1796 nostris
1508 1755 1671 1806 habita,
1704 1755 1805 1796 licet
1838 1755 2122 1807 conditiones,
2158 1770 2264 1811 quas
2296 1757 2375 1798 tibi

187 1822 460 1864 tradidimus,
507 1829 659 1863 exacta
702 1823 924 1878 diligentia
963 1824 1125 1865 fuerint
1166 1828 1342 1865 exarate
1385 1828 1428 1865 et
1469 1824 1521 1865 de
1565 1824 1745 1865 fratrum
1786 1828 2031 1865 nostrorum
2076 1825 2256 1866 consilio
2295 1826 2375 1866 tibi

188 1890 355 1931 tradite.
390 1891 625 1945 equitatem
658 1906 736 1946 per
767 1893 910 1933 omnia
941 1897 1087 1933 nostro
1119 1893 1278 1934 iudicio
1311 1893 1596 1944 continenteS,
1629 1893 1728 1947 quia
1760 1897 1905 1933 tamen
1938 1897 1981 1934 et
2012 1893 2151 1948 ipsum
2174 1895 2374 1935 comitem

188 1974 314 2014 super
355 1960 435 1999 hiis
480 1960 641 2001 instare
679 1961 889 2016 scripsisti
929 1975 1008 2002 nec
1048 1976 1133 2002 non
1175 1967 1218 2002 et
1256 1962 1524 2002 carissimum
1558 1962 1601 2001 in
1633 1960 1802 2002 Christo
1835 1961 1969 2002 filium
2002 1966 2196 2002 nostrum
2227 1961 2373 2003 Ludo-

188 2027 344 2068 vicumi
379 2028 589 2069 illustrem
621 2028 887 2070 Francorum
919 2044 1089 2085 regem,
1127 2031 1199 2085 qui
1231 2030 1496 2071 conditiones
1531 2030 1706 2071 easdem
1738 2029 1886 2070 audire
1918 2030 2054 2071 voluit
2085 2034 2129 2072 et
2161 2030 2376 2073 discutere

187 2097 450 2150 singillatim,
485 2111 615 2152 super
647 2096 772 2138 dictis
806 2098 997 2139 articulis
1031 2113 1136 2154 quos
1170 2099 1323 2140 misisti
1355 2099 1416 2140 sic
1447 2099 1523 2140 tibi
1557 2099 1758 2139 duximus
1793 2098 2158 2154 respondendum:

329 2165 393 2218 14)
432 2164 507 2205 Inc
554 2167 689 2221 primo
730 2166 901 2221 quidem
948 2168 1127 2208 articulo
1172 2167 1286 2209 dicte
1337 2167 1486 2208 cedule
1538 2168 1610 2222 qui
1658 2167 1808 2223 incipit
1848 2167 2031 2208 ‘Primus
2074 2168 2279 2209 articulus
2324 2168 2376 2210 de

188 2244 299 2274 terra
333 2233 428 2274 etc?
469 2240 511 2275 et
550 2235 592 2275 in
626 2241 775 2290 quarto
811 2236 881 2290 qui
921 2236 1069 2292 incipit
1111 2236 1174 2277 ·In
1208 2237 1393 2291 septimo
1427 2237 1616 2292 capitulo
1651 2235 1746 2278 etc.⁷
1789 2241 1831 2277 et
1863 2237 1906 2276 in
1939 2241 2090 2277 octavo
2123 2237 2194 2291 qui
2228 2237 2378 2292 incipit

188 2302 251 2342 'In
276 2303 479 2343 vicesimo
504 2302 722 2344 secundok
745 2304 931 2359 capitulo
955 2304 1048 2344 ete.7
1073 2308 1115 2345 et
1136 2305 1178 2345 in
1202 2304 1457 2345 duodecimo
1481 2305 1551 2360 qui
1575 2304 1723 2359 incipit
1745 2304 1809 2345 ‘In
1832 2305 2048 2346 tricesimo
2073 2305 2258 2360 capitulo
2280 2303 2375 2347 etc)

188 2380 229 2409 ct
272 2371 312 2410 in
355 2371 677 2425 quartodecimo
722 2386 797 2412 seu
835 2372 983 2413 ultimo
1024 2373 1094 2427 qui
1134 2374 1284 2428 incipit
1323 2373 1447 2414 ‘Item
1496 2373 1659 2428 petitur
1691 2371 1784 2415 etc.’
1829 2373 1958 2414 nichil
1991 2373 2192 2414 duximus
2222 2374 2375 2414 immu-

187 2439 384 2480 tandum.
430 2446 494 2480 set
526 2455 675 2482 omnes
709 2442 750 2481 in
784 2456 833 2482 eo
876 2446 1025 2483 tenore
1057 2448 1362 2497 permaneant,
1407 2457 1490 2497 quo
1524 2443 1601 2483 tibi
1633 2442 1808 2484 fuerunt
1840 2442 2003 2494 traditi,
2046 2446 2172 2497 prout
2202 2443 2245 2482 in
2276 2443 2377 2483 data

187 2508 262 2547 tibi
297 2509 437 2549 littera
470 2509 638 2563 plenius
671 2510 927 2562 continetur,
963 2511 1095 2551 salvis
1128 2511 1534 2563 modificationibus,
1567 2512 1601 2552 si
1624 2525 1730 2566 quas
1763 2511 1839 2551 tibi
1862 2510 2115 2551 tradidimus
2140 2524 2271 2566 super
2292 2510 2376 2551 illis

190 2577 253 2615 vel
295 2577 437 2631 aliquo
479 2577 723 2619 eorundem.
847 2577 911 2633 (5)
944 2579 1131 2620 Verumc
1164 2581 1206 2620 in
1249 2585 1372 2621 sexto
1405 2581 1586 2621 articulo
1619 2580 1811 2621 eiusdem
1843 2579 1994 2620 cedule
2027 2580 2097 2633 qui
2129 2579 2279 2634 incipit
2311 2579 2375 2619 ‘In

188 2644 440 2685 duodecimo
475 2647 659 2700 capitulo
692 2645 785 2688 etc.q
820 2647 949 2687 nichil
982 2648 1275 2689 intelleximus
1309 2662 1466 2689 novum
1489 2649 1579 2702 peti
1603 2651 1645 2689 et
1668 2647 1828 2689 idcireo
1852 2647 1965 2702 quod
1991 2648 2153 2702 petitur
2174 2648 2374 2688 duximus

188 2713 524 2755 concedendum.
645 2718 708 2768 (⁴5)
743 2715 818 2755 Inc
850 2716 996 2769 quinto
1029 2717 1208 2757 articulo
1242 2718 1312 2771 qui
1344 2717 1493 2772 incipit
1533 2716 1594 2757 ‘In
1628 2717 1793 2757 decimo
1826 2716 2029 2757 articulol
2062 2715 2172 2767 etcff,
2218 2717 2260 2756 in
2293 2731 2375 2771 quo

187 2780 237 2819 ‹le
271 2783 470 2822 trecentis
503 2783 710 2823 militibus
744 2783 910 2833 dicitur,
945 2784 1055 2838 quod
1088 2785 1243 2839 singuli
1277 2789 1460 2840 quatuor
1483 2786 1749 2840 equitaturas
1781 2785 1990 2837 habeant,
2024 2785 2123 2826 addi
2156 2785 2372 2826 volumus:

187 2850 268 2889 *vel
304 2859 390 2891 tres
424 2851 477 2891 ad
511 2850 677 2893 ininus'.
739 2852 831 2893 Nec
865 2854 979 2893 enim
1013 2858 1130 2895 esset
1162 2854 1214 2895 de
1248 2854 1523 2909 paucioribus
1546 2854 1831 2895 tolerandum.
1942 2852 2007 2910 (7)
2042 2853 2115 2894 Inc
2138 2867 2249 2894 nono
2273 2854 2373 2895 arti-

187 2918 280 2957 culo
326 2920 520 2960 eiusdem
563 2920 714 2961 cedule
758 2922 828 2975 qui
870 2922 1019 2977 incipit
1056 2922 1119 2962 ‘In
1150 2923 1355 2963 vicesimo
1397 2927 1519 2963 sexto
1552 2923 1740 2978 capitulo
1773 2921 1906 2964 etc.'¹¹¹
1951 2926 1994 2963 et
2027 2923 2068 2962 in
2101 2922 2269 2963 decimo
2303 2923 2373 2976 qui

189 2987 333 3040 incipit
375 2987 438 3027 ·In
482 2988 683 3029 vicesimo
722 2995 873 3030 octavo
907 2989 1001 3032 etos
1044 2990 1360 3032 moderationes
1393 2991 1679 3043 admittimus,
1719 3005 1824 3045 quas
1856 2991 1965 3045 petit
1996 2995 2042 3031 ut
2073 2991 2229 3031 asseris
2260 2990 2372 3031 idem

189 3069 346 3095 mines.
453 3056 517 3110 (ὃ)
553 3056 780 3098 Ceterumc
813 3063 859 3098 ut
890 3059 944 3099 ad
976 3059 1070 3099 illos
1095 3060 1164 3113 qui
1190 3061 1328 3113 magis
1352 3060 1550 3101 videntur
1577 3060 1770 3114 impliciti
1795 3059 2034 3109 redeamus,
2061 3059 2113 3099 ad
2137 3058 2371 3100 secundum

188 3123 409 3163 articulum
445 3124 639 3165 eiusdem
674 3126 825 3167 cedule
858 3127 927 3180 qui
961 3128 1021 3167 sic
1063 3128 1210 3182 incipit
1243 3128 1305 3168 ‘In
1339 3129 1467 3169 tertio
1501 3128 1681 3168 articulo
1714 3127 1810 3168 etc.'
1854 3127 2186 3182 respondemus,
2228 3131 2373 3168 nostre

191 3191 436 3231 intentionis
471 3193 674 3245 existere,
709 3194 890 3236 heredes
923 3210 1072 3236 omnes
1106 3196 1301 3237 eiusdem
1335 3197 1502 3237 comitis
1534 3196 1576 3236 in
1608 3201 1865 3250 perpetuum
1895 3196 1937 3236 in
1970 3209 2104 3250 regno
2128 3194 2274 3235 Sicilie
2304 3195 2372 3235 vel

189 3259 315 3298 ctiam
351 3261 388 3298 in
423 3262 546 3300 terris
580 3262 673 3301 aliis
707 3277 982 3304 successuros
1007 3264 1146 3305 eidem
1178 3265 1231 3305 ab
1264 3265 1472 3305 universis
1505 3269 1548 3305 et
1581 3264 1775 3318 singulis,
1811 3277 1892 3318 que
1925 3264 2143 3319 predictus
2167 3264 2373 3304 articulus

187 3328 394 3368 continet.
431 3329 647 3382 prohiberi
682 3336 724 3371 et
756 3332 996 3385 prohibitos
1032 3333 1242 3379 cohiberi;
1287 3347 1382 3373 cum
1416 3338 1559 3374 tamen
1592 3332 1645 3373 ad
1679 3333 2047 3374 consumationem
2079 3333 2245 3372 venerit
2276 3331 2370 3372 Deo

188 3394 357 3433 favente
391 3398 624 3449 negotium.
660 3400 721 3439 sic
755 3400 938 3441 eundem
970 3401 1195 3441 articulum
1228 3401 1559 3451 moderabimur,
1592 3400 1703 3455 quod
1737 3401 1941 3441 delictum
1974 3400 2144 3441 heredis
2179 3401 2370 3440 interris

191 3465 254 3501 vel
290 3463 416 3502 rebus
452 3465 546 3505 aliis
579 3480 704 3520 quain
739 3469 780 3508 in
814 3469 963 3523 Regno
996 3484 1118 3510 suum
1151 3471 1317 3510 tenebit
1349 3475 1583 3520 auctorem,
1617 3484 1696 3510 nee
1729 3469 1771 3509 in
1805 3483 1960 3524 penam
1993 3467 2188 3515 heredis,
2221 3468 2291 3522 qui
2327 3468 2369 3508 in

207 3532 337 3582 tegno
383 3533 605 3575 succedet,
648 3535 921 3589 aliquatenus
962 3538 1234 3580 extendetur.
1353 3538 1418 3593 (9)
1461 3538 1555 3578 AdC
1596 3539 1768 3579 tertium
1810 3541 1952 3577 autem
1993 3536 2218 3576 articulum
2258 3535 2370 3576 dicte

322 3631 407 3665 423.
442 3632 472 3667 s›
500 3636 646 3675 seqnitur·
672 3650 799 3669 rasura
825 3652 874 3671 nr.
1016 3640 1048 3682 Η)
1082 3641 1149 3672 111111
1176 3643 1265 3681 quod
1292 3643 1324 3673 in
1352 3642 1387 3673 ln
1411 3653 1538 3673 ‘rasura
1563 3653 1612 3673 or.
1747 3639 1779 3681 ¹¹)
1813 3640 1959 3682 patuerit
1984 3651 2032 3671 or.
2164 3637 2188 3680 i)
2216 3637 2293 3670 Lud
2321 3650 2369 3671 or.

186 3686 217 3722 k,
245 3689 449 3720 vicesimum
477 3704 524 3722 τιν.
643 3691 666 3731 ¹)
692 3695 802 3734 pocius
827 3697 989 3737 capitulo.
1108 3703 1151 3737 m)
1178 3705 1241 3730 etc.
1268 3699 1303 3729 ln
1327 3710 1455 3729 rasura.
1481 3710 1530 3729 or.

2412 943 2444 968 10

2414 1633 2447 1658 20

2413 2317 2447 2342 30

2412 2665 2444 2689 35

2410 3007 2443 3032 40

2408 3353 2441 3376 45

2406 3702 2439 3729 50
