2558 3970
54 3263 170 3285 «ιη-,4.
209 3245 317 3286 derit
352 3252 393 3286 et
424 3260 508 3300 pax
541 3246 699 3286 fracta⁰
731 3244 878 3295 fuerit,
921 3245 1012 3285 sine
1046 3257 1164 3284 more
1197 3242 1423 3298 dispendio
1458 3243 1713 3297 spoliatores
1746 3254 1820 3294 pro
1851 3239 2009 3280 nostris
2042 3238 2203 3279 viribus
2237 3251 2388 3292 prose—

55 3340 59 3348 .
108 3334 121 3347 f·
211 3329 401 3368 quemur.
435 3328 655 3368 quousque
690 3326 1002 3367 consequamur
1034 3312 1205 3366 plenam
1241 3310 1453 3351 iusticiam
1487 3309 1539 3350 ab
1564 3308 1739 3350 eisdem.
1830 3307 1894 3363 (3)
1927 3307 1983 3347 Et
2005 3307 2039 3346 si
2064 3307 2156 3361 quis
2181 3307 2222 3346 in
2246 3306 2388 3360 aliquo

194 203 273 241 614
328 199 421 233 PAX
449 197 685 232 DIOECESIS
711 195 1140 230 PADERBORNENSIS
1167 194 1226 228 ΕΤ
1253 193 1445 228 TERR-AE
1471 192 1671 227 HASSIAE
1698 192 1899 227 ALTERA.
1938 192 2037 227 1266.
2077 193 2140 228 Nr.
2154 192 2232 228 445.

195 316 254 355 eis
295 314 539 368 simpliciter
577 312 774 352 credetur
805 324 950 351 eorum
991 311 1251 355 iuramento,
1292 308 1392 349 fidei
1425 312 1467 348 et
1498 307 1662 349 honori.
1724 308 1827 348 Post
1859 307 2048 361 singulos
2080 311 2166 349 tres
2196 321 2368 349 menses

193 385 233 423 in
269 396 376 423 anno
410 382 581 421 venient
614 380 768 434 singuli
802 379 1054 420 collectores
1087 377 1138 417 ad
1173 377 1290 432 pacis
1321 381 1576 417 executores
1609 381 1651 416 et
1682 376 1866 417 fideliter
1895 375 2041 416 dicent
2072 377 2146 426 eis,
2179 375 2278 430 quid
2302 375 2371 417 vel

193 459 395 505 quantum
436 449 707 503 collegerint.
749 453 792 489 et
830 447 882 488 de
916 447 999 487 illis
1034 446 1227 487 collectis
1266 446 1446 495 facient,
1486 444 1687 500 quicquid
1724 445 1844 499 pacis
1882 448 2139 486 executores
2173 444 2373 485 duxerint

193 517 511 572 iniungemium.
632 516 720 571 (21)
763 515 923 556 Omnes
955 516 1133 569 insuper
1164 513 1326 554 domini
1360 518 1446 554 tam
1478 514 1663 554 maiores
1696 526 1823 567 quam
1854 513 2040 553 minores
2073 512 2200 553 huius
2232 513 2371 553 iurate

193 588 307 641 pacis
341 595 560 626 consortes
592 585 771 639 quilibet
803 598 878 639 pro
914 598 958 624 se
991 586 1225 637 consurget
1253 583 1338 622 suis
1364 582 1538 631 viribus,
1572 582 1681 622 sicut
1705 581 1937 636 supradicti
1959 585 2217 622 executores
2249 581 2370 636 pacis
2425 599 2439 623 5

193 657 253 695 cis
294 655 495 696 duxerint
533 653 837 708 inponendum.
957 652 1046 706 (22)
1091 650 1294 692 Ceterum
1338 651 1372 691 si
1413 650 1673 704 contingerit
1704 649 1797 690 Deo
1838 649 2023 705 propitio
2059 649 2118 690 sic
2152 649 2375 691 collectam

193 725 416 779 pecuniam
461 737 544 763 non
588 722 735 763 haberi
776 721 1065 762 necessariam
1098 719 1151 760 ad
1194 719 1313 773 pacis
1354 719 1683 769 execucionem,
1726 717 1802 759 sed
1839 719 2052 772 integram
2092 721 2134 758 et
2170 718 2376 759 intactam

193 794 333 833 iacere
367 807 443 847 per
474 797 609 832 totum
648 796 817 845 tempus
849 789 1096 845 prefinitum
1127 788 1181 828 ad
1214 800 1384 843 pacem,
1427 786 1636 841 sepedicti
1670 790 1766 826 octo
1800 791 2055 827 executores
2088 786 2209 841 pacis
2242 785 2376 827 habe-

193 862 297 901 bunt
330 870 486 902 extunc
520 864 778 914 potestatem
803 857 1028 899 ordinandi
1058 857 1110 898 de
1143 857 1216 897 illa
1248 856 1484 897 secundum
1516 855 1644 896 fidem
1677 868 1796 895 suam
1829 858 1872 895 et
1903 855 2123 907 honorem,
2154 854 2267 910 quod
2298 868 2376 896 ex-

191 930 339 984 pedire
372 929 585 970 videbitur
617 929 694 968 toti
726 933 837 969 terre
871 927 924 968 ad
956 925 1225 967 commodum
1260 929 1303 966 et
1332 925 1532 979 quietem.
1622 923 1716 978 (23)
1749 922 1838 964 Nos
1868 923 1991 965 Wer.
2019 923 2370 978 archiepiscopus
2409 939 2441 963 ιο

193 999 490 1053 Maguntinus.
532 998 631 1038 Got.
663 997 715 1039 de
748 996 1038 1052 Eppenstein,
1081 994 1137 1035 H.
1172 1007 1316 1035 comes
1356 993 1409 1034 de
1442 991 1679 1042 Wilnowe‚
1723 991 1773 1034 R.
1807 991 1859 1032 de
1891 991 2166 1046 Hagenowe,
2208 992 2286 1034 Ph.
2321 991 2373 1033 de

193 1067 478 1108 Valkenstein
512 1078 554 1107 et
586 1067 660 1107 filii
693 1066 847 1108 nostri.
891 1063 1141 1106 Gerhardus
1175 1063 1227 1103 de
1260 1061 1531 1118 Eppenstein
1565 1066 1608 1102 et
1640 1061 1945 1102 universitates
1979 1060 2030 1101 de
2061 1059 2377 1109 Frankenford‚

193 1137 244 1177 dc
277 1136 539 1190 Yrideberg.
580 1136 631 1176 de
666 1134 893 1175 Wetflaria
935 1138 975 1174 et
1018 1132 1070 1173 de
1111 1131 1422 1186 Geylenhusen
1463 1130 1685 1171 civitatum
1727 1129 2076 1184 recognoscimus
2122 1132 2164 1170 et
2206 1127 2378 1184 publice

192 1212 492 1261 protestamur.
526 1204 637 1260 quod
670 1205 790 1244 iuxta
820 1204 998 1243 somnam
1032 1200 1268 1256 predictam
1301 1199 1432 1240 fidem
1465 1198 1661 1240 dedimus
1695 1203 1738 1240 et
1769 1198 2033 1254 prestitimus
2058 1201 2373 1239 sacramentum

193 1280 235 1314 et
267 1288 416 1330 pacem
449 1288 621 1315 servare
654 1272 960 1313 inviolabiliter
992 1284 1041 1311 ac
1074 1268 1127 1310 ad
1161 1269 1461 1310 executionem
1499 1268 1616 1322 pacis
1651 1271 1693 1308 et
1725 1281 1809 1307 non
1841 1267 1894 1308 ad
1927 1266 2087 1322 aliquid
2120 1265 2238 1308 aliud
2271 1279 2373 1307 con·
2415 1280 2446 1305 15

193 1354 360 1384 vertere
396 1343 740 1384 contribuciones
780 1339 1023 1381 huiusmodi
1064 1339 1125 1379 sic
1158 1338 1375 1379 collectas.
1437 1336 1497 1377 Ut
1529 1337 1661 1390 igitur
1693 1335 1997 1377 universaliter
2028 1335 2185 1390 singuli
2218 1338 2261 1376 et
2292 1334 2380 1375 sin-

194 1412 404 1465 gulariter
426 1413 618 1453 universi
642 1411 802 1451 sorcius
827 1409 1116 1463 astringamur
1138 1406 1191 1448 ad
1214 1406 1566 1448 observacionem
1590 1405 1779 1446 omnium
1801 1404 2108 1460 predictorum,
2132 1407 2379 1459 presentem

194 1492 353 1521 cartam
396 1481 493 1521 inde
536 1480 823 1534 conscriptam
865 1478 1015 1532 sigillis
1055 1477 1214 1517 nostris
1254 1476 1434 1516 fecimus
1469 1473 1734 1515 communiri.
1796 1472 1890 1528 Ego
1923 1472 2201 1514 Eberhardus
2236 1485 2380 1513 comes

194 1548 244 1589 de
277 1548 637 1590 Katzenelinboin
671 1548 898 1590 consencio
932 1546 1129 1588 similiter
1160 1546 1203 1586 in
1235 1545 1345 1586 hanc
1376 1557 1544 1600 pacem.

336 1619 493 1659 Actum
527 1632 635 1659 anno
669 1617 843 1658 Domini
877 1614 1139 1663 MOCLXV.
1170 1614 1213 1655 in
1247 1614 1432 1654 crastino
1466 1611 1746 1654 ascensionis.
2417 1624 2452 1650 20

280 2031 408 2097 445.
462 2024 671 2095 PAX
712 2021 1277 2095 DIOEOESIS
1329 2014 2306 2091 PADERBORNENSIS

496 2129 627 2200 ET
680 2126 1110 2198 TERRAE
1154 2122 1601 2195 HASSIAE
1650 2120 2093 2192 ALTERA.

1114 2251 1257 2297 1266.
1296 2250 1402 2296 Iun.
1426 2249 1471 2295 6.

342 2388 468 2428 Dedit
490 2386 693 2429 Schwalm
724 2400 774 2427 στι·
802 2385 1056 2439 αειίοῃνιιμῖιο
1087 2384 1290 2426 tabularii
1320 2382 1424 2436 reqit
1444 2379 1810 2429 Monasteriensi&
1840 2392 1860 2420 c
1888 2392 1967 2431 quo
1995 2379 2082 2419 iam
2109 2378 2232 2430 prius
2260 2377 2388 2419 edidit

201 2459 337 2498 minus
377 2459 565 2498 accurate
602 2454 740 2496 Fiat-0
771 2454 1099 2506 ‘PVestfc'tlischcs
1139 2451 1482 2495 Urkmzdenbuclffl
1523 2451 1555 2491 I
1560 2449 1603 2501 V,
1627 2450 1721 2490 537.
1788 2448 1891 2489 Cum.
1927 2447 2166 2488 membrana
2202 2447 2386 2488 murium
2423 2459 2455 2485 25

199 2526 387 2566 dentibus
427 2525 630 2565 multoties
673 2524 787 2565 laesa
827 2524 899 2573 sit,
939 2525 1086 2575 partes
1125 2524 1261 2562 textus
1297 2520 1418 2561 uncis
1455 2519 1642 2560 inclusas
1687 2517 1829 2558 habita
1864 2517 2027 2558 ratione
2066 2515 2192 2557 Pacis
2230 2515 2390 2568 prioris

202 2608 262 2634 nr.
288 2596 370 2634 443
402 2594 463 2635 «ccl
493 2606 566 2633 suo
596 2592 739 2635 Marte
769 2591 951 2632 restituit
982 2590 1209 2640 &Innatam
1239 2588 1310 2630 sed
1340 2600 1424 2628 ozon
1455 2587 1595 2628 omnia
1624 2586 1812 2628 absolvit.
1874 2584 1929 2626 In
1957 2584 2146 2637 mammo
2171 2586 2389 2636 ponuntur

200 2664 337 2715 rupim
371 2662 495 2703 Pacis
523 2662 692 2713 prioris,
725 2674 828 2713 (suae
859 2662 956 2701 szmt
983 2659 1136 2700 sinatis
1167 2657 1413 2714 (tryumentjt'.
1450 2681 1500 2685 —
1534 2656 1726 2706 Bo'hmcr,
1759 2654 1859 2707 Ray.
1892 2655 1990 2706 imp.
2021 2653 2235 2705 K12000.

1944 2723 2015 2777 (P.
2040 2723 2182 2777 deest.)

100 2855 164 2877 ··.1.
346 2834 410 2888 (1)
445 2833 530 2875 Nos
566 2833 713 2875 Simon
745 2833 828 2874 Dei
865 2832 1006 2886 gratia
1043 2830 1441 2872 Paderburnensisa
1482 2829 1709 2885 episcopus
1755 2831 1798 2869 et
1834 2826 2076 2868 Henricusb
2119 2825 2385 2880 lantgravius
2422 2836 2455 2861 3ο

204 2903 396 2943 dominus
418 2903 589 2957 Hassye
621 2902 833 2943 universis
866 2901 945 2941 hoc
979 2900 1184 2955 scriptum
1210 2899 1364 2939 visuris
1387 2902 1534 2938 notum
1565 2897 1763 2946 facimus,
1797 2895 1908 2950 quod
1932 2891 2243 2950 attenjdentes]
2268 2893 2387 2935 utili-

203 2982 348 3012 tatem.
383 2971 651 3012 commodum
685 2976 727 3011 et
759 2970 979 3020 honorem,
1012 2983 1093 3023 quc
1127 2969 1262 3017 nobis,
1296 2968 1423 3008 terris
1456 2967 1611 3007 nostris
1635 2970 1679 3006 et
1702 2965 1884 3006 subditis
1915 2964 2129 3005 universis
2152 2978 2207 3004 ex
2229 2963 2387 3004 mutuis

206 3041 561 3095 promotionibus,
603 3039 773 3080 auxiliis
815 3043 858 3079 et
891 3052 945 3078 ex
979 3038 1133 3078 virtute
1173 3038 1292 3092 pacis
1324 3036 1554 3091 provenire
1594 3038 1792 3090 poterunt
1823 3031 1942 3088 hilsnc
1973 3033 2040 3072 vel
2073 3030 2213 3088 i]nde‚
2253 3045 2388 3086 gene-

207 3111 336 3150 ralem
369 3124 518 3164 pacem
552 3109 688 3163 patrie
721 3112 862 3147 nostre
899 3106 959 3161 [et
991 3104 1137 3161 fidlele
1171 3106 1378 3146 auxilium
1403 3104 1634 3146 observare
1668 3102 1940 3158 promisimus
1972 3101 2056 3142 fide
2087 3101 2272 3155 prestita
2295 3114 2386 3140 cor-

207 3178 339 3232 porali
374 3184 521 3218 contra
554 3191 716 3228 omneS‚
748 3176 941 3230 exceptis
974 3175 1056 3215 hiis
1092 3175 1163 3229 qui
1198 3174 1376 3214 inferius
1411 3178 1511 3213 sunt
1534 3172 1718 3227 excepti.
1829 3170 1892 3225 (2)
1924 3169 2038 3210 Etsi
2069 3169 2248 3224 spolium
2274 3169 2385 3209 acci—
2424 3179 2457 3204 3⁵

211 3382 361 3421 iudicio
402 3381 491 3437 {pro
534 3380 766 3436 quosla1n]‘l
806 3381 938 3435 spolio
979 3381 1070 3421 sive
1114 3380 1271 3419 iniuria
1309 3378 1525 3432 obligatus
1567 3378 1711 3428 fuerit,
1754 3377 1796 3416 in
1835 3374 1968 3431 terr[a
2009 3373 2183 3430 domini]
2224 3373 2387 3416 Pader-

211 3451 461 3490 hamensis-0
495 3466 591 3491 reus
625 3450 883 3491 iudicabitur
916 3449 1151 3491 secundum
1185 3449 1249 3488 ius
1284 3453 1326 3489 et
1359 3446 1713 3488 consuetudinem
1746 3442 1897 3500 terr[e;
1930 3445 1973 3483 in
1997 3441 2127 3499 terJra
2149 3457 2250 3484 vero
2272 3443 2384 3483 lant—

212 3520 344 3573 gravii
389 3519 619 3559 secundum
661 3533 780 3559 suam
821 3517 1189 3573 [consuetudinem
1229 3530 1309 3571 que
1349 3514 1518 3570 dicitur]
1565 3516 1744 3556 lumunt.
1863 3511 1926 3566 (4)
1969 3511 2176 3553 Ceterum
2217 3512 2250 3551 si
2292 3511 2386 3566 quis
2424 3518 2457 3543 4⁰
2504 3535 2505 3538 =

211 3600 326 3628 motu
359 3589 527 3642 proprio
568 3595 609 3628 et
648 3588 904 3641 contemptis
948 3586 1161 3627 iudicibus
1196 3586 1284 3625 sive
1318 3584 1621 3625 diffinitoribus
1655 3582 1708 3623 ad
1746 3582 1826 3622 hoc
1859 3581 2032 3622 statutis
2063 3581 2220 3635 pignus
2253 3579 2387 3620 ullum

347 3690 431 3724 445.
464 3696 495 3730 ²)
522 3686 653 3723 Paderb
679 3702 727 3722 or.
847 3689 878 3729 b)
906 3690 1006 3722 Heu?
1025 3703 1073 3722 or.
1192 3689 1221 3731 c)
1249 3690 1307 3720 1OE
1325 3700 1373 3720 or.
1491 3686 1525 3727 d)
1552 3686 1671 3718 desunt
1695 3690 1714 3719 5
1739 3686 1878 3718 litterae.
1999 3683 2027 3725 e)
2052 3684 2166 3716 Pado?
2189 3695 2237 3716 or.
