2558 3970
134 895 166 920 10

134 1240 164 1264 15

129 1584 162 1609 20

127 1933 159 1959 25

125 2279 158 2305 30

125 2624 156 2650 35

123 3311 156 3336 45

723 143 931 178 PHILIPPI
960 142 1102 178 REGIS
1128 142 1560 178 coxs'l‘l'l‘wrloxsss.
1616 147 1711 179 1;.’(Ν“ι1
1764 146 1824 180 Nr.
1846 147 1897 180 10.
2361 159 2368 192 1
2390 159 2398 193 1

204 260 399 302 Romano
431 259 609 314 imperio
641 258 786 299 divina
818 258 1103 313 permissione
1137 259 1197 298 sic
1230 259 1340 298 forte
1365 258 1419 298 ab
1444 264 1592 299 eterno
1618 261 1833 314 provisum
1861 267 1901 300 et
1926 262 2261 316 preordinatum.
2316 267 2404 305 scit

205 329 309 370 satis
348 327 578 384 prudentia
614 331 773 376 vestra,
812 327 999 381 qualiter
1038 330 1136 381 post
1176 332 1357 366 mortem
1399 327 1543 367 dilecti
1584 328 1744 368 domini
1788 343 1836 369 ac
1879 332 2020 371 fratris
2061 334 2191 372 nostri
2228 333 2403 374 llenrici

205 397 500 439 Romanorum
541 396 814 451 imperatoris
847 396 1020 449 augusti
1060 394 1280 435 turbatum
1313 396 1393 435 fuit
1431 397 1655 450 imperium
1690 403 1731 437 et
1765 399 1908 438 multis
1942 400 2230 441 turbationum
2266 403 2403 442 ineur-

204 467 322 508 sibus
354 479 437 506 non
470 465 610 506 minus
649 464 905 504 mirabiliter
937 477 1063 518 quam
1106 464 1411 504 miserabiliter
1450 465 1630 505 lacerari
1666 467 1778 521 repit
1812 472 1853 507 et
1886 469 2036 519 agitari
2071 475 2112 509 et
2148 484 2223 524 per
2256 485 2405 510 omnes

204 534 385 590 angulos
418 538 462 575 et
492 532 598 574 fines
632 547 733 573 suos
767 533 826 573 ita
849 533 1034 578 concuti.
1067 538 1114 572 ut
1136 547 1161 573 a
1184 531 1469 587 prudentibus
1495 548 1575 574 non
1602 535 1802 575 inmerito
1827 536 2046 591 desperari
2071 545 2231 592 posset,
2266 540 2404 593 ipsum

203 603 445 646 Romanum
482 602 709 657 imperium
743 601 899 642 diebus
933 602 1094 642 nostris
1130 602 1170 641 in
1205 601 1432 656 pristinum
1457 608 1615 642 statum
1643 617 1858 658 nunqnam
1884 620 2010 659 posse
2037 608 2275 648 reformari.
2310 622 2404 648 vum

202 671 384 728 quilibet
416 672 500 712 iam
534 671 626 711 sine
660 670 798 711 iudice
832 671 998 711 viveret
1030 675 1073 711 et
1106 671 1199 710 sine
1232 671 1328 723 lege
1363 675 1405 710 et
1430 670 1630 725 quicquid
1666 672 1834 712 libitum
1868 675 1977 714 foret
2002 676 2162 715 faceret
2186 690 2260 730 pro
2289 684 2403 716 motu

202 746 246 782 et
284 740 460 782 arbitrio
502 753 578 780 sue
623 740 872 780 voluntatis.
993 739 1059 792 (2)
1100 738 1191 778 Nos
1239 739 1351 779 inter
1384 739 1462 779 hee
1498 740 1706 779 malorum
1742 741 1873 785 initia,
1919 749 1964 782 ut
1999 745 2117 784 vobis
2153 751 2331 787 constat.
2367 747 2405 786 in

201 809 360 851 Tuscia
413 808 573 850 fuimus
618 809 865 856 constituti,
914 808 1071 848 abinde
1114 812 1384 848 revertentes
1430 809 1470 848 in
1518 808 1820 849 Alamanniam
1872 824 1953 850 non
1998 812 2089 851 sine
2136 814 2324 867 periculo
2366 822 2405 853 et

206 879 374 925 labore;
418 883 462 919 et
503 882 604 919 tunc
642 883 776 918 totam
811 877 1101 918 Thcutoniam
1145 877 1285 916 minus
1330 876 1440 917 bene
1474 876 1726 931 dispositam
1762 879 1997 932 reperimus
2032 887 2073 919 et
2107 881 2404 922 inordinatam.

200 946 399 995 Qualiter
431 946 619 998 demum,
654 951 779 1002 pater
812 945 1061 988 reverende.
1096 959 1174 986 nos
1209 946 1398 986 animum
1423 947 1753 1000 conceperimus
1779 947 1831 987 ad
1856 948 2137 1001 optinendum
2165 949 2401 991 Romanum

199 1016 426 1072 imperium
473 1030 551 1070 per
597 1016 756 1056 iustam
802 1015 1044 1070 principum
1092 1015 1367 1063 electionem,
1416 1029 1512 1055 cum
1556 1029 1664 1070 pura
1706 1016 1982 1069 simplicitate
2017 1022 2187 1058 etcum
2223 1019 2404 1074 simplici

199 1086 384 1127 veritate
420 1084 500 1125 sub
533 1084 782 1125 testimonio
815 1085 944 1136 illius,
979 1085 1049 1139 qui
1085 1090 1352 1125 secretorum
1387 1088 1601 1125 scrutator
1635 1090 1701 1125 est
1735 1091 1777 1125 et
1810 1086 1875 1125 cui
1910 1087 2053 1126 onmia
2087 1087 2199 1127 nuda
2233 1094 2330 1127 sunt
2364 1094 2407 1128 et

200 1158 364 1210 aperta,
411 1153 534 1194 vobis
577 1152 779 1194 duximus
827 1153 1169 1208 significandum,
1219 1153 1346 1194 nichil
1398 1154 1601 1194 falsitatis
1633 1153 1937 1194 admiscentes
1980 1169 2056 1195 nee
2102 1156 2406 1197 subtrahentes

205 1222 365 1278 aliquid
399 1222 606 1263 veritatis.
670 1222 789 1263 Sciat
820 1223 954 1277 igitur
985 1227 1129 1263 vestra
1168 1222 1409 1264 reverenda
1442 1223 1695 1278 paternitas.
1738 1223 1850 1277 quod
1885 1238 1979 1263 eum
2016 1238 2091 1264 nos
2125 1224 2177 1265 de
2213 1226 2404 1279 partibus

198 1291 357 1333 Tuscie
390 1291 554 1333 reversi
587 1290 820 1333 fuissemus
854 1292 896 1332 in
920 1292 1239 1342 Alamanniam,
1274 1296 1406 1332 totam
1440 1298 1598 1332 terram
1635 1306 1716 1332 non
1741 1293 1881 1333 minus
1908 1293 2122 1333 turbatam
2151 1294 2406 1337 invenimus,

197 1375 324 1417 quam
356 1374 473 1402 mare
502 1360 557 1401 ab
589 1360 785 1401 omnibus
809 1361 949 1401 ventis
979 1365 1126 1416 posset
1149 1361 1411 1401 conturbari.
1464 1360 1586 1401 Tunc
1611 1375 1687 1401 nos
1711 1375 1859 1401 omnes
1883 1362 2048 1416 imperii
2076 1363 2304 1417 principes,
2331 1365 2399 1418 qui

196 1430 240 1471 in
271 1429 424 1471 diebus
448 1429 532 1470 illis
557 1429 599 1469 in
623 1429 886 1470 Alamannia
916 1430 1088 1471 fuerant
1111 1455 1164 1459 —
1187 1444 1301 1479 nam,
1335 1436 1382 1470 ut
1405 1430 1538 1480 scitis,
1573 1430 1744 1484 quidam
1770 1444 1916 1470 eorum
1943 1431 2326 1472 transfretaverant
2350 1457 2402 1461 m

197 1500 355 1541 litteris
388 1503 432 1540 et
462 1499 624 1539 nuntiis
656 1499 815 1539 nostris
849 1499 1086 1540 sollicitare
1120 1500 1328 1554 cepimus,
1362 1504 1408 1539 ut
1441 1499 1519 1553 ipsi
1554 1499 1644 1539 filio
1669 1498 1812 1539 dilecti
1839 1498 1997 1539 domini
2020 1514 2068 1539 ae
2103 1500 2245 1540 fratris
2270 1502 2402 1541 nostri

201 1567 422 1623 H(enrici)
454 1567 748 1608 Romanorum
783 1568 1056 1622 imperatoris
1088 1569 1275 1622 augusti,
1310 1582 1437 1622 quem
1471 1568 1555 1608 iam
1590 1568 1652 1608 eis
1687 1568 1727 1607 in
1761 1567 1978 1609 dominum
2013 1582 2062 1608 ae
2089 1583 2232 1621 regem
2259 1570 2403 1621 elege-

194 1641 291 1679 rant
323 1641 366 1679 et
398 1637 465 1678 cui
498 1637 747 1678 iuraverant
779 1636 1050 1688 fidelitatem,
1085 1638 1194 1677 sicut
1226 1650 1281 1677 ex
1314 1638 1552 1677 iuramento
1587 1636 1862 1687 tenebantur,
1896 1637 2150 1677 assisterent
2184 1644 2227 1678 et
2261 1639 2398 1692 ipsum

195 1707 359 1749 vellent
400 1706 560 1748 habere
603 1720 678 1762 pro
719 1720 836 1761 rege.
908 1706 964 1747 Et
1001 1720 1096 1758 nos,
1137 1710 1226 1747 tum
1271 1707 1371 1761 quia
1413 1706 1467 1747 de
1501 1707 1592 1746 iure
1627 1706 1811 1746 naturali
1846 1711 1887 1746 et
1920 1707 2047 1760 legali
2081 1706 2132 1746 ad
2168 1707 2246 1747 boe
2280 1714 2403 1748 tene-

193 1776 359 1828 bamur,
392 1780 483 1817 tum
518 1776 647 1817 etiam
680 1789 757 1830 pro
790 1775 1090 1817 conservando
1125 1775 1286 1816 honore
1320 1775 1503 1830 imperii,
1537 1789 1645 1815 onus
1678 1775 1814 1815 tutele
1837 1775 1980 1815 subire
2005 1776 2231 1820 voluimus.
2266 1791 2403 1831 usque

195 1844 296 1887 dum
337 1846 431 1902 ipse
471 1858 579 1901 puer
610 1844 663 1885 ad
696 1857 791 1885 eam
833 1845 1082 1900 perveniret
1123 1850 1298 1895 etatem,
1343 1844 1456 1900 quod
1490 1845 1583 1899 ipse
1617 1858 1694 1898 per
1727 1858 1771 1884 se
1807 1857 1959 1897 regere
1994 1849 2143 1899 posset
2176 1846 2399 1899 imperium

200 1919 243 1957 et
273 1915 367 1956 iura
407 1915 501 1955 eius
542 1914 777 1969 requirere.
838 1913 908 1954 Ad
950 1913 1064 1969 quod
1099 1914 1262 1955 nullum
1296 1928 1444 1956 eorum
1476 1927 1652 1969 prorsus
1686 1913 1905 1968 potuimus
1941 1913 2156 1954 inducere.
2217 1914 2399 1955 Assere-

193 1983 300 2026 bant
335 1984 462 2035 enim,
496 1997 543 2024 se
577 1997 632 2025 cx
665 1982 880 2025 electione
920 1983 995 2024 illa
1029 1998 1156 2039 quam
1191 1985 1233 2024 in
1267 1997 1363 2024 eum
1403 1982 1599 2023 fecerant
1638 1987 1681 2023 et
1714 1996 1768 2023 ex
1801 1982 1982 2037 prestito
2016 1983 2096 2023 sibi
2130 1989 2401 2023 sacramento

193 2067 279 2095 non
309 2053 461 2096 teneri.
521 2052 633 2093 Nam
666 2051 956 2104 affirmabant,
989 2058 1223 2108 antequam
1257 2053 1350 2108 ipse
1384 2066 1493 2107 puer
1523 2052 1680 2092 fuisset
1711 2051 1973 2106 baptizatus,
2007 2051 2086 2092 hec
2119 2052 2253 2092 fuisse
2287 2052 2402 2092 faeta

195 2126 238 2165 et
267 2122 368 2164 ideo
401 2121 560 2163 nullius
594 2134 692 2163 esse
725 2121 899 2164 valoris.
960 2121 1178 2164 Dicebant
1210 2122 1340 2163 etiam
1375 2122 1516 2176 ipsum
1556 2135 1736 2176 puerum
1770 2134 1855 2160 non
1888 2120 2086 2162 sufficere
2119 2120 2172 2161 ad
2204 2121 2399 2175 regimen

193 2191 377 2248 imperii,
411 2205 491 2233 nec
524 2190 700 2233 deceret
730 2205 811 2233 nec
844 2191 1073 2247 expediret
1104 2192 1223 2247 ipsos
1256 2191 1476 2246 principes
1511 2195 1554 2231 et
1585 2189 1828 2230 Romanum
1862 2190 2087 2244 imperium
2111 2190 2202 2231 sine
2227 2190 2400 2231 domino

193 2260 284 2302 fore
331 2265 375 2302 et
420 2261 696 2317 imperatore.
772 2260 958 2316 Insuper
1003 2260 1266 2316 allegabant,
1311 2260 1451 2315 ipsum
1501 2273 1682 2314 puerum
1731 2272 1825 2300 esse
1867 2259 2052 2299 electum
2099 2259 2286 2300 maxime
2327 2273 2401 2314 pro

194 2344 361 2372 summa
397 2330 530 2385 patris
572 2329 767 2385 potentia
806 2334 849 2371 et
888 2334 934 2371 ut
974 2343 1052 2385 per
1090 2329 1170 2371 hoc
1211 2330 1321 2385 patri
1363 2329 1537 2384 placere
1570 2332 1762 2383 possent.
1836 2327 1892 2367 Et
1924 2328 1983 2368 sic
2017 2328 2134 2368 nullo
2169 2328 2293 2369 modo
2328 2342 2399 2368 eos

192 2399 246 2441 ad
286 2400 369 2442 hoc
407 2399 626 2455 potuimus
673 2398 895 2447 inducere,
944 2404 991 2440 ut
1030 2399 1110 2455 ipsi
1162 2398 1409 2440 iamdictum
1457 2411 1637 2453 puerum
1685 2410 1760 2451 pro
1802 2395 1975 2436 domino
2017 2402 2059 2437 et
2097 2410 2198 2450 rege
2241 2397 2401 2437 vellent

191 2468 367 2521 habere,
409 2468 461 2510 ad
506 2468 618 2524 quod
659 2482 748 2520 nos,
793 2468 891 2510 Deo
924 2472 1051 2520 teste,
1097 2469 1212 2509 omni
1253 2467 1394 2509 studio
1429 2471 1473 2508 et
1505 2466 1619 2507 omni
1665 2465 1835 2520 ingenio
1875 2465 2062 2506 fideliter
2093 2465 2399 2506 laboravimus.

193 2537 258 2593 (3)
291 2537 380 2593 Ipsi
402 2551 503 2579 vero
535 2537 754 2593 principes
777 2542 1030 2579 constanter
1052 2537 1184 2578 alium
1208 2551 1356 2592 regem
1382 2536 1464 2577 sibi
1488 2548 1636 2576 creare
1660 2535 1904 2578 voluerunt,
1938 2539 1982 2575 et
2011 2533 2170 2575 diversi
2195 2533 2399 2575 diversos.

194 2605 379 2655 Quidam
411 2607 669 2663 principum,
703 2606 755 2648 de
788 2606 945 2662 quibus
979 2607 1102 2648 vobis
1136 2611 1317 2657 constat,
1350 2610 1397 2646 ut
1429 2604 1660 2655 credimus,
1695 2617 1790 2644 cum
1824 2602 1933 2644 duce
1966 2603 2173 2644 Bertoldo
2197 2603 2398 2657 Zaringie

190 2679 424 2717 tractatum
464 2675 627 2717 habere
668 2679 891 2731 ceperunt,
937 2680 984 2717 ut
1023 2677 1105 2731 ipsi
1146 2689 1243 2717 eum
1282 2676 1325 2716 in
1366 2688 1514 2729 regem
1552 2673 1783 2727 eligerent:
1827 2686 1903 2726 pro
1945 2685 2026 2726 quo
2068 2671 2160 2726 ipse
2202 2686 2295 2712 eum
2338 2673 2398 2712 eis

191 2745 422 2800 plusquam
454 2744 519 2786 VI
557 2745 677 2786 milia
714 2759 957 2796 marc-arum
999 2744 1221 2801 expendit.
1293 2744 1377 2791 Qui
1417 2757 1513 2785 cum
1553 2746 1652 2798 post
1699 2741 1877 2781 multam
1929 2740 2037 2780 hanc
2078 2754 2311 2796 expensam
2356 2741 2394 2780 in

191 2815 365 2870 negotio
396 2828 649 2870 processum
683 2818 882 2870 optatum
913 2815 1076 2857 habere
1110 2828 1191 2856 non
1225 2818 1385 2869 posset,
1419 2813 1510 2868 ipse
1545 2816 1666 2853 tanto
1700 2809 1836 2851 labori
1871 2813 1914 2850 et
1946 2809 2099 2849 futuris
2123 2809 2326 2863 expensis
2350 2823 2395 2848 se

192 2883 452 2926 subtrahens
490 2883 544 2925 ab
581 2884 754 2940 incepto
793 2885 971 2939 negotio
1016 2884 1264 2925 continuitss.
1335 2882 1457 2924 'runo
1494 2881 1609 2922 idem
1641 2879 1858 2935 principes
1898 2891 1993 2918 cum
2027 2877 2134 2918 duce
2167 2876 2392 2917 Bernardo

196 2951 388 2994 Saxonie
421 2953 686 2994 consimilem
719 2957 930 3009 ceperunt
961 2954 1123 2995 habere
1156 2956 1411 2999 tractatum;
1443 2955 1486 2992 et
1518 2951 1610 3005 ipse
1645 2948 1697 2989 de
1729 2947 1924 3003 partibus
1948 2945 2138 2987 Saxonie
2171 2959 2308 3000 usque
2342 2944 2393 2985 ad

190 3027 340 3077 partes
379 3021 506 3075 Reni,
548 3021 752 3064 videlicet
793 3022 1116 3074 Andernacum,
1158 3022 1279 3064 venit
1320 3020 1397 3063 sub
1431 3020 1512 3061 hac
1545 3032 1636 3074 spe.
1678 3016 1790 3072 quod
1823 3016 1877 3056 ab
1911 3015 1972 3056 eis
2006 3015 2108 3069 eligi
2141 3013 2322 3055 deberet
2354 3014 2393 3054 in

192 3104 354 3145 regem.
422 3089 511 3132 Sed
552 3105 648 3132 cum
689 3091 795 3147 ipse,
844 3092 955 3133 sicut
991 3092 1057 3133 vir
1100 3091 1291 3147 prudens
1335 3094 1377 3131 et
1419 3090 1771 3142 circumspectus,
1814 3083 1980 3125 videret
2021 3083 2101 3124 hoc
2143 3096 2227 3123 non
2267 3095 2393 3137 posse

191 3158 286 3200 fieri
317 3159 409 3201 sine
448 3160 632 3214 pecunie
673 3173 749 3201 sue
782 3161 974 3202 maxima
1007 3160 1233 3212 effusione,
1274 3158 1557 3201 considerans
1591 3156 1722 3197 etiam
1755 3152 1866 3209 quod
1907 3153 1997 3208 ipse
2030 3151 2264 3207 depressus
2296 3164 2393 3205 gra-

190 3227 368 3270 vissima
399 3229 591 3284 corporis
624 3229 690 3270 sui
723 3229 937 3284 gravitate
970 3234 1091 3271 tanto
1123 3229 1259 3270 labori
1291 3242 1377 3269 non
1411 3226 1642 3274 sufficeret,
1677 3237 1723 3264 se
1756 3221 1971 3264 subtraxit
1994 3220 2047 3261 ab
2071 3220 2133 3260 eis
2156 3219 2396 3274 ingeniose.

193 3295 259 3352 (4)
302 3296 424 3338 Tunc
470 3311 641 3352 quoque
690 3312 839 3340 omnes
878 3298 1099 3354 principes
1149 3297 1359 3348 Saxonie,
1407 3293 1684 3344 Bauwariae,
1728 3290 1919 3341 Austrie,
1968 3288 2138 3340 Stirieb,
2182 3287 2393 3328 Karintie.

194 3364 402 3417 Sweuie0‚
432 3365 676 3408 Franconie
710 3371 753 3408 et
776 3368 900 3408 multi
923 3367 995 3409 alii
1017 3372 1244 3422 magnates
1269 3371 1313 3407 et
1337 3364 1503 3406 nobiles
1525 3362 1650 3404 nobis
1675 3359 1995 3405 consuluerunt,
2028 3361 2074 3397 ut
2096 3370 2174 3397 nos
2198 3356 2394 3397 laborare

192 3433 402 3475 vellemus
439 3448 517 3490 pro
553 3435 758 3491 imperim
799 3436 852 3477 ad
893 3435 1005 3491 quod
1044 3436 1126 3491 ipsi
1159 3434 1362 3476 dicebant
1400 3446 1523 3474 suum
1563 3430 1688 3471 nobis
1722 3428 1834 3470 velle
1867 3431 2060 3482 prestare
2094 3425 2317 3466 consilium
2351 3427 2395 3464 et

190 3501 396 3544 favorem.
467 3503 560 3545 Nos
601 3507 748 3546 tamen
789 3504 930 3546 adhuc
961 3505 1004 3545 in
1041 3508 1209 3545 tantum
1240 3517 1315 3558 pro
1347 3514 1480 3557 puero
1514 3498 1819 3547 laboravimus,
1865 3494 1979 3549 quod
2011 3508 2035 3534 a
2066 3494 2210 3535 multis
2239 3491 2393 3546 princi-

190 3570 318 3626 pibus
352 3575 396 3613 et
437 3571 641 3614 fidelibus
678 3574 838 3614 nostris
883 3573 1171 3628 ignominiose
1203 3571 1419 3613 obiectum
1453 3574 1531 3613 est,
1572 3581 1651 3608 nos
1682 3579 1767 3607 non
1802 3562 1963 3605 audere
1995 3563 2190 3617 recipere
2223 3559 2390 3615 imperii

331 3661 392 3698 10.
425 3662 457 3707 ²)
483 3665 664 3698 contimuit
687 3676 713 3698 c.
833 3663 865 3706 b)
889 3665 989 3699 Oline
1014 3677 1041 3698 c.
1159 3662 1190 3706 c)
1216 3663 1354 3696 Ewenie
1380 3673 1405 3694 c.
2072 3712 2120 3746 2*
