<?xml version="1.0" encoding="UTF-8"?>
<!DOCTYPE html PUBLIC "-//W3C//DTD XHTML 1.0 Transitional//EN"
    "http://www.w3.org/TR/xhtml1/DTD/xhtml1-transitional.dtd">
<html xmlns="http://www.w3.org/1999/xhtml" xml:lang="en" lang="en">
 <head>
  <title>
</title>
<meta http-equiv="Content-Type" content="text/html;charset=utf-8" />
  <meta name='ocr-system' content='tesseract 3.04.00' />
  <meta name='ocr-capabilities' content='ocr_page ocr_carea ocr_par ocr_line ocrx_word'/>
</head>
<body>
  <div class='ocr_page' id='page_1' title='image "./monumentager02geseuoft_0526.png"; bbox 0 0 2558 3970; ppageno 0'>
   <div class='ocr_carea' id='block_1_1' title="bbox 200 165 1891 214">
    <p class='ocr_par' dir='ltr' id='par_1_1' title="bbox 200 165 1891 214">
     <span class='ocr_line' id='line_1_1' title="bbox 200 165 1891 214; baseline -0.001 -12"><span class='ocrx_word' id='word_1_1' title='bbox 200 174 279 214; x_wconf 74' lang='lat'>478</span> <span class='ocrx_word' id='word_1_2' title='bbox 672 168 919 203; x_wconf 84' lang='lat' dir='ltr'>WILHELMI</span> <span class='ocrx_word' id='word_1_3' title='bbox 947 167 1083 202; x_wconf 76' lang='lat' dir='ltr'>REGIS</span> <span class='ocrx_word' id='word_1_4' title='bbox 1110 165 1537 201; x_wconf 77' lang='lat' dir='ltr'>CONSTITUTIONES.</span> <span class='ocrx_word' id='word_1_5' title='bbox 1588 166 1684 200; x_wconf 76' lang='lat'><strong>1255.</strong></span> <span class='ocrx_word' id='word_1_6' title='bbox 1734 166 1891 201; x_wconf 73' lang='lat' dir='ltr'>Nr.375.</span> 
     </span>
    </p>
   </div>
   <div class='ocr_carea' id='block_1_2' title="bbox 199 281 2399 1642">
    <p class='ocr_par' dir='ltr' id='par_1_2' title="bbox 199 281 2399 1642">
     <span class='ocr_line' id='line_1_2' title="bbox 199 281 2373 327; baseline -0.002 0"><span class='ocrx_word' id='word_1_7' title='bbox 199 288 384 327; x_wconf 85' lang='lat' dir='ltr'>unanimi</span> <span class='ocrx_word' id='word_1_8' title='bbox 420 286 640 325; x_wconf 73' lang='lat' dir='ltr'>voluntate</span> <span class='ocrx_word' id='word_1_9' title='bbox 673 283 876 323; x_wconf 85' lang='lat' dir='ltr'>nobilium</span> <span class='ocrx_word' id='word_1_10' title='bbox 913 287 954 323; x_wconf 81' lang='lat' dir='ltr'>et</span> <span class='ocrx_word' id='word_1_11' title='bbox 988 283 1123 323; x_wconf 80' lang='lat' dir='ltr'>eciam</span> <span class='ocrx_word' id='word_1_12' title='bbox 1158 282 1376 323; x_wconf 82' lang='lat' dir='ltr'>civitatum</span> <span class='ocrx_word' id='word_1_13' title='bbox 1409 295 1462 322; x_wconf 84' lang='lat' dir='ltr'>cx</span> <span class='ocrx_word' id='word_1_14' title='bbox 1495 285 1663 322; x_wconf 82' lang='lat' dir='ltr'>matura</span> <span class='ocrx_word' id='word_1_15' title='bbox 1693 281 2010 322; x_wconf 77' lang='lat' dir='ltr'>deliberacione</span> <span class='ocrx_word' id='word_1_16' title='bbox 2042 282 2175 323; x_wconf 82' lang='lat' dir='ltr'>nostri</span> <span class='ocrx_word' id='word_1_17' title='bbox 2209 282 2373 323; x_wconf 89' lang='lat' dir='ltr'>consilii</span> 
     </span>
     <span class='ocr_line' id='line_1_3' title="bbox 200 349 2373 395; baseline -0.002 0"><span class='ocrx_word' id='word_1_18' title='bbox 200 356 258 395; x_wconf 82' lang='lat' dir='ltr'>sic</span> <span class='ocrx_word' id='word_1_19' title='bbox 293 355 560 395; x_wconf 69' lang='lat' dir='ltr'>decrevimus</span> <span class='ocrx_word' id='word_1_20' title='bbox 606 351 898 393; x_wconf 82' lang='lat' dir='ltr'>statuendum.</span> <span class='ocrx_word' id='word_1_21' title='bbox 938 354 983 391; x_wconf 89' lang='lat' dir='ltr'>ut</span> <span class='ocrx_word' id='word_1_22' title='bbox 1024 350 1188 390; x_wconf 86' lang='lat' dir='ltr'>nobiles</span> <span class='ocrx_word' id='word_1_23' title='bbox 1221 354 1264 390; x_wconf 89' lang='lat' dir='ltr'>et</span> <span class='ocrx_word' id='word_1_24' title='bbox 1302 349 1458 390; x_wconf 91' lang='lat' dir='ltr'>domini</span> <span class='ocrx_word' id='word_1_25' title='bbox 1502 354 1614 390; x_wconf 87' lang='lat' dir='ltr'>terre</span> <span class='ocrx_word' id='word_1_26' title='bbox 1649 349 1816 390; x_wconf 88' lang='lat' dir='ltr'>iudiciis</span> <span class='ocrx_word' id='word_1_27' title='bbox 1850 351 1936 390; x_wconf 86' lang='lat' dir='ltr'>suis</span> <span class='ocrx_word' id='word_1_28' title='bbox 1969 351 2080 391; x_wconf 88' lang='lat' dir='ltr'>iuste</span> <span class='ocrx_word' id='word_1_29' title='bbox 2116 355 2288 391; x_wconf 90' lang='lat' dir='ltr'>utantur</span> <span class='ocrx_word' id='word_1_30' title='bbox 2324 364 2373 390; x_wconf 87' lang='lat' dir='ltr'>ac</span> 
     </span>
     <span class='ocr_line' id='line_1_4' title="bbox 201 416 2375 476; baseline -0.001 -14"><span class='ocrx_word' id='word_1_31' title='bbox 201 425 288 463; x_wconf 77' lang='lat' dir='ltr'>iura</span> <span class='ocrx_word' id='word_1_32' title='bbox 333 437 408 462; x_wconf 79' lang='lat' dir='ltr'>suu</span> <span class='ocrx_word' id='word_1_33' title='bbox 453 436 528 476; x_wconf 88' lang='lat' dir='ltr'>per</span> <span class='ocrx_word' id='word_1_34' title='bbox 571 421 710 461; x_wconf 80' lang='lat' dir='ltr'>onmia</span> <span class='ocrx_word' id='word_1_35' title='bbox 752 419 975 460; x_wconf 70' lang='lat' dir='ltr'>obtineant</span> <span class='ocrx_word' id='word_1_36' title='bbox 1013 419 1121 458; x_wconf 89' lang='lat' dir='ltr'>sicut</span> <span class='ocrx_word' id='word_1_37' title='bbox 1154 416 1331 458; x_wconf 88' lang='lat' dir='ltr'>debent.</span> <span class='ocrx_word' id='word_1_38' title='bbox 1378 416 1429 457; x_wconf 81' lang='lat' dir='ltr'>ab</span> <span class='ocrx_word' id='word_1_39' title='bbox 1462 417 1545 457; x_wconf 82' lang='lat' dir='ltr'>illis</span> <span class='ocrx_word' id='word_1_40' title='bbox 1578 418 1713 457; x_wconf 86' lang='lat' dir='ltr'>ceiam</span> <span class='ocrx_word' id='word_1_41' title='bbox 1746 417 2008 470; x_wconf 81' lang='lat' dir='ltr'>hominibus,</span> <span class='ocrx_word' id='word_1_42' title='bbox 2050 419 2118 472; x_wconf 92' lang='lat' dir='ltr'>qui</span> <span class='ocrx_word' id='word_1_43' title='bbox 2153 419 2194 459; x_wconf 94' lang='lat' dir='ltr'>in</span> <span class='ocrx_word' id='word_1_44' title='bbox 2228 432 2375 459; x_wconf 89' lang='lat' dir='ltr'>eorum</span> 
     </span>
     <span class='ocr_line' id='line_1_5' title="bbox 200 486 2377 542; baseline -0.002 -11"><span class='ocrx_word' id='word_1_45' title='bbox 200 491 569 531; x_wconf 81' lang='lat' dir='ltr'>iurisdiccioniluis</span> <span class='ocrx_word' id='word_1_46' title='bbox 612 492 941 529; x_wconf 82' lang='lat' dir='ltr'>commorantur.</span> <span class='ocrx_word' id='word_1_47' title='bbox 982 501 1033 527; x_wconf 80' lang='lat' dir='ltr'>ea</span> <span class='ocrx_word' id='word_1_48' title='bbox 1074 486 1254 526; x_wconf 80' lang='lat' dir='ltr'>servicia</span> <span class='ocrx_word' id='word_1_49' title='bbox 1287 490 1329 526; x_wconf 91' lang='lat' dir='ltr'>et</span> <span class='ocrx_word' id='word_1_50' title='bbox 1368 487 1459 526; x_wconf 83' lang='lat' dir='ltr'>iura</span> <span class='ocrx_word' id='word_1_51' title='bbox 1500 486 1711 540; x_wconf 79' lang='lat' dir='ltr'>recipiant</span> <span class='ocrx_word' id='word_1_52' title='bbox 1744 493 1786 526; x_wconf 87' lang='lat' dir='ltr'>et</span> <span class='ocrx_word' id='word_1_53' title='bbox 1826 487 2067 540; x_wconf 76' lang='lat' dir='ltr'>requirant,</span> <span class='ocrx_word' id='word_1_54' title='bbox 2107 500 2189 541; x_wconf 86' lang='lat' dir='ltr'>que</span> <span class='ocrx_word' id='word_1_55' title='bbox 2221 487 2299 542; x_wconf 88' lang='lat' dir='ltr'>ipsi</span> <span class='ocrx_word' id='word_1_56' title='bbox 2334 492 2377 527; x_wconf 89' lang='lat' dir='ltr'>et</span> 
     </span>
     <span class='ocr_line' id='line_1_6' title="bbox 200 554 2374 614; baseline -0.001 -15"><span class='ocrx_word' id='word_1_57' title='bbox 200 560 495 614; x_wconf 73' lang='lat' dir='ltr'>progenitores</span> <span class='ocrx_word' id='word_1_58' title='bbox 531 572 674 599; x_wconf 87' lang='lat' dir='ltr'>corum</span> <span class='ocrx_word' id='word_1_59' title='bbox 709 562 807 597; x_wconf 85' lang='lat' dir='ltr'>autc</span> <span class='ocrx_word' id='word_1_60' title='bbox 839 557 1012 609; x_wconf 81' lang='lat' dir='ltr'>triginta</span> <span class='ocrx_word' id='word_1_61' title='bbox 1052 555 1118 595; x_wconf 81' lang='lat' dir='ltr'>vel</span> <span class='ocrx_word' id='word_1_62' title='bbox 1151 554 1436 608; x_wconf 85' lang='lat' dir='ltr'>quadraginta</span> <span class='ocrx_word' id='word_1_63' title='bbox 1469 568 1544 594; x_wconf 90' lang='lat' dir='ltr'>seu</span> <span class='ocrx_word' id='word_1_64' title='bbox 1578 554 1891 608; x_wconf 81' lang='lat' dir='ltr'>quinquaginta</span> <span class='ocrx_word' id='word_1_65' title='bbox 1923 569 2057 596; x_wconf 90' lang='lat' dir='ltr'>annos</span> <span class='ocrx_word' id='word_1_66' title='bbox 2087 556 2197 596; x_wconf 88' lang='lat' dir='ltr'>iuste</span> <span class='ocrx_word' id='word_1_67' title='bbox 2230 556 2374 598; x_wconf 86' lang='lat' dir='ltr'>facere</span> 
     </span>
     <span class='ocr_line' id='line_1_7' title="bbox 200 621 2379 680; baseline -0.001 -12"><span class='ocrx_word' id='word_1_68' title='bbox 200 633 530 668; x_wconf 77' lang='lat' dir='ltr'>consueverunt.</span> <span class='ocrx_word' id='word_1_69' title='bbox 571 633 611 668; x_wconf 85' lang='lat' dir='ltr'>ct</span> <span class='ocrx_word' id='word_1_70' title='bbox 643 626 726 666; x_wconf 90' lang='lat' dir='ltr'>illis</span> <span class='ocrx_word' id='word_1_71' title='bbox 759 625 895 666; x_wconf 81' lang='lat' dir='ltr'>eciam</span> <span class='ocrx_word' id='word_1_72' title='bbox 936 624 1012 678; x_wconf 84' lang='lat' dir='ltr'>ipsi</span> <span class='ocrx_word' id='word_1_73' title='bbox 1047 623 1205 664; x_wconf 91' lang='lat' dir='ltr'>domini</span> <span class='ocrx_word' id='word_1_74' title='bbox 1239 623 1322 663; x_wconf 88' lang='lat' dir='ltr'>sint</span> <span class='ocrx_word' id='word_1_75' title='bbox 1354 622 1557 664; x_wconf 86' lang='lat' dir='ltr'>contenti.</span> <span class='ocrx_word' id='word_1_76' title='bbox 1674 621 1738 677; x_wconf 81' lang='lat'>(4)</span> <span class='ocrx_word' id='word_1_77' title='bbox 1773 621 1933 664; x_wconf 87' lang='lat' dir='ltr'>Omnes</span> <span class='ocrx_word' id='word_1_78' title='bbox 1967 623 2103 664; x_wconf 82' lang='lat' dir='ltr'>eciam</span> <span class='ocrx_word' id='word_1_79' title='bbox 2138 623 2379 680; x_wconf 80' lang='lat' dir='ltr'>[ecclesie]i</span> 
     </span>
     <span class='ocr_line' id='line_1_8' title="bbox 202 691 2378 751; baseline -0 -16"><span class='ocrx_word' id='word_1_80' title='bbox 202 697 397 737; x_wconf 75' lang='lat' dir='ltr'>civitates</span> <span class='ocrx_word' id='word_1_81' title='bbox 433 695 492 751; x_wconf 61' lang='lat' dir='ltr'>let</span> <span class='ocrx_word' id='word_1_82' title='bbox 525 693 730 751; x_wconf 76' lang='lat' dir='ltr'>oppida]k</span> <span class='ocrx_word' id='word_1_83' title='bbox 763 699 805 735; x_wconf 85' lang='lat' dir='ltr'>ct</span> <span class='ocrx_word' id='word_1_84' title='bbox 841 706 986 734; x_wconf 85' lang='lat' dir='ltr'>earum</span> <span class='ocrx_word' id='word_1_85' title='bbox 1018 691 1209 746; x_wconf 86' lang='lat' dir='ltr'>quelibet</span> <span class='ocrx_word' id='word_1_86' title='bbox 1249 692 1370 732; x_wconf 83' lang='lat' dir='ltr'>iuxta</span> <span class='ocrx_word' id='word_1_87' title='bbox 1401 691 1606 746; x_wconf 76' lang='lat' dir='ltr'>specialia</span> <span class='ocrx_word' id='word_1_88' title='bbox 1635 691 1728 731; x_wconf 89' lang='lat' dir='ltr'>iura</span> <span class='ocrx_word' id='word_1_89' title='bbox 1758 705 1834 732; x_wconf 89' lang='lat' dir='ltr'>sua</span> <span class='ocrx_word' id='word_1_90' title='bbox 1862 691 2080 746; x_wconf 83' lang='lat' dir='ltr'>gaudeant</span> <span class='ocrx_word' id='word_1_91' title='bbox 2112 691 2378 749; x_wconf 87' lang='lat' dir='ltr'>[perpetuo]¹</span> 
     </span>
     <span class='ocr_line' id='line_1_9' title="bbox 200 759 2381 818; baseline -0 -15"><span class='ocrx_word' id='word_1_92' title='bbox 200 775 240 804; x_wconf 82' lang='lat' dir='ltr'>ct</span> <span class='ocrx_word' id='word_1_93' title='bbox 287 765 480 804; x_wconf 84' lang='lat' dir='ltr'>fruantur</span> <span class='ocrx_word' id='word_1_94' title='bbox 525 763 702 818; x_wconf 78' lang='lat' dir='ltr'>pacifice</span> <span class='ocrx_word' id='word_1_95' title='bbox 752 767 793 803; x_wconf 87' lang='lat' dir='ltr'>ct</span> <span class='ocrx_word' id='word_1_96' title='bbox 836 762 978 816; x_wconf 89' lang='lat' dir='ltr'>quiete</span> <span class='ocrx_word' id='word_1_97' title='bbox 1018 761 1098 801; x_wconf 88' lang='lat' dir='ltr'>illis</span> <span class='ocrx_word' id='word_1_98' title='bbox 1137 760 1431 809; x_wconf 73' lang='lat' dir='ltr'>libertatibus,</span> <span class='ocrx_word' id='word_1_99' title='bbox 1473 759 1705 800; x_wconf 87' lang='lat' dir='ltr'>honoribus</span> <span class='ocrx_word' id='word_1_100' title='bbox 1747 765 1790 800; x_wconf 93' lang='lat' dir='ltr'>et</span> <span class='ocrx_word' id='word_1_101' title='bbox 1832 761 1992 801; x_wconf 88' lang='lat' dir='ltr'>iuribus</span> <span class='ocrx_word' id='word_1_102' title='bbox 2027 762 2304 815; x_wconf 82' lang='lat' dir='ltr'>generalibus</span> <span class='ocrx_word' id='word_1_103' title='bbox 2339 766 2381 802; x_wconf 90' lang='lat' dir='ltr'>et</span> 
     </span>
     <span class='ocr_line' id='line_1_10' title="bbox 199 827 2379 887; baseline 0 -18"><span class='ocrx_word' id='word_1_104' title='bbox 199 832 477 887; x_wconf 79' lang='lat' dir='ltr'>specialibus.</span> <span class='ocrx_word' id='word_1_105' title='bbox 521 846 601 886; x_wconf 83' lang='lat' dir='ltr'>quc</span> <span class='ocrx_word' id='word_1_106' title='bbox 635 831 912 871; x_wconf 85' lang='lat' dir='ltr'>obtinuerunt</span> <span class='ocrx_word' id='word_1_107' title='bbox 952 830 1158 869; x_wconf 86' lang='lat' dir='ltr'>hactenus</span> <span class='ocrx_word' id='word_1_108' title='bbox 1192 842 1245 869; x_wconf 82' lang='lat' dir='ltr'>ex</span> <span class='ocrx_word' id='word_1_109' title='bbox 1279 829 1470 882; x_wconf 85' lang='lat' dir='ltr'>antiquo.</span> <span class='ocrx_word' id='word_1_110' title='bbox 1588 827 1652 882; x_wconf 79' lang='lat'>(5)</span> <span class='ocrx_word' id='word_1_111' title='bbox 1688 827 1731 868; x_wconf 78' lang='lat' dir='ltr'>Si</span> <span class='ocrx_word' id='word_1_112' title='bbox 1765 832 1910 869; x_wconf 86' lang='lat' dir='ltr'>autem</span> <span class='ocrx_word' id='word_1_113' title='bbox 1944 829 2110 870; x_wconf 88' lang='lat' dir='ltr'>nobiles</span> <span class='ocrx_word' id='word_1_114' title='bbox 2145 833 2187 870; x_wconf 91' lang='lat' dir='ltr'>et</span> <span class='ocrx_word' id='word_1_115' title='bbox 2221 829 2379 871; x_wconf 90' lang='lat' dir='ltr'>domini</span> 
     </span>
     <span class='ocr_line' id='line_1_11' title="bbox 199 896 2372 956; baseline -0 -16"><span class='ocrx_word' id='word_1_116' title='bbox 199 901 378 956; x_wconf 80' lang='lat' dir='ltr'>predicti</span> <span class='ocrx_word' id='word_1_117' title='bbox 413 915 488 956; x_wconf 89' lang='lat' dir='ltr'>per</span> <span class='ocrx_word' id='word_1_118' title='bbox 520 901 716 941; x_wconf 76' lang='lat' dir='ltr'>civitates</span> <span class='ocrx_word' id='word_1_119' title='bbox 749 898 828 939; x_wconf 86' lang='lat' dir='ltr'>sibi</span> <span class='ocrx_word' id='word_1_120' title='bbox 862 899 1004 938; x_wconf 85' lang='lat' dir='ltr'>illatas</span> <span class='ocrx_word' id='word_1_121' title='bbox 1040 898 1214 938; x_wconf 81' lang='lat' dir='ltr'>iniurias</span> <span class='ocrx_word' id='word_1_122' title='bbox 1249 900 1579 951; x_wconf 75' lang='lat' dir='ltr'>conquerantur.</span> <span class='ocrx_word' id='word_1_123' title='bbox 1612 896 1692 951; x_wconf 87' lang='lat' dir='ltr'>ipsi</span> <span class='ocrx_word' id='word_1_124' title='bbox 1724 900 1899 951; x_wconf 90' lang='lat' dir='ltr'>propter</span> <span class='ocrx_word' id='word_1_125' title='bbox 1931 897 2010 938; x_wconf 92' lang='lat' dir='ltr'>hoc</span> <span class='ocrx_word' id='word_1_126' title='bbox 2043 898 2202 938; x_wconf 88' lang='lat' dir='ltr'>nullum</span> <span class='ocrx_word' id='word_1_127' title='bbox 2237 899 2372 954; x_wconf 86' lang='lat' dir='ltr'>capti-</span> 
     </span>
     <span class='ocr_line' id='line_1_12' title="bbox 199 965 2379 1023; baseline 0 -15"><span class='ocrx_word' id='word_1_128' title='bbox 199 970 360 1010; x_wconf 73' lang='lat' dir='ltr'>vabunt</span> <span class='ocrx_word' id='word_1_129' title='bbox 398 984 452 1010; x_wconf 79' lang='lat' dir='ltr'>ex</span> <span class='ocrx_word' id='word_1_130' title='bbox 493 970 554 1010; x_wconf 88' lang='lat' dir='ltr'>eis</span> <span class='ocrx_word' id='word_1_131' title='bbox 592 982 669 1009; x_wconf 90' lang='lat' dir='ltr'>nec</span> <span class='ocrx_word' id='word_1_132' title='bbox 711 981 856 1009; x_wconf 87' lang='lat' dir='ltr'>eorum</span> <span class='ocrx_word' id='word_1_133' title='bbox 897 968 1076 1022; x_wconf 86' lang='lat' dir='ltr'>pignora</span> <span class='ocrx_word' id='word_1_134' title='bbox 1116 966 1288 1021; x_wconf 86' lang='lat' dir='ltr'>capient</span> <span class='ocrx_word' id='word_1_135' title='bbox 1326 980 1405 1006; x_wconf 90' lang='lat' dir='ltr'>nec</span> <span class='ocrx_word' id='word_1_136' title='bbox 1449 965 1586 1005; x_wconf 89' lang='lat' dir='ltr'>eciam</span> <span class='ocrx_word' id='word_1_137' title='bbox 1620 980 1675 1005; x_wconf 85' lang='lat' dir='ltr'>ex</span> <span class='ocrx_word' id='word_1_138' title='bbox 1718 970 1836 1006; x_wconf 91' lang='lat' dir='ltr'>motu</span> <span class='ocrx_word' id='word_1_139' title='bbox 1877 967 2048 1022; x_wconf 89' lang='lat' dir='ltr'>proprio</span> <span class='ocrx_word' id='word_1_140' title='bbox 2083 971 2231 1008; x_wconf 88' lang='lat' dir='ltr'>contra</span> <span class='ocrx_word' id='word_1_141' title='bbox 2263 967 2379 1023; x_wconf 90' lang='lat' dir='ltr'>ipsos</span> 
     </span>
     <span class='ocr_line' id='line_1_13' title="bbox 199 1033 2381 1092; baseline 0 -15"><span class='ocrx_word' id='word_1_142' title='bbox 199 1038 434 1092; x_wconf 74' lang='lat' dir='ltr'>procedent</span> <span class='ocrx_word' id='word_1_143' title='bbox 474 1038 743 1092; x_wconf 82' lang='lat' dir='ltr'>aliquatenus</span> <span class='ocrx_word' id='word_1_144' title='bbox 784 1036 836 1077; x_wconf 91' lang='lat' dir='ltr'>ad</span> <span class='ocrx_word' id='word_1_145' title='bbox 877 1035 1126 1086; x_wconf 78' lang='lat' dir='ltr'>vindictam,</span> <span class='ocrx_word' id='word_1_146' title='bbox 1169 1034 1245 1076; x_wconf 87' lang='lat' dir='ltr'>sed</span> <span class='ocrx_word' id='word_1_147' title='bbox 1285 1048 1427 1075; x_wconf 86' lang='lat' dir='ltr'>coram</span> <span class='ocrx_word' id='word_1_148' title='bbox 1469 1033 1590 1074; x_wconf 86' lang='lat' dir='ltr'>nobis</span> <span class='ocrx_word' id='word_1_149' title='bbox 1635 1035 1703 1075; x_wconf 90' lang='lat' dir='ltr'>vel</span> <span class='ocrx_word' id='word_1_150' title='bbox 1735 1035 1788 1075; x_wconf 87' lang='lat' dir='ltr'><strong>A.</strong></span> <span class='ocrx_word' id='word_1_151' title='bbox 1821 1036 1976 1076; x_wconf 79' lang='lat' dir='ltr'>comite</span> <span class='ocrx_word' id='word_1_152' title='bbox 2017 1035 2070 1077; x_wconf 87' lang='lat' dir='ltr'>de</span> <span class='ocrx_word' id='word_1_153' title='bbox 2099 1035 2381 1077; x_wconf 81' lang='lat' dir='ltr'>Waldeckem</span> 
     </span>
     <span class='ocr_line' id='line_1_14' title="bbox 199 1102 2381 1160; baseline 0 -14"><span class='ocrx_word' id='word_1_154' title='bbox 199 1115 344 1147; x_wconf 76' lang='lat' dir='ltr'>nostro</span> <span class='ocrx_word' id='word_1_155' title='bbox 369 1107 644 1147; x_wconf 70' lang='lat' dir='ltr'>iusticiarioss.</span> <span class='ocrx_word' id='word_1_156' title='bbox 678 1111 751 1146; x_wconf 88' lang='lat' dir='ltr'>aut</span> <span class='ocrx_word' id='word_1_157' title='bbox 775 1138 782 1146; x_wconf 93' lang='lat'><strong>.</strong></span> <span class='ocrx_word' id='word_1_158' title='bbox 808 1112 837 1147; x_wconf 79' lang='lat'>,⁰</span> <span class='ocrx_word' id='word_1_159' title='bbox 869 1105 1049 1145; x_wconf 85' lang='lat' dir='ltr'>sculteto</span> <span class='ocrx_word' id='word_1_160' title='bbox 1072 1103 1404 1158; x_wconf 74' lang='lat' dir='ltr'>Bopardiensip,</span> <span class='ocrx_word' id='word_1_161' title='bbox 1430 1135 1437 1143; x_wconf 94' lang='lat'><strong>.</strong></span> <span class='ocrx_word' id='word_1_162' title='bbox 1463 1137 1471 1145; x_wconf 93' lang='lat'><strong>.</strong></span> <span class='ocrx_word' id='word_1_163' title='bbox 1496 1103 1678 1145; x_wconf 88' lang='lat' dir='ltr'>sculteto</span> <span class='ocrx_word' id='word_1_164' title='bbox 1701 1102 2116 1156; x_wconf 66' lang='lat' dir='ltr'>Frankenvofflensi,</span> <span class='ocrx_word' id='word_1_165' title='bbox 2142 1137 2150 1145; x_wconf 94' lang='lat'><strong>.</strong></span> <span class='ocrx_word' id='word_1_166' title='bbox 2171 1137 2179 1145; x_wconf 93' lang='lat'><strong>.</strong></span> <span class='ocrx_word' id='word_1_167' title='bbox 2205 1104 2381 1160; x_wconf 91' lang='lat' dir='ltr'>Oppen-</span> 
     </span>
     <span class='ocr_line' id='line_1_15' title="bbox 200 1172 2382 1230; baseline -0 -15"><span class='ocrx_word' id='word_1_168' title='bbox 200 1176 449 1224; x_wconf 63' lang='lat' dir='ltr'>heimensiq.</span> <span class='ocrx_word' id='word_1_169' title='bbox 484 1208 524 1218; x_wconf 89' lang='lat'>..</span> <span class='ocrx_word' id='word_1_170' title='bbox 559 1175 881 1230; x_wconf 81' lang='lat' dir='ltr'>Hagenowensi</span> <span class='ocrx_word' id='word_1_171' title='bbox 916 1207 924 1214; x_wconf 95' lang='lat'><strong>.</strong></span> <span class='ocrx_word' id='word_1_172' title='bbox 950 1181 979 1214; x_wconf 83' lang='lat'><strong>.⁰</strong></span> <span class='ocrx_word' id='word_1_173' title='bbox 1011 1174 1080 1215; x_wconf 83' lang='lat' dir='ltr'>vel</span> <span class='ocrx_word' id='word_1_174' title='bbox 1113 1172 1455 1214; x_wconf 85' lang='lat' dir='ltr'>Columbariensi</span> <span class='ocrx_word' id='word_1_175' title='bbox 1502 1173 1684 1214; x_wconf 90' lang='lat' dir='ltr'>sculteto</span> <span class='ocrx_word' id='word_1_176' title='bbox 1727 1187 1826 1214; x_wconf 85' lang='lat' dir='ltr'>suas</span> <span class='ocrx_word' id='word_1_177' title='bbox 1869 1174 2043 1214; x_wconf 87' lang='lat' dir='ltr'>iniurias</span> <span class='ocrx_word' id='word_1_178' title='bbox 2076 1178 2192 1215; x_wconf 90' lang='lat' dir='ltr'>recto</span> <span class='ocrx_word' id='word_1_179' title='bbox 2225 1173 2382 1215; x_wconf 90' lang='lat' dir='ltr'>iudicio</span> 
     </span>
     <span class='ocr_line' id='line_1_16' title="bbox 200 1241 2379 1299; baseline -0 -14"><span class='ocrx_word' id='word_1_180' title='bbox 200 1251 242 1285; x_wconf 85' lang='lat' dir='ltr'>et</span> <span class='ocrx_word' id='word_1_181' title='bbox 285 1259 361 1299; x_wconf 91' lang='lat' dir='ltr'>per</span> <span class='ocrx_word' id='word_1_182' title='bbox 398 1246 552 1285; x_wconf 82' lang='lat' dir='ltr'>iustam</span> <span class='ocrx_word' id='word_1_183' title='bbox 596 1245 860 1285; x_wconf 84' lang='lat' dir='ltr'>sentenciam</span> <span class='ocrx_word' id='word_1_184' title='bbox 902 1246 1230 1298; x_wconf 78' lang='lat' dir='ltr'>prosequentur.</span> <span class='ocrx_word' id='word_1_185' title='bbox 1350 1241 1414 1296; x_wconf 80' lang='lat'>(6)</span> <span class='ocrx_word' id='word_1_186' title='bbox 1455 1241 1664 1283; x_wconf 82' lang='lat' dir='ltr'>Civitates</span> <span class='ocrx_word' id='word_1_187' title='bbox 1706 1242 1843 1283; x_wconf 86' lang='lat' dir='ltr'>eciam</span> <span class='ocrx_word' id='word_1_188' title='bbox 1886 1246 1951 1283; x_wconf 84' lang='lat' dir='ltr'>etr</span> <span class='ocrx_word' id='word_1_189' title='bbox 1990 1242 2170 1298; x_wconf 64' lang='lat' dir='ltr'>oppidas</span> <span class='ocrx_word' id='word_1_190' title='bbox 2202 1243 2379 1284; x_wconf 86' lang='lat' dir='ltr'>iniurias</span> 
     </span>
     <span class='ocr_line' id='line_1_17' title="bbox 199 1311 2383 1369; baseline -0 -16"><span class='ocrx_word' id='word_1_191' title='bbox 199 1328 318 1355; x_wconf 77' lang='lat' dir='ltr'>suas.</span> <span class='ocrx_word' id='word_1_192' title='bbox 363 1315 396 1354; x_wconf 87' lang='lat' dir='ltr'>si</span> <span class='ocrx_word' id='word_1_193' title='bbox 430 1327 511 1368; x_wconf 93' lang='lat' dir='ltr'>que</span> <span class='ocrx_word' id='word_1_194' title='bbox 551 1314 655 1369; x_wconf 82' lang='lat' dir='ltr'>ipsis</span> <span class='ocrx_word' id='word_1_195' title='bbox 696 1314 813 1354; x_wconf 86' lang='lat' dir='ltr'>illate</span> <span class='ocrx_word' id='word_1_196' title='bbox 854 1313 1033 1361; x_wconf 74' lang='lat' dir='ltr'>fuerint,</span> <span class='ocrx_word' id='word_1_197' title='bbox 1075 1313 1185 1353; x_wconf 89' lang='lat' dir='ltr'>iusto</span> <span class='ocrx_word' id='word_1_198' title='bbox 1220 1311 1390 1358; x_wconf 77' lang='lat' dir='ltr'>iudicio.</span> <span class='ocrx_word' id='word_1_199' title='bbox 1426 1311 1537 1351; x_wconf 88' lang='lat' dir='ltr'>sicut</span> <span class='ocrx_word' id='word_1_200' title='bbox 1568 1311 1825 1366; x_wconf 88' lang='lat' dir='ltr'>premissum</span> <span class='ocrx_word' id='word_1_201' title='bbox 1860 1315 1944 1362; x_wconf 82' lang='lat' dir='ltr'>est,</span> <span class='ocrx_word' id='word_1_202' title='bbox 1987 1325 2128 1352; x_wconf 89' lang='lat' dir='ltr'>coram</span> <span class='ocrx_word' id='word_1_203' title='bbox 2162 1311 2282 1352; x_wconf 86' lang='lat' dir='ltr'>nobis</span> <span class='ocrx_word' id='word_1_204' title='bbox 2313 1311 2383 1353; x_wconf 81' lang='lat' dir='ltr'>vel</span> 
     </span>
     <span class='ocr_line' id='line_1_18' title="bbox 201 1379 2384 1437; baseline -0.001 -14"><span class='ocrx_word' id='word_1_205' title='bbox 201 1383 295 1423; x_wconf 81' lang='lat' dir='ltr'>aliis</span> <span class='ocrx_word' id='word_1_206' title='bbox 328 1388 659 1437; x_wconf 83' lang='lat' dir='ltr'>prosequentur:</span> <span class='ocrx_word' id='word_1_207' title='bbox 693 1383 752 1422; x_wconf 83' lang='lat' dir='ltr'>ita</span> <span class='ocrx_word' id='word_1_208' title='bbox 784 1381 896 1436; x_wconf 92' lang='lat' dir='ltr'>quod</span> <span class='ocrx_word' id='word_1_209' title='bbox 929 1381 1109 1435; x_wconf 89' lang='lat' dir='ltr'>quilibet</span> <span class='ocrx_word' id='word_1_210' title='bbox 1141 1380 1296 1421; x_wconf 81' lang='lat' dir='ltr'>nobilis</span> <span class='ocrx_word' id='word_1_211' title='bbox 1327 1384 1370 1421; x_wconf 88' lang='lat' dir='ltr'>et</span> <span class='ocrx_word' id='word_1_212' title='bbox 1392 1394 1649 1435; x_wconf 87' lang='lat' dir='ltr'>unaqueque</span> <span class='ocrx_word' id='word_1_213' title='bbox 1675 1380 1826 1421; x_wconf 85' lang='lat' dir='ltr'>civitas</span> <span class='ocrx_word' id='word_1_214' title='bbox 1851 1384 1893 1421; x_wconf 93' lang='lat' dir='ltr'>et</span> <span class='ocrx_word' id='word_1_215' title='bbox 1915 1379 2133 1435; x_wconf 70' lang='lat' dir='ltr'>oppidumt</span> <span class='ocrx_word' id='word_1_216' title='bbox 2164 1393 2384 1421; x_wconf 84' lang='lat' dir='ltr'>recursum</span> 
     </span>
     <span class='ocr_line' id='line_1_19' title="bbox 200 1448 2381 1504; baseline -0.001 -12"><span class='ocrx_word' id='word_1_217' title='bbox 200 1452 356 1492; x_wconf 85' lang='lat' dir='ltr'>habeat</span> <span class='ocrx_word' id='word_1_218' title='bbox 389 1451 440 1492; x_wconf 87' lang='lat' dir='ltr'>ad</span> <span class='ocrx_word' id='word_1_219' title='bbox 475 1451 659 1491; x_wconf 89' lang='lat' dir='ltr'>iudicem</span> <span class='ocrx_word' id='word_1_220' title='bbox 694 1465 824 1491; x_wconf 90' lang='lat' dir='ltr'>unum</span> <span class='ocrx_word' id='word_1_221' title='bbox 858 1450 909 1491; x_wconf 90' lang='lat' dir='ltr'>de</span> <span class='ocrx_word' id='word_1_222' title='bbox 942 1449 1144 1504; x_wconf 87' lang='lat' dir='ltr'>predictis</span> <span class='ocrx_word' id='word_1_223' title='bbox 1177 1450 1273 1504; x_wconf 88' lang='lat' dir='ltr'>plus</span> <span class='ocrx_word' id='word_1_224' title='bbox 1308 1449 1388 1490; x_wconf 90' lang='lat' dir='ltr'>sibi</span> <span class='ocrx_word' id='word_1_225' title='bbox 1415 1449 1596 1490; x_wconf 88' lang='lat' dir='ltr'>vicinum</span> <span class='ocrx_word' id='word_1_226' title='bbox 1633 1463 1706 1504; x_wconf 91' lang='lat' dir='ltr'>pro</span> <span class='ocrx_word' id='word_1_227' title='bbox 1739 1449 1825 1489; x_wconf 88' lang='lat' dir='ltr'>suis</span> <span class='ocrx_word' id='word_1_228' title='bbox 1858 1449 2023 1489; x_wconf 89' lang='lat' dir='ltr'>iniuriis</span> <span class='ocrx_word' id='word_1_229' title='bbox 2055 1448 2381 1504; x_wconf 87' lang='lat' dir='ltr'>prosequendis.</span> 
     </span>
     <span class='ocr_line' id='line_1_20' title="bbox 199 1517 2382 1574; baseline -0 -15"><span class='ocrx_word' id='word_1_230' title='bbox 199 1521 260 1565; x_wconf 49' lang='lat'>&lt;73</span> <span class='ocrx_word' id='word_1_231' title='bbox 297 1520 339 1560; x_wconf 78' lang='lat' dir='ltr'>Si</span> <span class='ocrx_word' id='word_1_232' title='bbox 379 1526 524 1561; x_wconf 81' lang='lat' dir='ltr'>autem</span> <span class='ocrx_word' id='word_1_233' title='bbox 557 1520 752 1560; x_wconf 81' lang='lat' dir='ltr'>civitates</span> <span class='ocrx_word' id='word_1_234' title='bbox 787 1523 829 1559; x_wconf 94' lang='lat' dir='ltr'>et</span> <span class='ocrx_word' id='word_1_235' title='bbox 867 1518 1021 1574; x_wconf 89' lang='lat' dir='ltr'>oppida</span> <span class='ocrx_word' id='word_1_236' title='bbox 1063 1523 1238 1574; x_wconf 89' lang='lat' dir='ltr'>propter</span> <span class='ocrx_word' id='word_1_237' title='bbox 1280 1519 1597 1573; x_wconf 82' lang='lat' dir='ltr'>negligenciam</span> <span class='ocrx_word' id='word_1_238' title='bbox 1635 1518 1788 1559; x_wconf 89' lang='lat' dir='ltr'>iudicis</span> <span class='ocrx_word' id='word_1_239' title='bbox 1829 1532 1913 1558; x_wconf 91' lang='lat' dir='ltr'>non</span> <span class='ocrx_word' id='word_1_240' title='bbox 1945 1522 2147 1574; x_wconf 90' lang='lat' dir='ltr'>poterunt</span> <span class='ocrx_word' id='word_1_241' title='bbox 2178 1517 2382 1559; x_wconf 90' lang='lat' dir='ltr'>iudicium</span> 
     </span>
     <span class='ocr_line' id='line_1_21' title="bbox 201 1583 2399 1642; baseline -0 -14"><span class='ocrx_word' id='word_1_242' title='bbox 201 1595 243 1628; x_wconf 80' lang='lat' dir='ltr'>et</span> <span class='ocrx_word' id='word_1_243' title='bbox 275 1590 486 1630; x_wconf 82' lang='lat' dir='ltr'>iusticiam</span> <span class='ocrx_word' id='word_1_244' title='bbox 521 1589 738 1630; x_wconf 84' lang='lat' dir='ltr'>obtinere.</span> <span class='ocrx_word' id='word_1_245' title='bbox 780 1603 834 1629; x_wconf 80' lang='lat' dir='ltr'>cx</span> <span class='ocrx_word' id='word_1_246' title='bbox 867 1592 966 1629; x_wconf 88' lang='lat' dir='ltr'>tunc</span> <span class='ocrx_word' id='word_1_247' title='bbox 999 1588 1164 1629; x_wconf 86' lang='lat' dir='ltr'>nobiles</span> <span class='ocrx_word' id='word_1_248' title='bbox 1197 1592 1240 1629; x_wconf 92' lang='lat' dir='ltr'>et</span> <span class='ocrx_word' id='word_1_249' title='bbox 1271 1588 1468 1629; x_wconf 85' lang='lat' dir='ltr'>civitates</span> <span class='ocrx_word' id='word_1_250' title='bbox 1502 1591 1679 1642; x_wconf 87' lang='lat' dir='ltr'>propter</span> <span class='ocrx_word' id='word_1_251' title='bbox 1710 1587 2058 1628; x_wconf 89' lang='lat' dir='ltr'>observacionem</span> <span class='ocrx_word' id='word_1_252' title='bbox 2090 1587 2208 1641; x_wconf 87' lang='lat' dir='ltr'>pacis</span> <span class='ocrx_word' id='word_1_253' title='bbox 2239 1583 2399 1628; x_wconf 84' lang='lat' dir='ltr'>iurate</span> 
     </span>
    </p>
   </div>
   <div class='ocr_carea' id='block_1_3' title="bbox 2415 908 2448 933">
    <p class='ocr_par' dir='ltr' id='par_1_3' title="bbox 2415 908 2448 933">
     <span class='ocr_line' id='line_1_22' title="bbox 2415 908 2448 933; baseline -0.03 0"><span class='ocrx_word' id='word_1_254' title='bbox 2415 908 2448 933; x_wconf 82' lang='lat'>10</span> 
     </span>
    </p>
   </div>
   <div class='ocr_carea' id='block_1_4' title="bbox 2418 1258 2449 1282">
    <p class='ocr_par' dir='ltr' id='par_1_4' title="bbox 2418 1258 2449 1282">
     <span class='ocr_line' id='line_1_23' title="bbox 2418 1258 2449 1282; baseline -0.032 0"><span class='ocrx_word' id='word_1_255' title='bbox 2418 1258 2449 1282; x_wconf 84' lang='lat'>15</span> 
     </span>
    </p>
   </div>
   <div class='ocr_carea' id='block_1_5' title="bbox 2420 1599 2452 1624">
    <p class='ocr_par' dir='ltr' id='par_1_5' title="bbox 2420 1599 2452 1624">
     <span class='ocr_line' id='line_1_24' title="bbox 2420 1599 2452 1624; baseline 0 0"><span class='ocrx_word' id='word_1_256' title='bbox 2420 1599 2452 1624; x_wconf 82' lang='lat'>20</span> 
     </span>
    </p>
   </div>
   <div class='ocr_carea' id='block_1_6' title="bbox 201 1656 2418 1711">
    <p class='ocr_par' dir='ltr' id='par_1_6' title="bbox 201 1656 2418 1711">
     <span class='ocr_line' id='line_1_25' title="bbox 201 1656 2418 1711; baseline -0 -13"><span class='ocrx_word' id='word_1_257' title='bbox 201 1658 299 1698; x_wconf 83' lang='lat' dir='ltr'>totis</span> <span class='ocrx_word' id='word_1_258' title='bbox 332 1658 492 1698; x_wconf 77' lang='lat' dir='ltr'>viribus</span> <span class='ocrx_word' id='word_1_259' title='bbox 526 1671 674 1698; x_wconf 90' lang='lat' dir='ltr'>eorum</span> <span class='ocrx_word' id='word_1_260' title='bbox 708 1657 916 1702; x_wconf 73' lang='lat' dir='ltr'>collectis,</span> <span class='ocrx_word' id='word_1_261' title='bbox 953 1661 1100 1697; x_wconf 89' lang='lat' dir='ltr'>contra</span> <span class='ocrx_word' id='word_1_262' title='bbox 1132 1657 1280 1697; x_wconf 86' lang='lat' dir='ltr'>illumu</span> <span class='ocrx_word' id='word_1_263' title='bbox 1313 1658 1604 1698; x_wconf 89' lang='lat' dir='ltr'>iniuriatorem</span> <span class='ocrx_word' id='word_1_264' title='bbox 1637 1656 1871 1711; x_wconf 89' lang='lat' dir='ltr'>procedent</span> <span class='ocrx_word' id='word_1_265' title='bbox 1903 1656 2117 1697; x_wconf 89' lang='lat' dir='ltr'>hostiliter</span> <span class='ocrx_word' id='word_1_266' title='bbox 2147 1670 2226 1697; x_wconf 89' lang='lat' dir='ltr'>nec</span> <span class='ocrx_word' id='word_1_267' title='bbox 2250 1670 2306 1697; x_wconf 81' lang='lat' dir='ltr'>ex</span> <span class='ocrx_word' id='word_1_268' title='bbox 2328 1670 2378 1698; x_wconf 90' lang='lat' dir='ltr'>eo</span> <span class='ocrx_word' id='word_1_269' title='bbox 2415 1667 2418 1669; x_wconf 84' lang='grc'><strong>’</strong></span> 
     </span>
    </p>
   </div>
   <div class='ocr_carea' id='block_1_7' title="bbox 199 1725 2387 2126">
    <p class='ocr_par' dir='ltr' id='par_1_7' title="bbox 199 1725 2387 2126">
     <span class='ocr_line' id='line_1_26' title="bbox 199 1725 2385 1781; baseline -0.001 -14"><span class='ocrx_word' id='word_1_270' title='bbox 199 1741 284 1781; x_wconf 79' lang='lat' dir='ltr'>pax</span> <span class='ocrx_word' id='word_1_271' title='bbox 318 1726 590 1767; x_wconf 74' lang='lat' dir='ltr'>censebiturv</span> <span class='ocrx_word' id='word_1_272' title='bbox 622 1727 795 1767; x_wconf 82' lang='lat' dir='ltr'>violata.</span> <span class='ocrx_word' id='word_1_273' title='bbox 887 1725 951 1780; x_wconf 67' lang='lat'>(8)</span> <span class='ocrx_word' id='word_1_274' title='bbox 986 1726 1029 1767; x_wconf 80' lang='lat' dir='ltr'>Si</span> <span class='ocrx_word' id='word_1_275' title='bbox 1054 1740 1153 1767; x_wconf 88' lang='lat' dir='ltr'>vero</span> <span class='ocrx_word' id='word_1_276' title='bbox 1177 1726 1370 1767; x_wconf 87' lang='lat' dir='ltr'>civitates</span> <span class='ocrx_word' id='word_1_277' title='bbox 1395 1727 1461 1767; x_wconf 88' lang='lat' dir='ltr'>vel</span> <span class='ocrx_word' id='word_1_278' title='bbox 1487 1725 1645 1781; x_wconf 87' lang='lat' dir='ltr'>oppida</span> <span class='ocrx_word' id='word_1_279' title='bbox 1673 1726 1828 1780; x_wconf 68' lang='lat' dir='ltr'>aliqua.</span> <span class='ocrx_word' id='word_1_280' title='bbox 1861 1725 2029 1766; x_wconf 87' lang='lat' dir='ltr'>nobiles</span> <span class='ocrx_word' id='word_1_281' title='bbox 2053 1725 2121 1765; x_wconf 83' lang='lat' dir='ltr'>vel</span> <span class='ocrx_word' id='word_1_282' title='bbox 2144 1725 2385 1780; x_wconf 90' lang='lat' dir='ltr'>quicunque</span> 
     </span>
     <span class='ocr_line' id='line_1_27' title="bbox 201 1793 2379 1851; baseline 0 -16"><span class='ocrx_word' id='word_1_283' title='bbox 201 1796 270 1835; x_wconf 87' lang='lat' dir='ltr'>alii</span> <span class='ocrx_word' id='word_1_284' title='bbox 305 1810 453 1851; x_wconf 85' lang='lat' dir='ltr'>pacem</span> <span class='ocrx_word' id='word_1_285' title='bbox 488 1796 740 1836; x_wconf 79' lang='lat' dir='ltr'>violaverint</span> <span class='ocrx_word' id='word_1_286' title='bbox 772 1795 812 1835; x_wconf 93' lang='lat' dir='ltr'>in</span> <span class='ocrx_word' id='word_1_287' title='bbox 845 1795 987 1849; x_wconf 86' lang='lat' dir='ltr'>aliquo</span> <span class='ocrx_word' id='word_1_288' title='bbox 1019 1795 1330 1849; x_wconf 83' lang='lat' dir='ltr'>predictorum⁷</span> <span class='ocrx_word' id='word_1_289' title='bbox 1375 1795 1453 1836; x_wconf 87' lang='lat' dir='ltr'>sub</span> <span class='ocrx_word' id='word_1_290' title='bbox 1487 1795 1665 1836; x_wconf 92' lang='lat' dir='ltr'>obtentu</span> <span class='ocrx_word' id='word_1_291' title='bbox 1706 1795 1849 1849; x_wconf 81' lang='lat' dir='ltr'>gracie</span> <span class='ocrx_word' id='word_1_292' title='bbox 1882 1799 2028 1835; x_wconf 85' lang='lat' dir='ltr'>nostre</span> <span class='ocrx_word' id='word_1_293' title='bbox 2062 1793 2379 1835; x_wconf 89' lang='lat' dir='ltr'>districtissime</span> 
     </span>
     <span class='ocr_line' id='line_1_28' title="bbox 200 1863 2384 1919; baseline 0 -16"><span class='ocrx_word' id='word_1_294' title='bbox 200 1865 480 1919; x_wconf 78' lang='lat' dir='ltr'>precipimuS.</span> <span class='ocrx_word' id='word_1_295' title='bbox 523 1864 574 1904; x_wconf 86' lang='lat' dir='ltr'>ab</span> <span class='ocrx_word' id='word_1_296' title='bbox 614 1864 809 1904; x_wconf 88' lang='lat' dir='ltr'>omnibus</span> <span class='ocrx_word' id='word_1_297' title='bbox 849 1864 967 1919; x_wconf 85' lang='lat' dir='ltr'>pacis</span> <span class='ocrx_word' id='word_1_298' title='bbox 1010 1864 1157 1905; x_wconf 89' lang='lat' dir='ltr'>federe</span> <span class='ocrx_word' id='word_1_299' title='bbox 1198 1864 1429 1905; x_wconf 87' lang='lat' dir='ltr'>coniuratis</span> <span class='ocrx_word' id='word_1_300' title='bbox 1462 1863 1635 1919; x_wconf 86' lang='lat' dir='ltr'>procedi</span> <span class='ocrx_word' id='word_1_301' title='bbox 1667 1864 1882 1904; x_wconf 87' lang='lat' dir='ltr'>hostiliter</span> <span class='ocrx_word' id='word_1_302' title='bbox 1914 1867 2062 1904; x_wconf 86' lang='lat' dir='ltr'>contra</span> <span class='ocrx_word' id='word_1_303' title='bbox 2093 1863 2205 1915; x_wconf 76' lang='lat' dir='ltr'>illos,</span> <span class='ocrx_word' id='word_1_304' title='bbox 2245 1867 2292 1904; x_wconf 92' lang='lat' dir='ltr'>ut</span> <span class='ocrx_word' id='word_1_305' title='bbox 2324 1863 2384 1904; x_wconf 86' lang='lat' dir='ltr'>sic</span> 
     </span>
     <span class='ocr_line' id='line_1_29' title="bbox 201 1930 2386 1988; baseline -0 -15"><span class='ocrx_word' id='word_1_306' title='bbox 201 1947 284 1987; x_wconf 84' lang='lat' dir='ltr'>pax</span> <span class='ocrx_word' id='word_1_307' title='bbox 328 1932 601 1973; x_wconf 78' lang='lat' dir='ltr'>onmimodow</span> <span class='ocrx_word' id='word_1_308' title='bbox 640 1933 897 1973; x_wconf 90' lang='lat' dir='ltr'>reformetur</span> <span class='ocrx_word' id='word_1_309' title='bbox 936 1937 978 1973; x_wconf 91' lang='lat' dir='ltr'>et</span> <span class='ocrx_word' id='word_1_310' title='bbox 1017 1933 1059 1973; x_wconf 89' lang='lat' dir='ltr'>in</span> <span class='ocrx_word' id='word_1_311' title='bbox 1097 1937 1317 1988; x_wconf 87' lang='lat' dir='ltr'>posterum</span> <span class='ocrx_word' id='word_1_312' title='bbox 1350 1934 1605 1974; x_wconf 86' lang='lat' dir='ltr'>inconcussa</span> <span class='ocrx_word' id='word_1_313' title='bbox 1643 1938 1894 1988; x_wconf 88' lang='lat' dir='ltr'>permaneat</span> <span class='ocrx_word' id='word_1_314' title='bbox 1925 1936 1968 1973; x_wconf 90' lang='lat' dir='ltr'>et</span> <span class='ocrx_word' id='word_1_315' title='bbox 2005 1932 2139 1974; x_wconf 90' lang='lat' dir='ltr'>illesa.</span> <span class='ocrx_word' id='word_1_316' title='bbox 2231 1930 2294 1988; x_wconf 83' lang='lat'>(9)</span> <span class='ocrx_word' id='word_1_317' title='bbox 2326 1931 2386 1973; x_wconf 93' lang='lat' dir='ltr'>Ut</span> 
     </span>
     <span class='ocr_line' id='line_1_30' title="bbox 203 2001 2387 2057; baseline -0 -15"><span class='ocrx_word' id='word_1_318' title='bbox 203 2008 347 2042; x_wconf 78' lang='lat' dir='ltr'>autem</span> <span class='ocrx_word' id='word_1_319' title='bbox 389 2002 467 2042; x_wconf 91' lang='lat' dir='ltr'>hec</span> <span class='ocrx_word' id='word_1_320' title='bbox 508 2002 698 2043; x_wconf 84' lang='lat' dir='ltr'>salubria</span> <span class='ocrx_word' id='word_1_321' title='bbox 739 2007 781 2042; x_wconf 92' lang='lat' dir='ltr'>et</span> <span class='ocrx_word' id='word_1_322' title='bbox 824 2002 936 2042; x_wconf 87' lang='lat' dir='ltr'>iusta</span> <span class='ocrx_word' id='word_1_323' title='bbox 978 2007 1125 2042; x_wconf 85' lang='lat' dir='ltr'>nostra</span> <span class='ocrx_word' id='word_1_324' title='bbox 1159 2006 1319 2042; x_wconf 86' lang='lat' dir='ltr'>statuta</span> <span class='ocrx_word' id='word_1_325' title='bbox 1360 2006 1453 2043; x_wconf 89' lang='lat' dir='ltr'>rata</span> <span class='ocrx_word' id='word_1_326' title='bbox 1487 2006 1530 2043; x_wconf 92' lang='lat' dir='ltr'>et</span> <span class='ocrx_word' id='word_1_327' title='bbox 1562 2003 1684 2042; x_wconf 89' lang='lat' dir='ltr'>firma</span> <span class='ocrx_word' id='word_1_328' title='bbox 1715 2007 1999 2057; x_wconf 83' lang='lat' dir='ltr'>permaneant</span> <span class='ocrx_word' id='word_1_329' title='bbox 2031 2006 2073 2042; x_wconf 91' lang='lat' dir='ltr'>et</span> <span class='ocrx_word' id='word_1_330' title='bbox 2104 2001 2157 2042; x_wconf 88' lang='lat' dir='ltr'>ab</span> <span class='ocrx_word' id='word_1_331' title='bbox 2191 2001 2387 2042; x_wconf 84' lang='lat' dir='ltr'>omnibus</span> 
     </span>
     <span class='ocr_line' id='line_1_31' title="bbox 204 2070 2295 2126; baseline 0.001 -16"><span class='ocrx_word' id='word_1_332' title='bbox 204 2071 507 2111; x_wconf 80' lang='lat' dir='ltr'>inviolabiliter</span> <span class='ocrx_word' id='word_1_333' title='bbox 541 2071 835 2113; x_wconf 76' lang='lat' dir='ltr'>observentur.</span> <span class='ocrx_word' id='word_1_334' title='bbox 870 2070 946 2110; x_wconf 86' lang='lat' dir='ltr'>has</span> <span class='ocrx_word' id='word_1_335' title='bbox 981 2071 1148 2111; x_wconf 88' lang='lat' dir='ltr'>litteras</span> <span class='ocrx_word' id='word_1_336' title='bbox 1182 2071 1300 2125; x_wconf 83' lang='lat' dir='ltr'>regie</span> <span class='ocrx_word' id='word_1_337' title='bbox 1334 2072 1572 2112; x_wconf 86' lang='lat' dir='ltr'>maiestatis</span> <span class='ocrx_word' id='word_1_338' title='bbox 1606 2072 1744 2126; x_wconf 85' lang='lat' dir='ltr'>sigillo</span> <span class='ocrx_word' id='word_1_339' title='bbox 1778 2071 1978 2112; x_wconf 83' lang='lat' dir='ltr'>duximus</span> <span class='ocrx_word' id='word_1_340' title='bbox 2012 2070 2295 2112; x_wconf 81' lang='lat' dir='ltr'>roborandas.</span> 
     </span>
    </p>
   </div>
   <div class='ocr_carea' id='block_1_8' title="bbox 203 2138 2387 2249">
    <p class='ocr_par' dir='ltr' id='par_1_8' title="bbox 203 2138 2387 2249">
     <span class='ocr_line' id='line_1_32' title="bbox 346 2138 2387 2195; baseline 0 -16"><span class='ocrx_word' id='word_1_341' title='bbox 346 2141 526 2179; x_wconf 59' lang='lat' dir='ltr'>Actum-¹</span> <span class='ocrx_word' id='word_1_342' title='bbox 566 2139 679 2194; x_wconf 87' lang='lat' dir='ltr'>apud</span> <span class='ocrx_word' id='word_1_343' title='bbox 713 2138 1023 2194; x_wconf 65' lang='lat' dir='ltr'>Oppenheimy.</span> <span class='ocrx_word' id='word_1_344' title='bbox 1066 2154 1177 2180; x_wconf 88' lang='lat' dir='ltr'>anno</span> <span class='ocrx_word' id='word_1_345' title='bbox 1218 2140 1390 2181; x_wconf 87' lang='lat' dir='ltr'>Domini</span> <span class='ocrx_word' id='word_1_346' title='bbox 1424 2139 1638 2190; x_wconf 80' lang='lat' dir='ltr'><strong>MOCLV‚</strong></span> <span class='ocrx_word' id='word_1_347' title='bbox 1677 2141 1717 2180; x_wconf 90' lang='lat' dir='ltr'>in</span> <span class='ocrx_word' id='word_1_348' title='bbox 1750 2140 1899 2195; x_wconf 84' lang='lat' dir='ltr'>vigilia</span> <span class='ocrx_word' id='word_1_349' title='bbox 1937 2141 2053 2182; x_wconf 89' lang='lat' dir='ltr'>beati</span> <span class='ocrx_word' id='word_1_350' title='bbox 2085 2139 2280 2191; x_wconf 78' lang='lat' dir='ltr'>Martini⁷</span> <span class='ocrx_word' id='word_1_351' title='bbox 2322 2140 2387 2180; x_wconf 91' lang='lat' dir='ltr'>in-</span> 
     </span>
     <span class='ocr_line' id='line_1_33' title="bbox 203 2207 596 2249; baseline -0.005 0"><span class='ocrx_word' id='word_1_352' title='bbox 203 2209 389 2249; x_wconf 90' lang='lat' dir='ltr'>dictione</span> <span class='ocrx_word' id='word_1_353' title='bbox 420 2207 555 2248; x_wconf 87' lang='lat' dir='ltr'>XIIII</span> <span class='ocrx_word' id='word_1_354' title='bbox 569 2214 596 2247; x_wconf 77' lang='lat'><strong>³.</strong></span> 
     </span>
    </p>
   </div>
   <div class='ocr_carea' id='block_1_9' title="bbox 203 2332 2387 2494">
    <p class='ocr_par' dir='ltr' id='par_1_9' title="bbox 203 2332 2387 2494">
     <span class='ocr_line' id='line_1_34' title="bbox 339 2332 2386 2379; baseline 0.001 -13"><span class='ocrx_word' id='word_1_355' title='bbox 339 2332 424 2366; x_wconf 71' lang='lat'><strong>375.</strong></span> <span class='ocrx_word' id='word_1_356' title='bbox 457 2333 479 2373; x_wconf 57' lang='lat' dir='ltr'>i]</span> <span class='ocrx_word' id='word_1_357' title='bbox 506 2335 687 2367; x_wconf 78' lang='lat' dir='ltr'>ecclesie</span> <span class='ocrx_word' id='word_1_358' title='bbox 713 2334 793 2366; x_wconf 72' lang='lat' dir='ltr'>add.</span> <span class='ocrx_word' id='word_1_359' title='bbox 811 2333 899 2367; x_wconf 80' lang='lat'><strong>3.·4.</strong></span> <span class='ocrx_word' id='word_1_360' title='bbox 1040 2332 1072 2376; x_wconf 79' lang='lat' dir='ltr'>k)</span> <span class='ocrx_word' id='word_1_361' title='bbox 1111 2340 1149 2367; x_wconf 83' lang='lat' dir='ltr'>et</span> <span class='ocrx_word' id='word_1_362' title='bbox 1179 2336 1341 2379; x_wconf 87' lang='lat' dir='ltr'>oppida</span> <span class='ocrx_word' id='word_1_363' title='bbox 1373 2335 1487 2378; x_wconf 84' lang='lat' dir='ltr'>(opida</span> <span class='ocrx_word' id='word_1_364' title='bbox 1510 2335 1546 2378; x_wconf 87' lang='grc'>4)</span> <span class='ocrx_word' id='word_1_365' title='bbox 1574 2336 1655 2369; x_wconf 74' lang='lat' dir='ltr'>add.</span> <span class='ocrx_word' id='word_1_366' title='bbox 1674 2335 1705 2368; x_wconf 91' lang='lat'>3.</span> <span class='ocrx_word' id='word_1_367' title='bbox 1730 2334 1763 2367; x_wconf 91' lang='lat'><strong>4.</strong></span> <span class='ocrx_word' id='word_1_368' title='bbox 1903 2334 1929 2377; x_wconf 80' lang='lat'>1)</span> <span class='ocrx_word' id='word_1_369' title='bbox 1966 2341 2171 2378; x_wconf 82' lang='lat' dir='ltr'>perpetuo</span> <span class='ocrx_word' id='word_1_370' title='bbox 2198 2335 2278 2368; x_wconf 79' lang='lat' dir='ltr'><strong>adol.</strong></span> <span class='ocrx_word' id='word_1_371' title='bbox 2297 2334 2329 2370; x_wconf 90' lang='lat'><strong>3.</strong></span> <span class='ocrx_word' id='word_1_372' title='bbox 2353 2334 2386 2369; x_wconf 89' lang='lat'>4.</span> 
     </span>
     <span class='ocr_line' id='line_1_35' title="bbox 203 2391 2387 2438; baseline 0.002 -16"><span class='ocrx_word' id='word_1_373' title='bbox 203 2392 243 2430; x_wconf 80' lang='lat' dir='ltr'>m)</span> <span class='ocrx_word' id='word_1_374' title='bbox 273 2392 436 2424; x_wconf 74' lang='lat' dir='ltr'>VValdeke</span> <span class='ocrx_word' id='word_1_375' title='bbox 463 2392 492 2424; x_wconf 88' lang='grc'>4.</span> <span class='ocrx_word' id='word_1_376' title='bbox 602 2396 633 2432; x_wconf 85' lang='lat'>¹¹)</span> <span class='ocrx_word' id='word_1_377' title='bbox 659 2393 811 2424; x_wconf 83' lang='lat' dir='ltr'>iustiario</span> <span class='ocrx_word' id='word_1_378' title='bbox 837 2391 867 2425; x_wconf 90' lang='lat'><strong>3.</strong></span> <span class='ocrx_word' id='word_1_379' title='bbox 975 2393 1006 2433; x_wconf 84' lang='lat'>0)</span> <span class='ocrx_word' id='word_1_380' title='bbox 1035 2418 1069 2425; x_wconf 90' lang='lat'>..</span> <span class='ocrx_word' id='word_1_381' title='bbox 1095 2393 1131 2424; x_wconf 78' lang='lat' dir='ltr'>in</span> <span class='ocrx_word' id='word_1_382' title='bbox 1158 2392 1174 2425; x_wconf 90' lang='lat'>1</span> <span class='ocrx_word' id='word_1_383' title='bbox 1203 2394 1251 2425; x_wconf 75' lang='lat' dir='ltr'>bis</span> <span class='ocrx_word' id='word_1_384' title='bbox 1277 2394 1406 2426; x_wconf 71' lang='lat' dir='ltr'>(lesum.</span> <span class='ocrx_word' id='word_1_385' title='bbox 1516 2393 1548 2436; x_wconf 81' lang='lat' dir='ltr'>P)</span> <span class='ocrx_word' id='word_1_386' title='bbox 1576 2394 1794 2426; x_wconf 84' lang='lat' dir='ltr'>Bobardiensi</span> <span class='ocrx_word' id='word_1_387' title='bbox 1819 2392 1856 2434; x_wconf 78' lang='lat'>23</span> <span class='ocrx_word' id='word_1_388' title='bbox 1884 2392 2033 2435; x_wconf 75' lang='lat' dir='ltr'>bopdiefi</span> <span class='ocrx_word' id='word_1_389' title='bbox 2057 2392 2088 2426; x_wconf 89' lang='lat'>3.</span> <span class='ocrx_word' id='word_1_390' title='bbox 2201 2394 2233 2435; x_wconf 76' lang='grc'>(1)</span> <span class='ocrx_word' id='word_1_391' title='bbox 2260 2395 2387 2438; x_wconf 87' lang='lat' dir='ltr'>Oppin-</span> 
     </span>
     <span class='ocr_line' id='line_1_36' title="bbox 203 2448 2385 2494; baseline 0.002 -14"><span class='ocrx_word' id='word_1_392' title='bbox 203 2450 279 2480; x_wconf 76' lang='lat' dir='ltr'>hem</span> <span class='ocrx_word' id='word_1_393' title='bbox 306 2450 337 2480; x_wconf 74' lang='lat'>12.</span> <span class='ocrx_word' id='word_1_394' title='bbox 461 2455 487 2489; x_wconf 64' lang='grc' dir='ltr'>Υ)</span> <span class='ocrx_word' id='word_1_395' title='bbox 516 2450 603 2481; x_wconf 78' lang='lat' dir='ltr'>deest</span> <span class='ocrx_word' id='word_1_396' title='bbox 628 2448 657 2481; x_wconf 93' lang='lat'><strong>1.</strong></span> <span class='ocrx_word' id='word_1_397' title='bbox 799 2455 825 2490; x_wconf 70' lang='lat' dir='ltr'>s)</span> <span class='ocrx_word' id='word_1_398' title='bbox 851 2450 938 2492; x_wconf 88' lang='lat' dir='ltr'>opid.</span> <span class='ocrx_word' id='word_1_399' title='bbox 958 2448 988 2482; x_wconf 75' lang='grc'>2.</span> <span class='ocrx_word' id='word_1_400' title='bbox 1006 2449 1026 2482; x_wconf 90' lang='lat'><strong>4</strong></span> <span class='ocrx_word' id='word_1_401' title='bbox 1051 2461 1192 2491; x_wconf 70' lang='lat' dir='ltr'>semper.</span> <span class='ocrx_word' id='word_1_402' title='bbox 1333 2450 1359 2493; x_wconf 70' lang='lat' dir='ltr'>t)</span> <span class='ocrx_word' id='word_1_403' title='bbox 1385 2452 1507 2494; x_wconf 84' lang='lat' dir='ltr'>oppida</span> <span class='ocrx_word' id='word_1_404' title='bbox 1535 2451 1564 2484; x_wconf 86' lang='lat' dir='ltr'>l.</span> <span class='ocrx_word' id='word_1_405' title='bbox 1704 2452 1736 2491; x_wconf 86' lang='lat' dir='ltr'>u)</span> <span class='ocrx_word' id='word_1_406' title='bbox 1764 2452 1890 2484; x_wconf 86' lang='lat' dir='ltr'>dictum</span> <span class='ocrx_word' id='word_1_407' title='bbox 1916 2450 1946 2484; x_wconf 89' lang='lat'><strong>3.</strong></span> <span class='ocrx_word' id='word_1_408' title='bbox 2088 2452 2121 2492; x_wconf 82' lang='lat' dir='ltr'>v)</span> <span class='ocrx_word' id='word_1_409' title='bbox 2147 2453 2332 2485; x_wconf 85' lang='lat' dir='ltr'>censibitur</span> <span class='ocrx_word' id='word_1_410' title='bbox 2355 2451 2385 2484; x_wconf 87' lang='lat'><strong>3.</strong></span> 
     </span>
    </p>
   </div>
   <div class='ocr_carea' id='block_1_10' title="bbox 203 2505 1892 2551">
    <p class='ocr_par' dir='ltr' id='par_1_10' title="bbox 203 2505 1892 2551">
     <span class='ocr_line' id='line_1_37' title="bbox 203 2505 1892 2551; baseline 0.003 -14"><span class='ocrx_word' id='word_1_411' title='bbox 203 2513 242 2547; x_wconf 68' lang='lat' dir='ltr'>W)</span> <span class='ocrx_word' id='word_1_412' title='bbox 269 2507 468 2539; x_wconf 74' lang='lat' dir='ltr'>omnimodis</span> <span class='ocrx_word' id='word_1_413' title='bbox 493 2505 533 2547; x_wconf 73' lang='lat'>2:</span> <span class='ocrx_word' id='word_1_414' title='bbox 559 2508 738 2539; x_wconf 75' lang='lat' dir='ltr'>omniinod&#39;</span> <span class='ocrx_word' id='word_1_415' title='bbox 757 2506 794 2547; x_wconf 80' lang='lat'>33</span> <span class='ocrx_word' id='word_1_416' title='bbox 823 2508 866 2540; x_wconf 82' lang='lat' dir='ltr'>ab</span> <span class='ocrx_word' id='word_1_417' title='bbox 892 2508 1050 2541; x_wconf 87' lang='lat' dir='ltr'>omnibus</span> <span class='ocrx_word' id='word_1_418' title='bbox 1075 2509 1106 2540; x_wconf 89' lang='lat'><strong>4.</strong></span> <span class='ocrx_word' id='word_1_419' title='bbox 1224 2508 1257 2550; x_wconf 75' lang='lat' dir='ltr'>x)</span> <span class='ocrx_word' id='word_1_420' title='bbox 1284 2510 1358 2541; x_wconf 82' lang='lat' dir='ltr'>Aet.</span> <span class='ocrx_word' id='word_1_421' title='bbox 1377 2507 1408 2542; x_wconf 76' lang='grc'>2.</span> <span class='ocrx_word' id='word_1_422' title='bbox 1427 2507 1457 2541; x_wconf 90' lang='lat'><strong>3.</strong></span> <span class='ocrx_word' id='word_1_423' title='bbox 1574 2508 1606 2549; x_wconf 74' lang='lat' dir='ltr'>Y)</span> <span class='ocrx_word' id='word_1_424' title='bbox 1633 2508 1836 2551; x_wconf 82' lang='lat' dir='ltr'>Oppinheim</span> <span class='ocrx_word' id='word_1_425' title='bbox 1862 2509 1892 2542; x_wconf 89' lang='lat'><strong>3.</strong></span> 
     </span>
    </p>
   </div>
   <div class='ocr_carea' id='block_1_11' title="bbox 2422 1941 2454 1967">
    <p class='ocr_par' dir='ltr' id='par_1_11' title="bbox 2422 1941 2454 1967">
     <span class='ocr_line' id='line_1_38' title="bbox 2422 1941 2454 1967; baseline 0.031 -1"><span class='ocrx_word' id='word_1_426' title='bbox 2422 1941 2454 1967; x_wconf 84' lang='lat'>25</span> 
     </span>
    </p>
   </div>
   <div class='ocr_carea' id='block_1_12' title="bbox 2424 2342 2456 2368">
    <p class='ocr_par' dir='ltr' id='par_1_12' title="bbox 2424 2342 2456 2368">
     <span class='ocr_line' id='line_1_39' title="bbox 2424 2342 2456 2368; baseline 0.031 -1"><span class='ocrx_word' id='word_1_427' title='bbox 2424 2342 2456 2368; x_wconf 89' lang='grc'>30</span> 
     </span>
    </p>
   </div>
  </div>
 </body>
</html>
