2558 3970
98 1000 130 1025 10

97 1350 128 1375 15

95 1696 128 1721 20

96 2389 130 2413 30

95 2735 128 2760 35

97 3111 132 3137 40

307 191 547 227 FRIDERICI
567 192 612 226 11.
634 192 991 227 [MPIGNeltA'rlo
1013 192 1225 227 AMPLleR
1248 193 1485 228 ROMANAE
1505 194 1759 229 Eueni-:sulz
1779 195 1942 230 FACTA.
1968 198 2062 231 1:212.
2085 197 2144 231 Nr.
2155 199 2232 231 -11-1.
2288 202 2368 239 5⁴15

166 306 319 361 yraphi
359 305 605 348 [toculorum
638 307 1004 361 anclemensium,
1046 308 1155 360 quod
1191 310 1370 351 «ronzino-t
1408 310 1491 351 cod.
1525 310 1826 351 ottobonianus
1853 314 1966 351 2:340·
2006 325 2109 352 saec.
2144 312 2277 354 XIII.
2306 326 2369 355 es.

161 375 240 430 fol.
261 377 320 417 23
348 389 376 416 a
406 375 495 417 viro
525 375 565 418 cl.
589 375 841 418 Donabaum
872 376 1133 428 descriptum.
1198 377 1473 431 I’rim'lcyiecm
1504 379 1710 420 ‹lit-lumen
1736 380 1952 433 pririlcyii
1983 395 2023 423 (ι.
2052 383 2160 420 1:310
2193 396 2243 422 m.
2271 380 2368 424 Dec.

167 448 319 497 (supra
348 456 414 486 nr.
438 447 543 498 410)
577 445 782 486 incitatum
815 447 890 494 cst,
921 446 1130 487 uomteclla
1161 446 1218 486 ml
1250 447 1413 488 verbum
1444 463 1495 488 ca:
1529 448 1600 488 illo
1632 449 1910 502 transscripta
1943 452 2053 489 sunl.
2088 474 2138 479 --
2175 449 2369 495 Biilaemcr,

166 512 267 567 Ray.
299 512 397 565 imp.
428 512 473 563 V,
496 516 591 554 661.
1990 517 2060 569 (l’.
2083 518 2226 567 classi.)

310 638 567 681 Fredericus
590 639 669 680 Dei
704 641 843 695 gratia
876 655 952 682 rex
977 640 1140 691 Sicilie,
1175 640 1354 681 ducatus
1379 640 1536 695 Apulie
1571 646 1612 681 ct
1648 642 1911 697 principatus
1936 644 2099 698 Papuc.
2136 645 2174 684 in
2209 645 2366 686 Roma-

168 722 316 749 norum
350 709 655 764 imperatorem
690 709 856 751 electus
891 714 933 750 et
965 723 1138 764 semper
1173 714 1398 764 augustus.
1521 710 1673 764 Regali
1699 710 1955 751 celsitudine
1991 712 2201 767 preditum
2229 715 2369 755 taliter

167 791 266 819 esse
301 778 503 819 convenit
535 778 604 818 in⁸
635 777 834 819 omnibus
867 778 1240 833 circumspectum,
1275 785 1320 820 ut
1352 780 1473 819 iuxta
1507 780 1718 820 variorum
1753 781 2025 835 negotiorum
2061 784 2211 823 merita
2249 785 2363 837 regie

167 846 412 888 autoritatis
444 846 635 902 provisio
667 846 937 888 dissimiliter
968 846 1238 903 disponatur.
1301 847 1409 889 Cum
1444 848 1575 903 igitur
1609 849 1906 889 sanctissimus
1941 855 2063 904 pater
2096 856 2137 890 et
2171 851 2367 892 dominus

166 918 314 957 noster
345 914 629 957 Innocentius
663 929 856 957 summus
896 916 1093 971 pontifex
1127 931 1203 972 pro
1237 917 1394 958 nostris
1429 922 1472 958 et
1507 917 1625 971 regni
1659 917 1792 958 nostri
1827 918 2090 959 utilitatibus
2123 921 2367 962 anxietates

166 984 427 1040 multiplices
469 984 650 1026 subierit
682 989 725 1026 et
756 998 996 1040 expensas,
1041 986 1100 1027 sic
1133 1000 1210 1027 nos
1243 985 1390 1036 decet,
1432 999 1485 1027 ex
1521 999 1627 1041 puro
1660 985 1845 1027 mentisb
1879 987 2036 1027 affectu
2073 987 2212 1028 cidem
2249 989 2369 1029 iuxta

165 1057 311 1095 nostre
354 1053 656 1110 possibilitatis
703 1054 925 1096 modulum
965 1055 1243 1111 respondere.
1287 1060 1334 1096 ut
1375 1069 1452 1112 pro
1500 1055 1686 1110 receptis
1725 1055 1948 1096 beneficiis
1982 1061 2129 1109 gratos
2164 1071 2240 1097 nos
2274 1074 2368 1098 csse

165 1126 459 1165 monstremus
493 1129 537 1165 et
572 1124 694 1165 eiusc
727 1124 918 1166 favorem
954 1129 996 1165 et
1027 1125 1210 1180 gratiam
1245 1124 1419 1166 uberius
1454 1137 1709 1165 mereamur.
1772 1124 1882 1165 Nam
1909 1125 2038 1165 nichil
2063 1125 2142 1166 sibi
2169 1125 2268 1166 dare
2294 1127 2368 1166 sed

165 1190 346 1234 reddere
379 1206 456 1234 nos
487 1193 632 1249 potius
665 1193 948 1246 extimamus‚
982 1207 1077 1235 cum
1110 1194 1162 1243 ei,
1195 1209 1274 1250 per
1305 1208 1431 1249 quem
1465 1192 1590 1249 post-¹
1624 1193 1765 1235 Deum
1799 1195 1943 1235 omnia
1981 1194 2175 1236 obtinere
2210 1210 2367 1249 cogno-

166 1261 343 1312 scimus,
386 1261 439 1303 de
472 1263 632 1304 nostris
664 1262 865 1318 aliquod⁰
897 1263 1180 1319 impertimur.
1242 1263 1367 1305 Licet
1400 1268 1545 1304 autem
1579 1277 1655 1318 pro
1691 1264 1916 1318 expensis,
1957 1277 2064 1318 quas
2099 1263 2151 1304 ob
2187 1279 2368 1319 person«,-

167 1331 337 1373 nostres
373 1332 558 1373 salutem
598 1336 728 1388 atque
771 1331 1011 1374 custodiam
1057 1336 1099 1373 et
1143 1332 1442 1373 nichilominus
1485 1346 1560 1387 pro
1602 1332 1723 1387 regni
1767 1333 1898 1373 nostri
1944 1332 2224 1374 defensione&
2257 1332 2369 1374 idem

165 1400 364 1443 dominus
402 1415 517 1457 papa
553 1402 738 1453 fecerat,
779 1415 861 1457 que
903 1415 1041 1457 usque
1080 1401 1134 1443 ad
1175 1416 1386 1443 summam
1420 1401 1649 1442 duodecim
1683 1401 1877 1442 milium¹¹
1910 1402 2255 1456 octingentarum
2291 1416 2367 1442 un-

166 1470 332 1512 ciarum
364 1471 456 1512 auri
496 1471 645 1526 procul
684 1470 813 1512 dubio
855 1471 1182 1526 pertingebant,
1226 1476 1314 1513 tam
1356 1472 1602 1513 universam
1643 1475 1802 1513 terram
1838 1472 2086 1513 monasterii
2121 1471 2369 1512 casinensis

165 1554 294 1596 quam
339 1539 608 1582 dominorum
641 1540 803 1595 Aquini
841 1545 885 1582 et
924 1539 1147 1582 Guillelmi
1190 1541 1355 1595 Pagani
1400 1554 1480 1582 nec
1521 1555 1605 1581 non
1651 1545 1695 1582 et
1736 1539 1939 1582 Riccardi
1986 1539 2156 1580 Soranii
2200 1540 2368 1581 comitis

164 1612 411 1650 nostrorum
454 1609 646 1651 fidelium
686 1610 724 1651 ei
764 1613 808 1651 et
840 1610 1078 1665 apostolice
1113 1609 1206 1651 sedi
1239 1610 1339 1651 olim
1382 1610 1548 1665 pignori
1583 1610 1877 1651 curaverimus
1911 1609 2123 1664 obligare,
2171 1615 2295 1664 prout
2328 1609 2368 1649 in

167 1682 310 1720 nostro
343 1678 570 1735 privilegio
602 1693 734 1735 super
765 1679 844 1721 hoc
877 1679 1102 1721 confecto¹
1135 1679 1305 1735 plenius
1339 1680 1595 1731 continetur,
1635 1679 1735 1734 quia
1767 1678 1945 1720 tamenk
1979 1678 2223 1734 supradicte
2258 1683 2368 1719 terre

164 1748 246 1805 ipsi
276 1762 362 1790 non
395 1752 495 1790 sunt
526 1748 645 1790 lucro
678 1748 756 1790 sed
788 1749 927 1799 oneri,
968 1763 1064 1790 cum
1098 1762 1246 1790 earum
1286 1752 1522 1804 proventus
1556 1748 1609 1790 ad
1642 1762 1719 1789 nos
1755 1752 2005 1804 spectantes
2041 1749 2112 1788 vix
2144 1747 2197 1788 ad
2230 1748 2368 1788 muni-

165 1818 330 1860 tionum
363 1821 407 1860 et
428 1818 612 1860 aliorum
634 1819 827 1860 locorum
850 1831 1068 1874 expensas
1094 1817 1326 1870 sufficiant,
1360 1817 1543 1873 quedam
1567 1818 1653 1859 alia
1678 1817 1935 1873 obligationi
1958 1817 2193 1858 adiecimus
2219 1830 2366 1871 supra-

165 1887 292 1940 dicte,
326 1892 412 1930 tam
445 1901 522 1944 pro
554 1888 794 1943 pretaxatis
827 1888 1031 1944 expensis
1065 1901 1193 1943 quam
1226 1901 1301 1943 pro
1334 1887 1539 1942 expensis
1562 1887 1672 1939 aliis,
1707 1901 1814 1942 quas
1849 1901 1925 1942 pro
1951 1887 2070 1941 regni
2097 1886 2228 1927 nostri
2255 1886 2368 1926 utili-

165 1957 328 1999 tatibus
366 1970 504 2012 nuper
547 1956 661 1998 idem
703 1956 903 1999 dominus
944 1971 1058 2013 papa
1099 1956 1235 2008 fecit¹,
1277 1960 1415 1998 totum
1456 1957 1706 1998 comitatum
1746 1955 2003 1997 Fundanum
2045 1960 2088 1996 et
2128 1955 2369 1995 universam

168 2030 323 2068 terram
358 2027 465 2068 citra
497 2025 768 2068 Garillanum
802 2041 898 2069 cum
933 2027 1046 2068 omni
1080 2027 1191 2079 iure,
1230 2026 1417 2068 utilitate
1450 2041 1500 2067 ac
1533 2039 1614 2067 usu
1647 2030 1689 2067 et
1722 2026 2010 2076 rationibus¹¹¹,
2044 2039 2125 2079 quc
2161 2024 2370 2064 habemus

165 2096 236 2138 vel
268 2096 432 2138 habere
465 2095 674 2138 debemus
708 2096 750 2137 in
783 2096 858 2146 eis,
892 2095 1033 2138 eidem
1067 2096 1238 2138 domino
1269 2110 1379 2151 pape
1413 2109 1462 2137 ae
1497 2100 1644 2137 sancte
1669 2095 1863 2136 Romane
1895 2094 2081 2136 ecclesie
2117 2093 2239 2133 titulo
2276 2093 2367 2148 pig-

166 2165 281 2207 noris
314 2165 567 2221 obligando,
607 2174 649 2207 ut
689 2172 822 2208 amodo
855 2171 1034 2217 quamdiu
1076 2171 1212 2217 pignus
1244 2171 1365 2217 ipsum
1398 2171 1608 2214 duraverit,
1653 2183 1765 2216 super
1798 2171 1869 2205 hiis
1903 2169 2073 2205 omnibus
2106 2169 2158 2204 cis
2191 2172 2370 2212 tanquam

165 2240 273 2277 nobis
311 2241 403 2287 ipsis
441 2241 643 2277 intendant
681 2243 720 2277 et
757 2241 951 2277 fidelitatis
993 2241 1197 2277 exhibeant
1235 2240 1463 2283 iuramenta,
1509 2240 1563 2275 ita
1602 2241 1799 2275 dumtaxat
1840 2243 1879 2275 ut
1919 2239 2033 2275 ctiam
2075 2239 2230 2284 pignore
2265 2238 2371 2282 ipso¹¹

166 2311 325 2347 durante
357 2311 500 2347 faciant
529 2323 704 2358 guerram
736 2314 774 2347 et
804 2323 935 2357 pacem
974 2322 1041 2356 pro
1080 2310 1187 2346 nobis
1220 2310 1266 2345 ad
1297 2310 1467 2345 domini⁰
1500 2322 1598 2355 pape
1631 2310 1862 2344 mandatum.
1925 2311 2015 2344 Cum
2047 2311 2173 2343 autem
2205 2308 2248 2342 dc
2282 2306 2371 2351 ipsis

166 2380 338 2427 expensis
371 2380 405 2416 ei
437 2383 475 2416 et
506 2381 661 2417 ecclesie
693 2380 859 2416 Romane
891 2379 1005 2415 fuerit
1039 2379 1314 2422 satisfactumv,
1347 2379 1447 2414 dicta
1478 2379 1647 2424 pignoris
1677 2379 1859 2424 obligatio
1884 2380 2087 2413 vacuetur‘l
2120 2380 2157 2412 ct
2179 2377 2224 2411 ad
2250 2375 2369 2421 pristi-

165 2463 255 2486 num
293 2452 435 2486 statum
473 2451 653 2486 redeant‘
689 2450 875 2486 universa.
936 2449 993 2484 Ad
1034 2449 1143 2484 huius
1183 2451 1311 2484 autem
1347 2448 1591 2494 obligationis
1630 2450 1757 2484 nostre
1790 2440 2040 2483 memoriani*
2074 2458 2224 2491 presens
2258 2445 2366 2490 privi-

166 2520 306 2566 legium
342 2532 410 2566 per
450 2532 582 2555 manus
614 2514 734 2556 Petri
774 2519 915 2555 notarii
952 2522 990 2555 et
1027 2519 1147 2555 fidelis
1187 2519 1307 2554 nostri
1339 2518 1452 2553 scribi
1495 2512 1773 2567 precepimus
1809 2515 1852 2551 et
1886 2509 2026 2564 sigillo
2060 2514 2206 2550 nostro
2240 2522 2370 2549 aureo

165 2588 340 2625 iussimus
373 2583 581 2637 roborari,
615 2601 725 2632 anno,
757 2600 884 2625 mense
916 2591 955 2625 et
985 2588 1192 2624 indictione
1224 2587 1456 2634 subscriptis.

308 2652 492 2694 Datum⁸
517 2652 670 2704 Rome,
694 2666 806 2694 anno
827 2652 1036 2694 dominice
1060 2651 1369 2693 incarnationis
1387 2649 1635 2700 MCCXIF,
1659 2662 1807 2690 mense
1824 2648 1999 2703 Aprilis,
2025 2647 2171 2702 quinte
2195 2646 2364 2687 decime

165 2721 453 2773 indictionisu,
484 2722 609 2777 regni
640 2735 742 2763 vero
775 2721 937 2763 domini
970 2721 1104 2763 nostri
1137 2720 1229 2764 Fr.v
1261 2720 1344 2762 Dei
1377 2720 1517 2775 gratia
1549 2718 1768 2773 magnifici
1805 2718 1919 2772 regis
1954 2716 2119 2767 Sicilie,
2153 2715 2370 2756 ducatusw

165 2791 324 2848 Apulie
366 2797 410 2834 et
452 2792 719 2847 principatus
761 2791 928 2847 Capue,
967 2791 1009 2832 in
1048 2791 1341 2832 Romanorum
1382 2789 1686 2844 imperatorem
1729 2787 1858 2828 electi
1898 2791 1940 2828 et
1985 2799 2156 2840 semper
2195 2785 2369 2838 augusti

165 2874 278 2902 anno
311 2859 658 2915 quartodecimo:
692 2861 878 2902 feliciter
909 2874 1050 2902 amen.

302 2986 390 3023 414.
423 2988 454 3027 ὃ)
485 2989 520 3021 in
550 2989 708 3021 omnibus
733 2988 802 3021 des.
820 2987 850 3020 2.
991 2986 1023 3026 b)
1056 2987 1184 3019 meritis
1209 2986 1241 3018 2.
1386 2986 1416 3025 c)
1451 2985 1541 3017 euim
1572 2983 1599 3016 l.
1741 2981 1774 3024 d)
1809 2988 1919 3025 preter
1944 2983 1974 3013 2.
2117 2982 2147 3022 ⁰)
2181 2980 2312 3022 aliquid
2337 2979 2367 3011 2.

166 3045 196 3089 f)
221 3047 313 3080 deest
336 3047 366 3081 1.
494 3046 527 3088 8)
551 3047 759 3079 deffensione
785 3045 815 3079 1.
945 3043 978 3085 ¹¹)
1004 3045 1147 3077 millium
1172 3042 1204 3076 2.
1333 3041 1359 3083 i)
1386 3042 1549 3075 Reccardi
1575 3041 1690 3073 Sotaui
1720 3039 1746 3072 1.
1874 3038 1907 3078 k)
1934 3050 2010 3071 cuin
2037 3040 2068 3071 2.
2190 3036 2213 3079 ¹)
2241 3037 2293 3068 laic
2319 3037 2367 3068 in-

167 3104 247 3146 cipit
270 3103 301 3138 3.
396 3103 439 3146 m)
466 3105 660 3138 racionibus
688 3104 716 3138 l.
800 3103 858 3145 11¹)
883 3104 948 3136 isto
972 3102 1005 3135 2.
1111 3102 1144 3144 0)
1169 3100 1254 3134 adni
1282 3101 1311 3134 1.
1418 3101 1450 3139 Ρ)
1477 3100 1717 3132 sattisffactum
1746 3097 1774 3130 l.
1877 3099 1910 3139 ¹1)
1937 3097 2089 3129 vacuerit
2113 3096 2144 3128 2.
2240 3094 2267 3136 r)
2296 3095 2366 3126 red-

165 3163 270 3195 deant
295 3161 326 3195 l.
421 3161 450 3203 S)
477 3164 552 3195 Dat.
579 3161 611 3195 3.
706 3162 732 3203 t)
759 3162 881 3194 abhinc
906 3161 941 3193 in
968 3160 982 3193 l
1011 3160 1120 3192 multa
1144 3165 1366 3199 evanuerunt,
1390 3169 1552 3190 mainerus
1572 3158 1600 3189 11
1627 3156 1780 3198 cosswiosci
1805 3155 1872 3186 iam
1900 3166 1967 3186 uon
1987 3159 2105 3195 polest.
2201 3156 2235 3192 ¹¹)
2262 3152 2367 3194 April.

165 3221 240 3252 XV.
265 3220 451 3253 indictione
475 3219 507 3253 3.
627 3221 658 3262 v)
683 3220 862 3252 Frederico
887 3218 918 3251 2.
1037 3219 1078 3259 W)
1105 3218 1178 3250 loco
1203 3218 1270 3250 duc
1286 3218 1454 3259 foramen
1479 3215 1515 3247 in
1544 3215 1577 3255 l;
1604 3215 1749 3246 ducatus
1773 3212 1896 3254 Apulie
1921 3212 1989 3243 des.
2008 3211 2038 3244 3.

306 3323 340 3365 1)
365 3332 479 3365 supra
502 3332 556 3356 ur.
572 3328 646 3358 410.

308 3785 358 3809 LL.
384 3783 667 3809 cous-rrrunouns
692 3784 725 3807 ιι.
2052 3763 2096 3797 69
