2558 3970
84 898 116 922 10

82 1250 114 1276 15

78 1938 110 1963 25

79 2283 112 2308 ³0

81 2627 114 2653 3⁵

52 3299 113 3345 '45

719 149 929 185 OTTONIS
955 150 1016 184 lv.
1043 151 1473 190 CONSTITUTIONES.
1525 158 1622 192 1208.
1674 158 1734 192 Nr.
1754 160 1808 192 26.
2301 168 2346 205 31

155 265 289 307 nostri
322 265 663 307 renuntiabimus
697 266 812 307 omni
846 267 939 316 iuri,
983 267 1094 322 quod
1129 267 1314 309 diximus
1348 284 1424 309 nos
1465 271 1625 312 habere
1659 273 1699 313 in
1735 281 1877 314 castro
1913 277 2280 329 S‹›nu·1·sceiil›u1·g
2314 285 2355 318 et.

154 334 198 375 in
241 333 440 375 omnibus
490 334 728 375 attinentiis
775 335 923 390 ipsius.
995 335 1358 377 Renuntiabimus
1407 345 1609 393 preterea
1659 343 1856 383 omnibus
1904 344 2058 388 feodis,
2107 360 2188 399 que
2236 354 2355 400 puter

154 406 300 444 noster
337 402 477 444 tenuit
510 402 563 443 ab
597 403 785 444 ecclesia
818 403 1225 459 Magedeburgensi,
1268 406 1306 445 in
1343 407 1498 461 quibus
1531 408 1782 451 dicebamur
1816 413 1878 452 ius
1913 412 2086 454 habere.
2151 417 2212 461 (3)
2249 414 2352 455 Item

153 485 230 513 nos
263 470 464 512 dabimus
498 471 800 527 privilegium¹
835 473 1035 521 ecclesie,
1069 473 1182 527 quod
1216 487 1433 528 nunquam
1469 477 1508 516 in
1545 477 1668 518 honis
1703 480 1886 520 ecclesie
1921 487 2067 522 contra
2093 483 2354 524 voluntatem

154 539 471 595 archiepiscopi
511 540 576 581 vel
616 554 917 581 successorum
961 555 1134 581 suorum
1178 542 1387 583 faciemus
1428 546 1699 586 exactionem
1743 549 1806 588 vel
1851 563 2068 590 sumemus
2109 550 2354 606 hospitium,

153 622 231 650 nec
270 622 459 664 unquam
500 614 715 650 monetam
752 609 817 649 vel
858 610 1076 650 teloneum
1112 610 1233 651 iuxta
1266 612 1621 654 consuetudinem
1657 616 1980 670 imperatorum.
2014 633 2138 673 quam
2166 621 2204 660 in
2230 622 2355 661 vui-iis

152 677 458 721 observabant.
492 679 533 718 in
567 677 811 719 civitatibus
845 678 1158 733 archiepiscopi
1192 680 1515 734 occupabimus.
1581 682 1822 724 Ecclesiam
1858 686 1896 725 in
1932 687 2048 726 nullo
2082 689 2223 728 officio
2259 704 2354 744 pre-

151 746 442 802 gravabimuS.
564 746 626 801 (4)
661 745 872 787 Dabimus
904 751 1107 801 preterca
1139 747 1442 802 privilegium¹
1478 751 1675 799 ecclesie.
1712 753 1821 806 quod
1856 768 2071 809 nunquam
2107 757 2146 796 in
2172 759 2356 798 ecclesia

151 815 552 871 Magedeburgensi
586 821 629 856 et
668 815 1057 870 subfraganeorum
1100 816 1235 870 ipsius
1276 817 1482 871 reliquias
1521 820 1784 875 accipiemus
1819 823 2129 879 archiepiscopi
2166 826 2230 865 vel
2265 827 2354 880 epi-

153 885 274 941 scopi
321 885 585 926 decedentis.
712 885 774 939 (5)
815 883 1015 925 Castrum
1057 883 1330 939 Lewcnberg
1373 900 1455 926 non
1496 887 1783 929 concedemus
1826 891 1952 931 alicui
1997 892 2229 937 hominum.
2279 896 2356 935 nisi

152 955 261 997 forte
302 954 629 1010 archiepiscopo
664 953 733 995 vel
772 953 956 994 ecclesie
991 952 1292 995 concedamus.
1415 955 1480 1009 (6)
1514 955 1622 996 ltcm
1659 958 1692 998 si
1727 959 1911 999 ecelesia
1944 960 2357 1015 Magedeburgvnsis

153 1038 230 1080 per
262 1022 660 1080 archiepiscopumb
696 1023 761 1064 vel
795 1036 872 1078 per
903 1022 1089 1077 aliquem
1125 1036 1424 1064 successorum
1460 1032 1661 1065 suorumc
1696 1026 1760 1066 vel
1796 1041 1872 1081 per
1905 1044 1950 1069 sc
1987 1030 2120 1084 ipsam
2148 1031 2187 1070 in
2215 1039 2355 1072 monte

154 1093 226 1148 qui
258 1097 436 1134 vocatur
459 1091 680 1133 Merenret
713 1097 902 1132 castrum
933 1091 1117 1132 voluerit
1150 1092 1318 1145 erigere
1354 1097 1396 1132 et
1420 1092 1620 1133 habuerit
1643 1108 1772 1148 super
1804 1095 1883 1136 hoc
1908 1111 2165 1138 consensum
2191 1101 2357 1140 comitis

152 1162 300 1206 Sifridi
341 1161 395 1203 de
428 1160 743 1215 Blankenburg·
785 1164 828 1202 et
861 1161 1027 1201 comitis
1062 1159 1260 1201 Heinrici
1302 1159 1354 1201 de
1388 1160 1644 1216 Reginsten,
1690 1177 1767 1204 nos
1800 1164 1852 1205 ad
1887 1165 2203 1208 edificationem
2238 1169 2354 1209 iuva-

150 1232 292 1275 bimus
325 1231 568 1273 ecclesiam.
632 1229 676 1271 Si
702 1244 802 1271 vero
827 1229 1088 1270 contrarium
1122 1230 1253 1271 fuerit
1277 1230 1505 1271 comitibus
1529 1233 1788 1279 memoratis,
1823 1248 1899 1275 nos
1923 1240 2066 1276 tamen
2092 1239 2356 1292 propositum

150 1301 335 1343 ecclesie
382 1314 468 1341 non
511 1298 796 1354 impediemus
845 1297 1076 1339 ullomodo.
1211 1297 1278 1352 (7)
1321 1298 1431 1339 Item
1473 1313 1752 1355 quoscunque
1792 1302 1845 1343 de
1880 1305 2247 1348 ministerialibus.
2287 1308 2357 1362 qui

149 1370 273 1413 bonis
312 1369 581 1411 Haldesleue
620 1368 817 1417 attinent,
857 1367 1209 1423 archiepiscopus
1251 1367 1459 1410 inducere
1501 1371 1672 1424 poterit.
1720 1376 1765 1411 ut
1804 1378 2021 1428 tamquam
2056 1375 2357 1416 ministeriales

150 1440 334 1482 ecclesie
366 1438 621 1480 fidelitatem
657 1437 738 1478 sibi
770 1437 946 1486 faciant,
981 1452 1076 1478 cum
1112 1437 1225 1478 bona
1259 1437 1478 1479 voluntate
1514 1444 1660 1480 nostra
1696 1445 1738 1481 et
1771 1441 1950 1482 fratrum
1986 1451 2226 1485 nostrorum
2259 1446 2357 1493 ‹›rit;

149 1514 192 1552 et
227 1509 313 1550 illis
353 1508 465 1549 bona
504 1522 583 1548 sua
621 1507 712 1548 iure
753 1507 1099 1548 ministerialium
1140 1506 1362 1548 concedet.
1426 1508 1534 1548 Aliis
1569 1522 1670 1549 vero
1716 1509 1837 1550 bonis
1880 1511 2044 1552 eisdem
2079 1514 2358 1554 attinentibus

149 1578 356 1621 concedet
387 1581 607 1632 tamquam
643 1576 890 1617 hominibus
925 1576 1109 1617 ecclesie
1143 1576 1258 1617 bona
1281 1590 1372 1617 sua.
1493 1577 1558 1631 (δ)
1593 1576 1824 1619 Donationi
1853 1594 2037 1635 quoque.
2071 1596 2197 1636 quam
2222 1582 2353 1622 Ilein-

145 1649 262 1690 ricus
305 1647 539 1702 imperator
585 1645 689 1688 fecit
731 1646 917 1687 ecclesie
961 1645 1014 1687 de
1056 1645 1180 1686 bonis
1213 1646 1255 1686 in
1287 1645 1462 1695 Lutcre,
1504 1660 1587 1687 non
1622 1649 1841 1689 renuntiat
1874 1650 2239 1705 archiepiscopus.
2283 1651 2357 1692 sed

146 1732 225 1759 nos
268 1716 404 1758 amice
450 1729 527 1771 per
558 1729 635 1756 sua
676 1715 863 1757 servicia
895 1715 1104 1766 monebit,
1148 1720 1194 1756 ut
1228 1720 1365 1756 ratam
1399 1729 1624 1757 servemus
1659 1717 1855 1758 eandem.
1977 1720 2042 1773 (9)
2077 1720 2285 1761 Pretcrea
2318 1720 2356 1759 in

146 1786 264 1828 nullo
297 1786 391 1827 loco
425 1784 640 1827 ecclesied
671 1785 906 1840 pertinenti
940 1797 1150 1840 ponemus
1182 1784 1235 1826 de
1269 1798 1377 1826 novo
1410 1785 1628 1826 teloneum
1664 1786 1729 1826 vel
1763 1792 1999 1830 monetam.
2053 1788 2255 1830 Ceterum
2279 1802 2354 1828 nos

146 1855 390 1898 iuvabimus
439 1854 669 1896 ecclesiam
709 1853 1162 1909 Magedeburgensem
1212 1853 1265 1894 ad
1314 1854 1635 1896 edificationem
1685 1869 1804 1896 suam
1851 1857 2087 1898 secundum
2132 1858 2353 1898 consilium

148 1924 474 1980 archiepiscopi.
596 1923 689 1977 (10)
724 1923 937 1964 Dabimus
981 1925 1157 1979 insuper
1197 1924 1522 1979 archiepiscopo
1555 1926 1636 1965 tria
1669 1926 1783 1966 milia
1817 1941 2072 1977 marcarum,
2114 1943 2165 1968 ex
2201 1928 2354 1982 quibus

147 1994 265 2036 mille
298 1994 516 2036 solvemus
550 1993 593 2033 in
625 1993 774 2048 vigilia
805 1993 1045 2034 nativitatis
1078 1992 1267 2043 Domini,
1302 1993 1516 2034 secundas
1550 1994 1666 2035 mille
1700 1995 1741 2034 in
1775 1995 1884 2036 festo
1920 2002 2068 2037 sancte
2103 1995 2354 2048 NValburgis

148 2068 251 2105 tunc
282 2063 497 2119 proximo,
538 2062 688 2103 tertias
729 2062 846 2104 mille
887 2062 1073 2104 infesto
1115 2067 1262 2104 sancte
1295 2062 1567 2117 Margarete⁰
1600 2068 1701 2104 tunc
1742 2065 1948 2119 proximo.
2011 2065 2121 2105 Item
2156 2065 2352 2105 dabimus

147 2134 190 2175 in
223 2133 384 2174 curiam
417 2131 734 2187 archiepiscopi
766 2132 1023 2187 quingentas
1045 2147 1227 2183 marcas,
1262 2146 1367 2187 quas
1391 2132 1608 2173 solvemus
1643 2133 1684 2173 in
1709 2134 1906 2188 proximo
1930 2134 2041 2174 festo
2067 2139 2352 2188 pentecostes.

147 2201 240 2257 (11)
273 2201 496 2243 Fratribus
530 2201 859 2262 archiepiscopi,
892 2202 1038 2243 comiti
1071 2202 1283 2243 Heinrico
1318 2206 1361 2243 et
1394 2202 1539 2243 comiti
1574 2202 1780 2250 Guntero.
1816 2203 2106 2244 concedemus
2140 2204 2355 2244 civitatem

150 2271 345 2314 Saleuelt
375 2270 453 2312 sub
487 2270 568 2311 hac
598 2271 750 2321 forma,
793 2275 841 2311 ut
873 2271 1235 2327 quandocumque
1269 2270 1368 2312 nosf
1405 2272 1512 2327 ipsis
1545 2271 1829 2312 solverimusg
1861 2273 1976 2313 mille
2010 2287 2187 2316 marcas„
2223 2272 2355 2312 libera

148 2341 204 2383 sit
235 2339 419 2382 civitash
452 2340 592 2390 nobis,
627 2344 670 2380 et
702 2340 762 2380 sic
787 2354 882 2381 cum
907 2339 1233 2396 archiepiscopo
1258 2341 1300 2381 in
1331 2345 1478 2381 nostro
1504 2341 1680 2382 servitio
1704 2342 2032 2396 permanebunt.
2143 2342 2236 2395 (12)
2271 2341 2352 2381 Ce-

146 2414 286 2452 terum
325 2423 421 2450 cum
463 2423 540 2450 nos
579 2412 743 2450 tantam
787 2408 1063 2450 concordiam
1103 2409 1384 2451 habuerimus
1418 2424 1514 2450 cum
1556 2409 1838 2465 principibus,
1883 2410 1995 2465 quod
2029 2410 2354 2465 archiepiscopo

147 2478 380 2528 videbitur,
413 2478 526 2534 quod
559 2477 760 2519 comitem
795 2477 1004 2519 Adolfum
1037 2479 1253 2534 possimus
1286 2479 1451 2529 iuvare,
1485 2493 1563 2519 nos
1598 2479 1632 2519 si
1656 2479 1792 2519 amice
1825 2493 1903 2534 per
1933 2491 2083 2533 preces
2116 2492 2197 2519 non
2231 2483 2352 2532 pote-

147 2549 292 2601 rimus,
326 2562 404 2604 per
435 2561 636 2603 guerram
669 2547 913 2588 iuvabimus
947 2562 1044 2589 eum
1079 2548 1132 2589 ad
1164 2549 1536 2604 recuperationem
1571 2552 1657 2589 tam
1691 2561 1922 2603 puerorum
1957 2561 2083 2601 quam
2116 2552 2230 2588 terre
2264 2560 2352 2590 suc,

149 2632 229 2660 nec
259 2631 449 2672 unquam
483 2620 634 2657 contra
678 2617 819 2672 ipsum
859 2617 1019 2658 malum
1052 2617 1226 2673 aliquod
1264 2617 1555 2659 intendemus.
1675 2615 1770 2672 (13)
1804 2616 1911 2657 Item
1946 2617 1980 2657 si
2012 2615 2278 2656 Burcardum
2313 2615 2352 2654 in

147 2686 381 2729 Briesznai
412 2685 526 2741 apud
558 2685 712 2727 ducem
744 2686 894 2727 iuvare
926 2700 1012 2727 non
1044 2700 1275 2741 possumus
1308 2686 1460 2737 amice,
1495 2700 1571 2726 nos
1607 2685 1658 2727 de
1683 2685 1802 2726 curia
1829 2685 1871 2725 in
1895 2683 2098 2739 Glowerp
2122 2689 2163 2725 et
2186 2683 2352 2724 duabus

147 2755 293 2798 villisk
325 2760 369 2798 et
400 2756 603 2798 omnibus
636 2755 878 2797 attinentiis
911 2756 1102 2811 ipsarum
1136 2756 1348 2797 faciemus
1383 2756 1420 2796 ei
1443 2755 1628 2810 gratiam
1661 2759 1703 2795 et
1734 2754 1964 2803 iusticiam,
1998 2754 2167 2808 qualem
2193 2766 2350 2808 expec-

148 2825 270 2868 tabat
306 2825 359 2867 ab
400 2825 661 2881 imperatore
705 2824 930 2866 Heinrico.
1066 2823 1160 2881 (14)
1201 2824 1308 2867 [tem
1349 2825 1384 2865 si
1429 2837 1588 2879 pueros
1628 2823 1791 2864 domini
1823 2823 1997 2864 Ricardi
2031 2822 2082 2862 de
2115 2821 2353 2863 Cherewist

151 2895 264 2950 apud
297 2894 450 2936 ducem
482 2895 632 2935 iuvare
665 2908 751 2935 non
783 2909 1029 2950 possumus,
1063 2908 1139 2935 nos
1173 2908 1305 2950 super
1337 2894 1465 2935 tertia
1497 2897 1619 2948 parte
1653 2893 1839 2934 civitatis
1875 2891 2113 2932 Cherewist
2145 2890 2352 2931 faciemus

151 2965 215 3006 eis
259 2963 443 3019 gratiam
492 2968 535 3004 et
579 2963 809 3014 iusticiam,
858 2978 986 3019 quam
1032 2967 1156 3019 pater
1204 2978 1350 3005 eorum
1399 2961 1683 3018 exspectabat
1731 2962 1783 3002 ab
1830 2962 2089 3015 imperatore
2134 2959 2351 3000 Heinrico.

151 3031 244 3087 (15)
275 3032 430 3074 Ericus
462 3031 515 3073 de
548 3031 834 3074 Wentscleue
867 3033 910 3073 in
941 3032 1218 3088 possessione
1251 3032 1459 3073 bonorum
1493 3030 1546 3073 de
1570 3030 1757 3072 Oscleue
1792 3030 1884 3079 erit,
1919 3028 2056 3069 donec
2090 3042 2219 3082 super
2250 3026 2350 3067 hoc¹

152 3101 380 3143 consilium
423 3100 741 3156 archiepiscopi
780 3115 1025 3156 sequamur.
1151 3100 1246 3156 (16)
1291 3100 1404 3142 Item
1448 3099 1779 3156 promitemusm,
1828 3097 1937 3152 quod
1980 3096 2350 3151 archiepiscopum

151 3183 320 3226 semper
359 3183 437 3226 pre
478 3170 572 3211 aliis
615 3169 883 3225 principibus
924 3170 968 3210 in
1007 3170 1164 3211 nostris
1198 3170 1390 3211 consiliis
1429 3169 1687 3210 familiarem
1722 3166 1980 3207 habebimus
2024 3169 2066 3206 et
2099 3165 2350 3205 assistemus

151 3240 191 3281 ei
223 3243 374 3282 contra
405 3253 577 3281 omnem
608 3239 849 3294 principem
881 3239 954 3294 qui
986 3253 1108 3280 suam
1142 3239 1375 3281 ecclesiam
1406 3237 1598 3279 indebite
1631 3236 1817 3277 voluerit
1849 3247 2043 3289 gravare,
2076 3233 2136 3273 ita
2171 3232 2284 3287 quod
2317 3233 2351 3272 si

149 3308 268 3349 illum
300 3309 437 3350 amice
468 3322 553 3349 non
585 3309 821 3364 poterimus
854 3313 1065 3359 avertere,
1102 3312 1304 3363 potenter
1335 3312 1594 3348 avertamus.
1726 3304 1819 3358 (17)
1860 3303 1955 3344 Hec
1988 3303 2188 3343 universa
2219 3301 2348 3342 debe-

286 3445 348 3480 26.
374 3445 408 3488 b)
433 3458 494 3490 per
517 3447 600 3480 arch
623 3447 660 3479 in
685 3447 758 3479 loco
783 3458 876 3488 raso,
900 3448 990 3491 iepm
1015 3458 1123 3489 supra
1149 3447 1242 3479 linea
1266 3446 1348 3478 add.
1374 3457 1400 3478 c.
1509 3443 1538 3485 c)
1566 3444 1602 3476 in
1626 3443 1698 3475 loco
1723 3453 1803 3474 raso
1822 3453 1848 3474 c.
1944 3438 1976 3481 (1)
2002 3451 2110 3482 supra
2135 3440 2193 3472 lin.
2219 3439 2299 3471 add.
2323 3450 2347 3470 c.

151 3504 181 3546 θ)
206 3504 355 3546 sequitur
380 3504 494 3537 littera
518 3509 533 3537 t
557 3516 583 3537 c.
724 3503 754 3545 f)
779 3505 816 3536 iu
840 3505 913 3537 loco
937 3516 1018 3537 raso
1044 3516 1070 3538 c.
1211 3503 1245 3545 Β)
1271 3504 1359 3535 imus
1385 3503 1420 3534 in
1446 3502 1518 3534 loco
1545 3512 1624 3533 raso
1649 3513 1676 3533 c,
1808 3497 1842 3539 h)
1868 3499 1978 3531 ciutas
2004 3509 2031 3529 c,
2152 3494 2176 3537 i)
2203 3496 2315 3528 littera
2340 3496 2349 3527 i

149 3571 258 3604 supra
281 3562 340 3594 lin.
365 3562 448 3595 add.
473 3573 501 3594 c.
617 3559 651 3605 k)
675 3573 784 3604 supra
808 3562 868 3595 lin.
894 3562 977 3594 add.
1000 3573 1028 3595 c.
1146 3560 1170 3603 l)
1196 3572 1305 3603 supra
1330 3561 1389 3593 lin.
1416 3560 1497 3592 add.
1523 3570 1548 3591 c.
1667 3558 1709 3599 m)
1736 3557 1783 3589 sic
1809 3569 1835 3589 c.

290 3675 322 3729 1)
350 3673 389 3709 V.
410 3673 633 3730 privileyium
656 3673 808 3719 eiusdem
832 3673 911 3716 daz-i,
939 3673 1167 3717 ‘Asseburyer
1198 3670 1494 3708 Urkundenbuch’
1519 3670 1552 3714 I,
1570 3674 1614 3704 38
1638 3668 1818 3711 (Βύὴνηεν,
1844 3667 1929 3711 Req.
1955 3666 2035 3710 imp.
2064 3665 2103 3708 V,
2125 3668 2216 3709 278).

2377 1964 2443 1990 l)r,·‹·.
2462 1968 2502 1991 24.

2395 2002 2469 2025 120³.

2376 2032 2440 2058 Mai.
2460 2037 2481 2059 1.

2375 2077 2426 2103 lul.
2451 2081 2491 2104 13.

2375 2146 2440 2172 Mai.
2459 2150 2497 2174 17.
