2558 3970
196 141 270 181 152
722 135 963 170 FRIDERICI
992 135 1034 168 ΙΙ.
1062 132 1493 169 CONSTITUTIONES.
1544 133 1642 167 1227.
1691 133 1754 167 Nr.
1775 134 1848 168 116.

190 256 471 310 prolongatos.
508 252 790 307 personaliter
824 250 1139 290 transmitteres
1172 249 1441 303 promisimus
1476 252 1517 289 et
1549 248 1705 288 ducere
1738 249 1852 289 mille
1887 248 2040 288 milites
2074 247 2125 288 ad
2160 246 2373 302 stipendia

191 333 332 364 nostra
357 321 564 362 tenendos
582 320 633 360 ad
659 318 892 362 biennium,
917 318 979 358 int
1002 317 1173 358 servitio
1195 317 1327 357 Terre
1347 316 1504 357 Sancte
1529 317 1697 357 mittere
1719 316 1856 358 infrau
1880 315 2062 371 spatium
2083 318 2373 371 pretaxatum,

191 397 283 446 per‘
325 391 508 444 quinque
550 388 746 428 videlicet
786 387 989 428 terminos
1028 385 1107 426 CM
1140 386 1315 425 unciasv
1354 384 1407 424 ad
1446 388 1591 439 partes
1630 385 1953 435 ultramarinas,
1996 383 2202 425 statutisw
2234 383 2371 437 assig-

194 459 385 499 nandasx
418 457 629 512 personis.
664 455 695 495 C
729 456 904 510 insuper
937 454 1217 495 chelandrasy
1250 453 1411 494 habere
1445 460 1520 493 aez
1553 453 1586 493 L
1615 452 1762 507 galeas
1795 458 1864 494 eta
1895 466 1970 507 pro
2004 452 2170 493 duobus
2200 451 2372 492 milibus

192 527 372 567 militum
385 527 400 549 ¹¹
435 526 561 565 certis
586 524 777 564 terminis
807 523 1079 578 passagiumc
1104 522 1325 563 exhibere.
1380 521 1545 568 Quibus
1569 521 1868 576 sollempniter
1891 520 2148 571 constitutis,
2180 520 2373 561 misimus

193 596 442 649 magistrum
486 593 635 633 domus
668 592 1000 632 Teutonicorum
1043 605 1117 645 pro
1162 590 1367 630 militibus
1410 589 1666 639 solidandis,
1707 589 1779 629 ind
1812 590 1983 644 optione
2017 603 2094 630 sua
2123 591 2374 644 ponentes0,

191 665 302 703 viros
348 663 505 716 eligere
555 670 778 701 strennuos
818 667 860 699 et
907 674 982 714 pro
1028 659 1189 699 meritis
1234 672 1514 713 personarum
1554 657 1607 698 ad
1650 672 1771 698 suam
1811 657 2122 713 providentiam
2164 655 2378 712 stipendia

194 732 384 786 polliceri
420 736 461 771 ct
494 730 649 770 ceteris
684 730 857 782 insuper
898 728 1143 782 passagium
1178 727 1437 767 transituris.
1559 726 1651 779 (10)
1686 725 1814 767 Cumf
1843 726 1974 767 nobili
2009 726 2124 767 virog
2155 723 2377 781 principeh

192 811 233 840 et
267 799 585 852 consanguineo
625 803 771 838 nostro
814 796 1056 850 lantgravio
1089 794 1325 848 Thuringie
1369 794 1421 835 de
1460 794 1653 835 marchia
1691 794 1914 835 Misinonsi
1953 794 2137 848 gratiam
2181 793 2377 844 fecimus,

191 878 235 908 ut
268 882 436 907 crucem
470 865 727 907 assumereti
762 871 804 905 et
836 865 1003 905 veniret
1036 888 1088 893 -—
1121 864 1191 918 qui
1225 862 1404 903 eandem
1439 862 1671 903 marchiam
1703 876 1758 903 ex
1789 863 1880 904 iure
1909 863 2079 917 imperii
2103 861 2231 903 simili
2252 859 2376 902 modo

193 946 340 977 tenere
373 950 596 990 possemus
613 936 641 980 ¹.
676 934 889 974 valentem
923 933 1033 973 ultra
1065 932 1150 973 XX
1172 932 1289 972 milia
1311 945 1551 972 marcarum
1575 931 1744 986 argenti
1775 945 1853 985 per
1875 945 2032 972 annum
2056 955 2107 960 ——
2131 929 2225 971 setk
2257 929 2378 971 addi-

191 1005 330 1045 dimus
372 1004 517 1045 etiam¹
551 1003 602 1043 de
644 1016 809 1043 camera
854 1006 998 1042 nostra
1031 1000 1067 1040 V
1100 1001 1219 1041 milia
1256 1013 1496 1041 marcarum
1534 1000 1721 1054 argenti,
1771 1000 1984 1054 eligentes
2024 1000 2164 1054 potius
2206 999 2381 1040 utilitati

194 1082 337 1112 nostre
379 1072 531 1113 deesse
573 1086 697 1126 quam
744 1071 924 1111 servicio
969 1069 1173 1109 crucifixi.
1244 1068 1350 1109 Cum
1399 1069 1597 1123 exemplo
1639 1068 1831 1109 eiusdem
1875 1068 2121 1122 lantgravii,
2167 1067 2286 1108 ducis
2326 1067 2380 1109 de

194 1141 433 1195 Limburg¹¹¹
468 1146 508 1181 ct
541 1141 718 1181 aliorum
752 1139 1002 1193 principum.
1037 1152 1142 1192 quos
1175 1136 1227 1177 ad
1261 1137 1512 1178 sumendam
1546 1151 1716 1178 erucem
1750 1136 2051 1191 largitionibus
2086 1141 2128 1178 et
2159 1136 2380 1192 promissis

194 1211 451 1251 induximus.
486 1210 645 1249 infinita
681 1223 724 1249 sc
760 1207 987 1248 multitudo
1021 1206 1218 1260 signavit,
1253 1206 1539 1260 septingentis
1573 1205 1778 1246 militibus
1811 1220 1888 1260 per
1912 1205 2096 1247 eundem
2129 1206 2379 1260 magistrum

193 1280 246 1320 ad
280 1288 423 1319 nostra
461 1277 702 1332 stipendian
726 1276 958 1316 solidatis‘).
1023 1274 1254 1328 Magistros
1278 1275 1409 1315 etiam
1434 1288 1509 1328 pro
1533 1273 1795 1315 fabricandis
1820 1273 2063 1315 chelandris
2087 1288 2165 1329 per
2186 1274 2380 1315 diversas

194 1356 335 1403 partes
378 1348 496 1401 regni
540 1346 670 1386 nostri
714 1345 843 1385 statui
876 1344 1097 1394 iussimus,
1141 1343 1191 1384 de
1236 1342 1388 1397 quibus
1422 1343 1687 1397 octingentiP
1720 1350 1822 1398 preq
1855 1343 1967 1384 aeris
2005 1343 2259 1397 intemperie
2293 1347 2381 1383 tum

195 1425 326 1458 morte
361 1422 448 1456 'tum
483 1415 725 1456 infirmitate
759 1413 950 1467 impediti
974 1413 1161 1461 fuerunt,
1195 1411 1330 1467 quodr
1353 1411 1532 1452 omnes2
1564 1425 1648 1452 non
1670 1415 1903 1467 potuerunt
1927 1411 2250 1466 percompleris,
2283 1411 2384 1452 licet

195 1487 328 1527 maior
360 1500 458 1540 pars
491 1484 617 1525 fuerit
650 1483 872 1523 fabricata.
992 1484 1026 1533 (pl
1047 1481 1082 1535 1)
1123 1480 1316 1520 Tandem
1350 1481 1557 1521 instantet
1590 1480 1788 1535 passagio
1822 1479 2010 1534 navigia,
2054 1479 2307 1521 chelandras
2340 1483 2383 1520 et

195 1556 228 1595 L
260 1555 410 1608 galeas
444 1553 496 1593 ad
528 1553 621 1592 loca
655 1551 844 1606 passagii
876 1564 960 1590 non
985 1564 1009 1589 a
1031 1549 1153 1589 nobis
1177 1555 1239 1589 set
1263 1549 1316 1589 ab
1341 1549 1525 1603 antiquis
1557 1548 1824 1604 temporibus
1849 1549 2056 1599 ordinata,
2089 1547 2382 1589 Brundusium

196 1623 414 1664 videlicet.
447 1622 517 1662 ubi
550 1621 798 1675 passagium
831 1619 922 1659 fieri
955 1624 1152 1672 semperu
1185 1618 1502 1672 competentius
1534 1619 1779 1666 consuevit,
1814 1617 1910 1658 duci
1942 1618 2123 1659 fecimus
2157 1622 2200 1658 et
2231 1617 2384 1673 parari,

196 1707 272 1732 nos
297 1690 579 1746 personaliter
600 1690 641 1729 in
665 1694 915 1729 occursumv
939 1687 1054 1727 clare
1079 1686 1284 1727 memorie
1310 1686 1576 1740 lantgraviiW
1599 1686 1835 1741 Thuringie
1860 1691 1902 1727 et
1922 1687 2102 1727 aliorum
2123 1686 2386 1727 venientium

197 1761 434 1815 principum
460 1758 746 1798 conferentes.
800 1755 966 1803 Quibus
991 1755 1311 1803 accedentibus,
1335 1755 1433 1795 dum
1458 1755 1510 1796 ad
1534 1755 1779 1810 passagium
1802 1755 2051 1807 rediremus,
2081 1755 2199 1810 gravi
2224 1754 2384 1809 egritu-

199 1830 293 1869 dine
328 1835 499 1868 sumusx
534 1842 557 1867 a
588 1826 773 1866 Domino
806 1826 846 1865 in
880 1825 1030 1865 itinere
1066 1824 1263 1875 visitatiy,
1298 1838 1379 1878 que
1413 1824 1473 1864 sic
1506 1838 1582 1864 nos
1608 1823 1908 1865 vehementerz
1942 1825 2110 1874 invasit,
2143 1827 2189 1865 ut
2223 1837 2384 1864 moram

199 1898 319 1938 nobis
354 1896 507 1937 medici
542 1895 785 1936 suaderent.
849 1894 949 1934 Set³
981 1908 1033 1934 ne
1065 1907 1141 1948 pro
1175 1893 1373 1933 absentia
1413 1897 1559 1933 nostra
1592 1893 1862 1947 contingeret
1894 1894 2140 1948 passagium
2171 1891 2384 1948 impediri,

200 1967 461 2007 medicorum
509 1963 789 2019 persuasione
834 1967 1100 2017 contempta,
1148 1962 1189 2002 in
1237 1962 1360 2003 estivi
1408 1962 1546 2002 calore
1594 1962 1797 2017 temporis
1847 1976 1930 2003 non
1978 1962 2197 2002 omisimus
2235 1975 2387 2002 versus

200 2035 489 2076 Brundusium
535 2034 740 2087 equitare.
810 2031 922 2071 Ubib
963 2045 1094 2071 naves
1138 2036 1179 2071 et
1222 2029 1476 2070 chelandras
1516 2037 1617 2085 proC
1650 2030 1913 2085 principibus
1947 2034 1990 2072 et
2022 2030 2114 2071 aliis
2146 2029 2386 2085 peregrinis

200 2118 367 2144 necnon
400 2117 475 2157 pro
509 2100 827 2157 septingentisd
859 2100 1015 2140 nostris
1050 2099 1338 2154 stipendiariis
1373 2099 1603 2151 militibus,
1638 2100 1749 2140 sicut
1781 2099 2044 2154 expediebat
2077 2098 2278 2153 singulis,
2311 2112 2387 2154 pro

202 2173 438 2227 quantitate
482 2184 623 2211 rerum
655 2176 698 2210 et
738 2183 916 2210 numero
960 2182 1241 2223 personarum
1278 2168 1479 2208 iussimus
1513 2168 1744 2222 assignari,
1791 2182 1873 2222 que
1906 2182 1984 2223 per
2015 2171 2110 2209 octo
2142 2167 2234 2209 dies
2266 2167 2388 2222 aquis

202 2250 243 2281 ct
276 2241 369 2280 aliis
403 2239 659 2280 necessariis
692 2243 1010 2287 onerarentur-⁰,
1051 2250 1155 2277 aura
1193 2250 1398 2291 prospera
1438 2236 1689 2277 salubriterf
1719 2237 1987 2291 navigantes.
2051 2236 2239 2291 Tempus
2273 2236 2384 2277 enim

202 2310 391 2364 passagii
425 2308 530 2349 adeo
564 2313 654 2347 erat
686 2306 872 2346 Domino
907 2306 1122 2346 facienteg
1156 2310 1371 2360 paratum,
1411 2305 1524 2359 quod
1557 2305 1742 2359 navigia,
1778 2306 1818 2345 in
1851 2305 2006 2359 quibus
2039 2319 2210 2346 camera
2241 2307 2389 2345 nostra

203 2388 243 2419 et
278 2376 468 2418 fainilia¹¹
508 2382 603 2431 post
645 2381 842 2416 octavum
883 2374 995 2415 diem
1035 2374 1190 2428 primei
1234 2374 1432 2414 motionis
1467 2375 1640 2414 navium
1684 2378 1858 2428 recepte
1904 2372 2117 2426 fuerantk,
2159 2373 2270 2414 infra
2301 2373 2391 2414 dies

202 2447 398 2487 undecim
433 2443 836 2485 transfretaverintl.
900 2442 1079 2497 Copiam
1114 2456 1213 2483 vero
1252 2443 1424 2482 navium
1455 2446 1617 2483 tantam
1651 2442 1926 2491 habuimusm,
1967 2442 2079 2496 quod
2111 2456 2187 2497 pro
2219 2441 2391 2482 defectu

203 2515 525 2570 peregrinorum
558 2513 692 2552 multa
725 2513 765 2552 in
804 2516 929 2566 portu
962 2512 1134 2565 navigia
1168 2515 1479 2552 remanserunt.
1600 2511 1690 2565 (12)
1723 2510 1819 2552 Deu
1851 2511 2096 2565 corruptela
2127 2523 2228 2551 vero
2261 2510 2387 2561 aeris,

204 2597 284 2638 que
319 2583 463 2623 nocuit
497 2582 746 2637 peregrinis,
780 2595 857 2636 per
879 2594 1005 2635 quam
1030 2579 1170 2620 divina
1193 2579 1474 2634 providentia,
1508 2593 1589 2634 que
1612 2579 1828 2634 previderi
1852 2593 1935 2620 non
1959 2583 2101 2634 potest
2122 2579 2176 2620 ab
2200 2578 2386 2629 homine,

205 2653 396 2693 diversas
431 2650 574 2691 mundi
607 2655 753 2705 partes
787 2654 830 2690 et
863 2649 980 2702 regni
1013 2648 1146 2688 nostri
1178 2648 1422 2702 specialiter
1454 2649 1622 2688 occulto
1656 2647 1813 2689 iudicio
1845 2648 2094 2702 flagellavit,
2127 2647 2231 2688 nulli
2253 2647 2389 2702 magis

205 2735 329 2775 quam
364 2721 485 2759 nobis
529 2720 757 2759 molestum
792 2718 934 2758 extitit
967 2722 1008 2758 et
1042 2716 1337 2771 dampnosum.
1399 2716 1510 2756 Nam
1542 2717 1583 2756 in
1625 2717 1794 2771 propria
1826 2724 2037 2772 persona⁰
2069 2717 2302 2767 sensimus,
2336 2715 2388 2757 de

206 2797 316 2844 quol·
360 2789 455 2828 aliis
498 2787 788 2828 condolemus.
861 2786 1068 2826 Preterea
1110 2785 1327 2825 nondum‘1
1372 2789 1592 2840 resumpta
1624 2785 1972 2826 convalescentia
2013 2786 2161 2840 galeas
2203 2784 2390 2839 ingressi

209 2858 381 2897 fuimusr
407 2871 481 2896 nos
506 2866 547 2895 et
572 2855 753 2895 dilectus
779 2854 1125 2908 consanguineus
1150 2858 1294 2894 noster
1318 2854 1582 2908 lantgravius
1609 2854 1790 2908 vestigia
1819 2853 2140 2908 precedentium
2164 2852 2388 2894 secuturis.

345 2982 427 3015 llss.
461 2988 487 3022 r)
515 2988 693 3025 prorogato
719 2981 750 3014 2.
777 2980 807 3013 4.
948 2980 973 3021 ⁵⁵)
1000 2981 1141 3013 transire
1167 2980 1198 3012 2.
1224 2979 1255 3012 4.
1283 2980 1314 3013 5.
1455 2980 1479 3021 t)
1505 2980 1595 3012 deest
1619 2980 1650 3012 2.
1775 2980 1807 3022 ¹¹)
1834 2981 1923 3013 iutra
1950 2980 1978 3012 1.
2097 2979 2130 3021 v)
2154 2979 2333 3012 unciarum
2359 2977 2389 3011 1.

206 3049 245 3062 ¹³*
274 3043 450 3073 >statuimus
468 3042 498 3072 2.
594 3047 626 3079 x)
652 3041 858 3081 assignanda
879 3039 905 3071 l.
926 3038 954 3070 4.
1049 3044 1079 3078 δ’)
1105 3038 1250 3071 celandr.
1274 3038 1301 3075 1,
1327 3050 1464 3078 semper.
1561 3042 1589 3078 z)
1616 3038 1696 3070 etl.
1790 3037 1820 3077 ³⁴)
1846 3038 1935 3070 deest
1954 3036 1982 3070 1.
2001 3035 2031 3068 4.
2127 3035 2158 3078 b)
2184 3036 2336 3078 equitum
2360 3033 2393 3067 5.

208 3108 212 3118 ‘
264 3099 407 3140 passagii
431 3098 457 3129 1.
553 3096 584 3129 ¹¹»
610 3098 666 3128 sed
686 3098 716 3127 in
737 3096 767 3128 ἴ).
863 3102 892 3133 ⁰)
920 3102 1087 3137 potentem
1107 3094 1137 3126 5.
1232 3094 1259 3134 f)
1286 3095 1374 3127 deest
1392 3094 1423 3126 4.
1517 3097 1550 3136 g)
1577 3106 1656 3126 vero
1675 3095 1706 3126 2.
1802 3093 1832 3137 ¹¹)
1858 3095 2002 3137 principi
2019 3092 2050 3126 4.
2147 3091 2170 3135 i)
2197 3096 2345 3126 sumeret
2361 3091 2393 3124 2.

208 3155 239 3186 ι(ι
267 3165 295 3187 ei
324 3158 354 3186 2.
380 3155 410 3186 5.
506 3154 528 3190 ¹!
556 3162 585 3187 et
606 3153 644 3188 2;
672 3155 699 3185 ei
727 3154 807 3186 add.
826 3152 857 3185 4.
976 3153 1016 3192 ¹¹³)
1043 3154 1213 3194 Lintbnrg
1230 3151 1260 3183 2.
1378 3153 1410 3193 ¹¹)
1437 3153 1514 3194 stip.
1539 3156 1653 3184 nostra
1677 3152 1708 3183 2.
1819 3152 1850 3193 0)
1876 3152 2061 3184 solidandis
2082 3150 2109 3183 l.
2205 3149 2238 3191 Ρ)
2265 3149 2393 3182 contiu-

211 3214 301 3255 genti
333 3213 358 3243 l.
454 3219 468 3239 ¹1
512 3217 584 3253 post
610 3212 646 3242 2:
674 3223 730 3253 per
755 3211 843 3243 aeris
868 3211 1096 3253 intemperiem
1123 3211 1154 3242 ι’).
1283 3216 1311 3251 r)
1338 3221 1442 3252 quare
1468 3210 1497 3242 5.
1616 3210 1644 3251 S)
1671 3216 1743 3253 post
1769 3211 1927 3253 compleri
1951 3209 1982 3243 2.
2101 3209 2126 3250 t)
2152 3210 2187 3241 iu
2211 3212 2338 3241 statuto
2364 3206 2394 3239 1.

208 3276 241 3299 u»
268 3270 337 3301 fieri
365 3270 532 3310 repetitum
564 3269 590 3300 l.
708 3274 740 3309 v)
767 3279 909 3299 occursu
938 3267 966 3300 1.
1085 3272 1123 3303 w)
1146 3268 1241 3299 ducis
1265 3266 1296 3299 2.
1415 3268 1448 3307 x)
1475 3268 1601 3299 fuimus
1626 3266 1656 3298 2.
1758 3268 1791 3308 y)
1818 3268 1879 3300 vis.
1906 3268 1939 3299 in
1966 3268 2085 3299 itinere
2111 3266 2140 3298 1.
2235 3265 2263 3306 z)
2291 3264 2390 3297 vehe-

210 3327 353 3358 mentius
379 3325 409 3357 2.
550 3330 578 3364 ίᾸ)
605 3326 645 3356 Et
673 3325 700 3356 1.
840 3323 873 3364 b)
900 3331 936 3356 ut
964 3324 991 3356 1.
1134 3324 1163 3365 c)
1190 3324 1278 3356 deese
1304 3323 1333 3355 1.
1475 3322 1510 3363 (1)
1536 3329 1662 3366 septem
1690 3324 1839 3356 millibus
1864 3322 1894 3355 2.
2038 3322 2067 3364 ⁰)
2092 3326 2276 3355 onerarunt
2300 3319 2331 3352 2.
2357 3319 2394 3362 53

210 3390 366 3415 oneratur
391 3381 421 3413 4.
562 3380 591 3413 s,
619 3382 759 3413 feliciter
783 3381 814 3412 2.
955 3380 988 3421 g)
1016 3383 1150 3413 favente
1176 3380 1213 3420 ‘23
1247 3382 1451 3413 concedente
1478 3380 1509 3413 5.
1652 3379 1684 3420 l¹)
1711 3386 1743 3412 et
1769 3382 1845 3412 fam.
1873 3385 1988 3412 nostra
2012 3378 2043 3411 2.
2181 3377 2203 3419 i)
2230 3378 2336 3421 primo
2361 3376 2394 3410 2.

212 3439 241 3467 k,
272 3442 407 3471 suerunt
433 3439 463 3470 ἴ).
559 3438 581 3464 ¹1
610 3441 868 3470 transfretarunt
897 3438 923 3470 l.
950 3437 980 3470 4.
1076 3439 1118 3479 ¹¹¹)
1146 3439 1337 3470 huiusmodi
1367 3437 1394 3469 l.
1421 3436 1452 3469 4.
1558 3441 1591 3477 I¹)
1617 3449 1681 3469 voa:
1707 3429 1892 3479 superflua,
1916 3437 2006 3469 unde
2030 3436 2129 3479 infra
2154 3434 2395 3467 anacoluthmz.

211 3504 239 3525 Ἀ,
270 3497 302 3527 in
330 3508 470 3538 persona
497 3503 606 3527 nostra
636 3497 666 3526 2.
694 3494 723 3525 l.
864 3501 895 3535 v)
922 3496 1010 3536 quod
1036 3496 1075 3526 sle
1101 3494 1135 3533 23
1175 3495 1206 3525 in
1234 3495 1314 3526 add.
1336 3492 1367 3526 4.
1510 3499 1540 3534 11)
1567 3494 1655 3526 deest
1684 3493 1717 3533 l;
1745 3495 1823 3526 Post
1847 3494 1995 3526 nondum
2021 3492 2052 3524 5.
2169 3491 2197 3531 r)
2222 3501 2339 3523 sumus
2363 3488 2394 3521 2.

212 3557 236 3591 Ξ)
264 3553 368 3584 secuti
397 3554 427 3583 2.

352 3631 383 3671 1)
412 3630 472 3662 Jz'n
497 3630 607 3662 locum
634 3630 819 3663 notabilem
845 3629 887 3661 (Ic
914 3629 989 3661 lare
1012 3629 1098 3671 'reglis
1125 3629 1163 3661 in
1187 3628 1374 3662 retinendis
1398 3628 1536 3670 fendis!
1650 3629 1685 3671 2)
1710 3638 1756 3661 sc.
1782 3626 2001 3661 chelcmdrae.

2414 873 2447 898 10

2418 1220 2448 1245 15

2418 1561 2452 1586 20

2423 1903 2455 1929 25

2423 2247 2457 2273 30

2424 2595 2455 2621 35

2426 3263 2459 3289 45

2430 3547 2462 3572 50
