2558 3970
197 157 269 194 126
721 146 1484 183 Fuuuuuciu.coNsmequNEs
1535 146 1633 180 1ffim.
1681 147 1839 181 Nn1ffll

824 416 950 483 100.
1003 412 1737 483 CONSTITUTIO

284 518 717 589 CONTRA
775 515 1463 586 HAERETIGOS
1518 515 2275 586 LOMBARDIAE.

1120 640 1437 686 1224.hhuff.

320 786 491 836 chitm·
531 785 570 824 in
619 784 654 838 l)
689 783 879 835 Reqislro
919 783 1112 836 Greqoriet
1144 783 1227 823 IX.
1270 783 1365 825 libr.
1392 782 1474 831 11⁷,
1504 785 1586 822 103
1602 783 1627 833 ¹,
1667 796 1686 823 c
1717 796 1796 835 quo
1832 783 2036 836 inthram
2067 797 2156 825 cam
2186 783 2371 825 exhibuit

187 853 460 895 Iluillardas:
501 853 690 893 liv-mm
729 852 1003 905 Ragsnaldmn
1040 866 1078 893 (ι.
1113 853 1222 892 1:231
1264 852 1291 905 ἕ
1324 852 1378 890 18
1418 854 1578 891 secutus
1620 853 1786 903 partem
1831 852 1983 901 omisit,
2029 865 2153 904 quam
2189 866 2227 893 a.
2260 853 2371 892 1840

182 923 428 972 arenosum-it
460 923 493 961 I».
527 936 576 962 m.
610 921 814 971 B‹'›'l1mcr;
847 934 1021 972 quorum
1051 919 1357 970 discrepantias
1388 919 1609 961 lectionum
1630 920 1921 961 adnotavimus
1948 920 2021 960 sub
2044 920 2161 972 stylis
2183 919 2227 961 H
2251 919 2371 971 2513,-

186 991 228 1030 ’.Ν
264 991 303 1029 in
340 991 518 1030 Statuit<
549 990 729 1029 eie-itatis
771 988 1036 1029 l'ercrllcnsis
1075 1001 1175 1029 sace.
1200 988 1340 1030 XIII.
1378 989 1425 1029 ‘in
1466 988 1674 1030 tabulario
1705 988 1884 1029 civitatis
1914 989 2160 1037 asservatis,
2192 1001 2372 1040 quarum

182 1058 395 1098 ‹nlilimmn
433 1059 472 1097 in
505 1058 790 1097 Mounmrntis
816 1058 984 1108 patriae
1014 1057 1210 1098 historiae
1234 1057 1281 1097 X
1290 1057 1357 1097 VI
1359 1090 1367 1106 ,
1406 1058 1510 1098 1234
1542 1058 1824 1098 ‹metam-atam
1854 1055 2130 1106 adhibuimm,
2161 1056 2372 1097 adnotatis

184 1127 461 1167 tardunemodo
499 1127 741 1180 praecipuis
783 1125 1032 1166 lectionibus.
1077 1150 1130 1154 ——
1176 1125 1630 1166 Hnillard-Brdlmlles
1660 1125 1726 1176 II,
1749 1127 1844 1167 421.
1915 1124 2106 1174 Bolzmer,
2140 1124 2240 1177 Res).
2273 1125 2370 1177 imp.

197 1194 235 1236 Γ.
263 1196 383 1235 1323.
2016 1192 2085 1246 (P.
2107 1193 2227 1245 252.)

324 1308 580 1349 Frodericus
622 1309 703 1349 Dei
747 1309 885 1362 gratia
926 1308 1219 1349 Romanorum
1261 1308 1522 1362 imperatora
1562 1321 1733 1362 semper
1770 1311 1979 1361 augustus
2020 1311 2062 1348 et
2103 1322 2182 1349 rex
2225 1307 2369 1349 Sicilie

185 1378 421 1418 venerabili
456 1410 463 1417 .
499 1411 505 1417 .
542 1377 905 1431 Magdeburgensi
957 1377 1299 1432 archiepiscopo,
1350 1376 1493 1416 comiti
1540 1375 1796 1416 Romaniole
1844 1380 1885 1416 et
1931 1376 2062 1416 totius
2111 1375 2370 1417 Lombardie

183 1446 339 1497 legato.
374 1446 531 1486 dilecto
564 1446 745 1501 principi
778 1459 865 1488 suo.
903 1445 1083 1499 gratiam
1119 1459 1240 1485 suam
1273 1448 1316 1485 et
1348 1458 1473 1485 omne
1505 1444 1678 1486 bonum.

321 1516 428 1555 Cum
460 1514 513 1555 ad
547 1513 886 1555 conservandum
922 1514 1082 1568 pariter
1116 1518 1158 1554 et
1190 1512 1423 1553 fovendum
1457 1513 1749 1553 ecclesiastico
1781 1514 2101 1567 tranquillitatis
2126 1517 2284 1554 statum
2317 1527 2369 1553 ex

184 1584 409 1623 commisso
443 1584 562 1623 nobis
595 1584 762 1638 imperii
795 1583 1002 1637 regimine
1043 1582 1296 1623 defensores
1329 1582 1460 1622 simus
1505 1596 1530 1623 a
1562 1582 1746 1622 Domino
1780 1583 2020 1634 constituti,
2060 1584 2173 1623 n0n¹'
2205 1582 2369 1637 absque

185 1652 296 1692 iusta
331 1651 471 1692 cordis
505 1651 815 1692 admirationec
848 1651 1176 1706 perpendimus,
1211 1650 1323 1705 quod
1356 1650 1524 1691 hostilis
1556 1651 1746 1692 invaleat
1779 1650 1967 1700 heresis,
2000 1651 2109 1706 proh
2139 1650 2295 1706 pudor,
2328 1651 2372 1691 in

184 1720 375 1774 partibus
423 1720 701 1771 Lombardie,
751 1733 833 1774 que
880 1720 1026 1774 plures
1074 1720 1237 1760 inficiat
1280 1724 1322 1760 et
1369 1733 1445 1774 per
1492 1733 1566 1760 ora
1610 1719 2002 1774 blasphemantium
2048 1723 2196 1760 contra
2242 1719 2373 1760 decus

187 1788 395 1828 ecclcsic‘l
429 1793 470 1829 ct
504 1789 714 1829 catholice
747 1788 848 1828 fidei
882 1788 1137 1829 documenta
1170 1802 1224 1828 ex
1256 1788 1512 1843 impunitate
1545 1792 1685 1828 sumat
1717 1787 1939 1828 audaciam
1973 1787 2220 1830 insultandi.
2279 1787 2373 1828 Nec

185 1870 409 1910 possumus
454 1858 605 1897 merito
649 1871 729 1898 non
769 1858 950 1906 moveri,
993 1858 1064 1911 qui
1103 1862 1217 1897 tame
1257 1871 1312 1897 ex
1353 1857 1525 1911 urgenti
1565 1870 1692 1897 causa
1729 1856 1916 1896 turbaris
1953 1856 2248 1911 compellimur
2287 1869 2381 1908 non,

187 1925 366 1966 iniuste.
413 1926 524 1981 quod
573 1932 670 1967 ante
719 1925 867 1966 sedem
907 1926 1113 1981 principis
1156 1925 1445 1981 apostolorum
1488 1929 1531 1966 et
1570 1925 1755 1965 doctoris
1794 1925 1999 1977 ecclesie,
2042 1939 2119 1980 per
2159 1938 2284 1980 quem
2317 1924 2373 1966 ad

188 2004 374 2034 remotos
406 1995 587 2049 populos
621 1995 783 2036 fluenta
814 2008 914 2035 vere
948 1995 1126 2035 scientie
1158 1994 1427 2046 derivantur,
1461 1999 1547 2035 tam
1580 1995 1720 2035 vicina
1750 1995 1971 2049 provincia
2002 1993 2259 2035 mendicatis
2294 1993 2375 2034 ini-

187 2077 361 2116 quorum
415 2063 790 2104 adinventionibus
838 2064 1084 2118 inquinetur
1131 2064 1173 2104 in
1218 2068 1361 2118 parte,
1408 2067 1456 2104 ut
1500 2064 1542 2103 in
1583 2077 1634 2104 ea
1677 2063 1872 2103 dicantur
1918 2069 2041 2104 essee
2083 2063 2373 2118 quamplures,

185 2132 253 2185 qui
287 2132 609 2185 prevaricantes
643 2133 785 2186 legem
818 2131 993 2172 Domini
1026 2136 1070 2173 et
1101 2132 1310 2173 abeuntes
1343 2136 1439 2187 post
1471 2132 1697 2173 scientiam
1729 2131 2034 2181 seductricem,
2068 2131 2288 2186 decipiunt
2319 2130 2374 2172 ad

184 2201 364 2240 invicem
414 2201 667 2254 semetipsos
713 2205 755 2240 et
801 2201 919 2242 velut
966 2201 1146 2241 aliorum
1194 2201 1322 2241 saluti
1377 2201 1575 2255 nequiter
1626 2200 1890 2250 invidentes,
1937 2203 2147 2254 quotquot
2190 2204 2372 2255 possunt

184 2267 438 2308 seductoriis
472 2268 611 2309 verbis
653 2269 848 2309 alliciunt
886 2274 928 2309 ct
969 2283 1113 2310 eorum
1157 2269 1453 2324 dampnationi
1492 2273 1781 2309 connectereg
1812 2268 2066 2318 moliuntur,
2098 2272 2146 2309 ut
2176 2282 2254 2323 per
2284 2267 2366 2309 hec

184 2336 337 2376 verba¹¹
375 2336 544 2392 putrida
584 2351 736 2392 corpus
774 2337 945 2379 leda-tur
989 2338 1171 2379 ecclesie
1212 2352 1260 2378 ac
1302 2337 1437 2378 maior
1480 2351 1580 2392 pars
1620 2338 1763 2392 gregis
1801 2336 1992 2378 fidelium
2033 2350 2111 2391 per
2151 2349 2252 2377 oves
2293 2335 2370 2377 has

183 2405 397 2445 morbidas
432 2406 712 2448 maculentur.
774 2405 889 2447 Eriti
921 2407 1050 2461 igitur
1082 2406 1439 2447 dissimulandum
1471 2420 1495 2447 a
1526 2407 1664 2457 nobis,
1698 2410 1772 2446 aut
1794 2406 1854 2446 sic
1878 2405 2154 2459 negligenter
2175 2418 2368 2459 agemus,

182 2483 227 2513 ut
266 2478 412 2514 contra
451 2473 670 2515 Christum
721 2478 764 2515 et
809 2475 935 2516 fidem
977 2475 1231 2516 catholicam
1271 2489 1345 2516 ore
1388 2475 1642 2530 blasphemo
1684 2475 1891 2515 insultent
1929 2473 2067 2528 impii,
2109 2476 2152 2514 et
2181 2486 2258 2514 nos
2291 2472 2370 2514 sub

183 2542 352 2582 silentio
391 2548 687 2583 transeamus?
750 2541 877 2584 Certe
926 2543 1248 2597 ingratitudinis
1295 2548 1338 2585 et
1382 2544 1648 2598 negligentie
1687 2557 1763 2583 nos
1802 2541 1983 2597 arguetk
2024 2541 2259 2593 Dominus,
2298 2541 2384 2596 qui<

183 2617 327 2650 contra
370 2611 562 2651 inimicos
608 2625 683 2651 sue
722 2611 821 2652 fidei
863 2612 983 2653 nobis
1023 2611 1214 2666 gladium
1257 2611 1740 2653 materialem-indulsit
1771 2615 1813 2652 et
1845 2609 2157 2665 plenitudinem
2189 2609 2368 2650 contulit

183 2679 420 2732 potcstatis.
484 2678 756 2734 Quapropter
798 2681 841 2720 in
884 2681 1189 2721 exterminium
1223 2685 1265 2721 et
1296 2680 1529 2721 vindictam
1562 2679 1804 2721 auctorum¹
1837 2679 2012 2720 sceleris
2053 2682 2141 2719 tam
2179 2677 2370 2727 nefandi,

183 2747 434 2801 complicum
468 2752 510 2789 et
543 2750 789 2802 sequacium
823 2749 1013 2790 heretice
1047 2749 1290 2804 pravitatis,
1327 2763 1598 2804 quocumque
1630 2749 1799 2789 nomine
1833 2750 2112 2797 censeantur,
2143 2746 2369 2801 utriusque

182 2816 284 2855 iuris
323 2817 578 2857 auctoritate
621 2817 788 2867 muniti,
829 2817 980 2871 dignos
1025 2822 1164 2858 motus
1197 2818 1332 2858 nostri
1365 2818 1494 2858 animi
1528 2821 1801 2867 exercentes,
1841 2815 2030 2870 presenti
2063 2813 2234 2855 edictali
2266 2827 2368 2855 con-

183 2884 401 2924 stitutione
436 2890 582 2924 nostra
615 2885 657 2924 in
691 2890 780 2926 tota
812 2885 1107 2926 Lombardiam
1140 2885 1446 2927 inviolabiliter
1479 2885 1530 2927 de
1564 2889 1708 2927 cetero
1729 2885 1914 2926 valitura
1937 2883 2137 2924 duximus
2170 2883 2368 2924 sancien—

182 2951 298 2991 dum:
333 2957 378 2991 ut
411 2953 665 3006 quicumque
698 2967 774 3007 per
806 2954 990 2994 civitatis
1023 2955 1259 2994 antistitem
1283 2954 1349 2994 vel
1373 2953 1601 3006 diocesisn,
1633 2955 1674 2994 in
1698 2967 1782 3008 qua
1804 2953 1936 3007 degit,
1967 2955 2063 3007 post
2086 2951 2368 3005 condignam⁰

184 3021 546 3061 examinationem
589 3022 718 3062 fuerit
761 3021 813 3062 dc
847 3022 990 3062 heresi
1029 3022 1258 3063 manifeste
1292 3023 1512 3063 convictus
1547 3027 1590 3063 et
1622 3022 1835 3063 hereticus
1869 3015 2099 3071 iudicatus,
2138 3033 2214 3074 per
2244 3022 2366 3074 pote-

185 3095 382 3127 statcmv.
418 3089 641 3128 consilium
677 3094 718 3130 et
751 3090 985 3131 catholicos
1020 3091 1132 3131 viros
1166 3091 1351 3131 civitatis
1385 3094 1427 3132 et
1457 3091 1640 3132 diocesis
1673 3089 1923 3132 earumdem
1955 3088 2008 3129 ad
2042 3088 2382 3143 requisitionem¹

183 3156 387 3195 antistitis
421 3157 534 3197 illico
568 3158 771 3212 capiatur,
806 3160 1058 3201 auctoritate
1092 3163 1237 3200 nostra
1269 3160 1379 3213 ignis
1413 3158 1571 3200 iudicio
1605 3158 1964 3209 concremandus,
1996 3161 2044 3197 ut
2075 3157 2174 3198 velq
2204 3155 2366 3196 ultrici-

185 3223 263 3262 bus
312 3224 492 3264 flammis
533 3230 683 3279 pereat
721 3231 827 3271 aut&
869 3228 902 3267 si
945 3227 1178 3268 miserabili
1210 3228 1295 3268 vite
1328 3227 1381 3268 ad
1414 3228 1720 3269 coercitionem
1759 3227 1941 3267 aliorum
1981 3225 2192 3279 elegerint
2223 3237 2364 3265 reser-

325 3359 408 3393 100.
448 3367 477 3402 ²¹)
505 3370 534 3391 ct
563 3362 593 3394 2.
688 3362 719 3403 b)
748 3374 809 3395 uec
834 3364 864 3396 2.
960 3365 989 3405 C)
1017 3365 1103 3397 adm.
1131 3366 1238 3397 cordis
1263 3364 1292 3396 2.
1389 3363 1422 3406 (¹)
1449 3366 1529 3397 eccl.
1555 3366 1656 3397 decus
1681 3363 1712 3396 2.
1819 3363 1848 3404 e)
1874 3363 1964 3396 deest
1987 3362 2017 3395 2.
2116 3360 2147 3404 s)
2174 3361 2301 3394 moveri
2319 3359 2365 3393 H.

184 3423 213 3448 Ξ)
240 3424 434 3449 convertere
455 3418 498 3448 ΙΙ.
596 3418 627 3459 ¹¹)
654 3420 699 3451 sic
718 3420 757 3451 B.
779 3421 830 3453 Jl:
858 3421 1033 3461 [cssemlum
1059 3433 1126 3454 csse
1152 3422 1282 3453 ridetur
1307 3423 1465 3454 membra.
1560 3421 1582 3462 i)
1611 3423 1723 3453 Eritne
1741 3421 1788 3452 ΙΙ.
1882 3417 1916 3459 k)
1942 3424 2100 3461 argueret
2122 3418 2152 3451 2.
2224 3416 2247 3458 l)
2275 3423 2365 3451 acto-

181 3485 252 3504 rum
283 3474 308 3505 1,
421 3480 461 3506 ¹¹¹>
489 3486 544 3516 prr
570 3482 672 3507 totam
701 3478 937 3509 Lonibardiaui
963 3477 995 3509 2.
1106 3484 1138 3517 ἢ)
1165 3479 1380 3511 ‹liocesauum
1409 3479 1437 3510 l.
1547 3483 1578 3520 0)
1605 3479 1740 3521 diguam
1767 3477 1798 3510 ⁵2.
1903 3477 1934 3517 l’)
1962 3481 1994 3508 ct
2019 3476 2101 3508 add.
2128 3474 2158 3508 2.
2266 3475 2299 3516 ⁴1)
2326 3479 2364 3506 ut

181 3531 232 3562 vel
259 3531 324 3562 des.
354 3530 382 3562 2.
526 3538 549 3571 s,
579 3534 943 3576 aut—blasphemare
971 3535 1037 3567 des.
1064 3534 1094 3567 2.

316 3634 346 3664 1»
377 3631 428 3672 (ff.
460 3631 662 3675 Rorlenbersj
689 3633 718 3675 I,
743 3638 797 3666 174
825 3644 877 3667 nr.
899 3639 972 3668 246.

2407 1205 2440 1230 10

2409 1593 2439 1618 15

2408 1933 2442 1958 20

2405 2274 2436 2301 25

2406 2617 2438 2643 30

2405 2960 2477 3001 35·

2402 3357 2434 3382 40
