2558 3970
182 156 262 194 314
667 150 909 184 FRIDERICI
934 150 980 184 11.
1006 149 1434 184 CONSTITUTIONES.
1485 150 1584 184 1240.
1632 149 1791 184 N1-.225.
1817 148 1895 183 226.

181 267 373 322 partibus
415 267 711 306 transmarinis
752 266 956 306 Urucifixi
999 266 1219 319 negotium
1263 265 1517 316 retardatur,
1558 264 1791 318 benignam
1832 262 2094 304 audientiam
2127 261 2371 303 concedatis

183 341 225 376 et
266 349 363 375 vern
408 335 594 376 credatis
638 348 718 389 quc
759 333 1031 388 proposuerit
1074 348 1204 388 super
1245 334 1339 375 istis
1381 337 1424 375 et
1464 348 1514 374 ca
1557 333 1747 387 recipere
1791 331 2024 386 dignemini
2063 345 2159 372 cum
2201 330 2370 371 effectu.

183 403 487 444 Commisimus
522 402 732 457 siquidem
766 403 825 447 ei,
871 408 917 442 ut
949 402 982 442 si
1016 402 1067 442 de
1102 402 1323 443 voluntate
1356 406 1499 443 vestra
1532 415 1586 442 ex
1626 396 1891 456 principibus
1924 401 2110 455 aliquem
2143 399 2300 440 viderit
2330 399 2373 440 in

182 472 334 512 eodem
383 472 555 525 negotio
600 475 877 526 oportunum,
924 474 970 510 ut
1011 474 1053 511 et
1092 471 1211 511 illum
1252 471 1518 512 confidenter
1558 470 1748 524 requirat
1787 469 1841 510 ad
1875 468 2183 510 occurrendum
2218 468 2300 509 sibi
2331 469 2376 509 in

184 541 367 581 salutem
402 540 583 580 nominis
617 539 852 580 christiani.

325 608 425 649 Dat.
458 608 570 663 apud
608 608 846 654 Coloniam,
879 607 1004 649 VIII,
1037 607 1215 662 Aprilis.

326 736 374 775 In
409 734 592 776 eundem
627 732 799 773 modum
834 733 1100 788 scripserunt
1134 733 1396 788 Ctonradus)
1430 733 1743 787 FrisingensiS,
1783 731 2069 787 F(ridericus)
2102 731 2375 773 Eistadensis

182 810 223 845 et
255 803 446 858 Ergeno)
482 802 751 843 Brixiuensis
785 802 977 857 episcopi
1011 816 1140 857 super
1173 802 1367 843 eode1n¹.

325 873 374 913 111
407 871 589 913 eundem
625 870 795 911 modum
829 871 998 925 scripsit
1030 870 1333 925 B(ertholdus)
1357 870 1692 925 Argentinensis
1727 870 1957 924 episcopus
1992 883 2120 924 super
2152 869 2317 910 eodem.

325 941 373 981 Ι11
408 940 590 982 eundem
625 939 795 979 modum
830 939 1000 993 scripsit
1032 938 1295 993 O(0nradus)
1330 939 1548 993 Spirensis
1583 939 1809 994 episcopus
1844 952 1972 993 super
2004 938 2168 980 eodem.

327 1011 375 1050 In
400 1009 583 1051 eundem
608 1007 779 1048 modum
805 1009 975 1063 scripsit
999 1007 1313 1062 H(ermannus)
1337 1007 1638 1063 Erbipolensis
1663 1008 1906 1063 episcopus.
1955 1006 2054 1049 Dat.
2077 1007 2190 1062 apud
2214 1006 2375 1049 Herbi-

183 1080 325 1134 polim.
359 1079 436 1119 VI.
471 1079 580 1120 Non.
615 1077 729 1123 Maii,
764 1078 890 1118 XIII.
925 1078 1083 1126 indict,
1117 1092 1228 1118 anno
1262 1078 1536 1133 pontificatus
1569 1079 1703 1119 nostri
1735 1075 2066 1131 quintodecimo.

329 1147 376 1187 111
412 1147 595 1188 eundem
629 1147 799 1187 modum
824 1147 996 1201 scripsit
1019 1145 1352 1202 Theod(e1·icus)
1376 1147 1656 1188 Treverensis
1681 1147 2034 1202 archiepiscopus
2059 1159 2187 1201 super
2210 1144 2376 1186 eodem.

323 1375 424 1417 226.
464 1375 766 1417 EPISTULA
798 1375 1100 1417 HEINRICI
1124 1374 1430 1417 LANDGRA
1443 1375 1535 1417 VII
1563 1374 1978 1417 THURINGIAE.
2039 1373 2148 1415 Mai.
2174 1376 2237 1415 11.

330 1457 397 1510 (7.
436 1456 629 1506 Balaam,
668 1456 765 1508 chj.
807 1456 904 1507 imp.
942 1455 986 1506 V,
1008 1458 1168 1498 4416&
1214 1480 1266 1484 —
1314 1455 1776 1497 Henllard-Bre'lefolles
1814 1455 1858 1505 V,
1882 1456 1975 1495 986.
2043 1455 2237 1505 Belcmer,
2276 1453 2375 1507 Rey.

185 1526 277 1576 imp.
315 1525 354 1575 Γ,
381 1527 531 1565 11202.
2027 1522 2096 1576 (P.
2117 1523 2236 1578 335.)

330 1650 378 1690 In
411 1650 595 1691 eundem
627 1651 717 1691 fere
752 1651 923 1691 modum
958 1651 1129 1706 scripsit
1152 1650 1409 1706 H(enricus)
1443 1651 1710 1705 lantgravius
1734 1650 1970 1704 Thuringie
1996 1663 2137 1691 comes
2160 1649 2378 1706 palatinus

188 1720 390 1769 Saxonie,
425 1734 580 1775 usque:

328 1803 598 1840 veneramur,
642 1789 675 1830 si
709 1793 946 1839 constaret,
988 1789 1101 1844 quod
1134 1804 1210 1844 per
1252 1789 1470 1830 dominum
1505 1792 1698 1829 nostrum
1739 1789 2045 1844 imperatorem
2085 1788 2198 1829 mala
2229 1788 2378 1829 huius-

187 1857 301 1898 modi
346 1859 663 1899 succrevissent
710 1863 783 1899 aut
827 1858 941 1912 quod
987 1859 1119 1899 nollet
1158 1858 1212 1899 ad
1258 1858 1529 1899 concordiam
1568 1859 1780 1910 revocari,
1824 1871 2082 1913 quamquam
2123 1857 2228 1912 ipsi,
2270 1857 2382 1897 sicut

187 1931 398 1967 tenemur.
432 1927 474 1966 in
506 1927 596 1967 iure
631 1941 706 1968 suo
740 1927 894 1968 deesse
928 1942 1011 1968 non
1042 1928 1259 1982 possimus
1294 1928 1436 1982 aliquo
1466 1931 1658 1982 tempore
1682 1932 1757 1968 aut
1780 1927 1975 1978 velimus,
2009 1931 2153 1967 tamen
2176 1930 2381 1980 tanquam

188 1994 328 2036 devoti
368 1996 439 2036 filii
486 2000 652 2050 partem
693 1997 840 2037 matris
885 1997 1070 2038 ecclesie
1114 1997 1378 2048 foveremus,
1427 1998 1504 2038 sub
1548 1996 1738 2038 eiusdem
1784 1995 1885 2037 fidei
1924 1995 2067 2036 debito
2101 2009 2176 2036 vos
2215 1999 2381 2036 certum

188 2064 369 2106 reddere
413 2066 655 2120 cupientes,
700 2065 813 2119 quod
854 2065 932 2106 hec
973 2065 1145 2106 domino
1187 2070 1335 2107 nostro
1376 2067 1627 2121 imperatori
1666 2065 1779 2106 nude
1825 2065 2020 2106 similiter
2053 2065 2304 2119 scripsimus
2337 2067 2380 2105 et

189 2148 408 2188 expresse.
470 2133 568 2174 Non
601 2135 733 2174 lateat
765 2135 896 2174 etiam
928 2135 1200 2175 sanctitatem
1235 2139 1421 2175 vestram
1453 2135 1689 2190 imperialis
1721 2135 1856 2175 virtus
1891 2138 1934 2175 et
1964 2137 2170 2189 potestas,
2202 2137 2380 2188 propter

189 2216 270 2256 que
309 2203 404 2243 leve
437 2216 522 2242 11011
555 2207 638 2254 est,
677 2206 843 2244 tantum
876 2203 1167 2243 Romanorum
1198 2203 1458 2258 principem,
1491 2204 1678 2259 plurium
1709 2217 1940 2257 regnorum
1972 2217 2140 2257 regem,
2171 2203 2214 2243 in
2245 2202 2377 2257 patri-

188 2271 328 2310 monio
360 2270 699 2322 habundantem,
731 2272 934 2312 iniuriose
957 2272 1120 2323 vexari,
1153 2271 1252 2312 dum
1275 2272 1378 2312 iuris
1408 2285 1560 2327 parere
1583 2271 1802 2313 desiderat
1824 2272 2015 2326 equitati.
2067 2270 2210 2322 Certe,
2241 2274 2378 2325 pater,

189 2338 294 2379 fides
327 2339 576 2380 devotorum
610 2340 797 2395 imperii,
840 2345 887 2380 ut
920 2344 1093 2381 cessent
1123 2340 1354 2395 premissa,
1390 2354 1435 2380 se
1469 2344 1671 2395 potenter
1702 2345 1942 2396 opponeret
1974 2344 2016 2380 et
2046 2343 2268 2395 patenter;
2301 2352 2378 2380 nec

189 2407 373 2449 credatis
406 2408 521 2448 aliud
554 2409 808 2450 assentatori
842 2409 969 2449 alicui
1003 2410 1263 2450 contrarium
1298 2410 1562 2464 suggerenti,
1597 2410 1667 2464 qui
1691 2409 1790 2450 dum
1822 2411 2034 2465 privatam
2059 2422 2234 2449 causam
2257 2421 2379 2449 suam

189 2477 339 2531 egerit,
374 2478 601 2518 ecclesiam
636 2482 678 2518 et
712 2491 785 2517 vos
821 2477 1006 2523 deseret,
1039 2483 1081 2519 et
1114 2479 1208 2519 eius
1241 2478 1352 2518 falsa
1384 2478 1606 2532 suggestio
1641 2482 1685 2519 et
1717 2478 1896 2533 perfidia
1927 2479 2187 2520 elucescent.
2240 2477 2380 2531 Igitur

189 2547 500 2601 compatientes
543 2547 666 2587 matri
709 2550 870 2597 nostre,
916 2560 997 2601 que
1038 2561 1115 2602 per
1152 2546 1447 2587 dilatationem
1488 2551 1530 2587 et
1569 2547 1750 2588 tutelam
1792 2547 1960 2602 imperii
2003 2547 2121 2602 pacis
2154 2550 2198 2587 et
2227 2546 2377 2587 salutis

188 2615 378 2669 recipere
420 2615 567 2655 debuit
609 2615 894 2665 incrementa,
944 2615 1256 2670 compatientes
1301 2616 1428 2656 etiam
1474 2615 1645 2656 domino
1690 2620 1732 2656 et
1772 2616 2021 2671 imperatori
2053 2619 2222 2666 nostro,
2266 2615 2379 2669 quod

188 2683 486 2724 tribulationes
519 2688 562 2724 et
593 2684 707 2724 mala
738 2685 948 2738 premissa
981 2688 1079 2724 sunt
1110 2684 1192 2724 hiis
1217 2684 1304 2724 suis
1328 2683 1595 2738 temporibus
1619 2689 1853 2735 reservata,
1887 2685 1939 2725 de
1963 2685 2178 2725 communi
2201 2683 2378 2725 consilio

188 2753 446 2807 principum,
489 2752 698 2793 baronum
733 2757 774 2792 et
807 2752 1032 2802 nobilium,
1067 2753 1139 2806 qui
1172 2752 1374 2803 aderant,
1413 2752 1589 2793 fratrem
1621 2757 1814 2793 nostrum
1849 2752 2092 2794 Oonradum
2124 2753 2380 2808 magistrum

189 2821 338 2862 domus
362 2821 710 2870 Teutonicorum,
744 2821 884 2861 zelum
907 2820 991 2862 Dei
1014 2825 1061 2861 ut
1085 2835 1309 2875 speramus
1334 2820 1580 2873 habentem,
1615 2835 1742 2876 quem
1766 2822 1896 2862 etiam
1920 2822 2166 2877 specialiter
2188 2825 2379 2863 vestrum

191 2897 231 2931 ct
265 2891 446 2931 ecclesie
479 2889 672 2931 Romane
708 2890 921 2930 sincerum
955 2890 1186 2930 zelatorem
1220 2889 1429 2941 novimus,
1463 2890 1687 2944 eligentes,
1721 2890 1774 2930 ad
1808 2890 1940 2945 pedes
1972 2891 2212 2932 sanctitatis
2235 2895 2379 2932 vestre

189 2959 390 2999 duximus
424 2957 819 3005 transmittendum;
853 2972 949 2998 cum
981 2958 1224 2999 humilitate
1258 2958 1502 2999 omnimoda
1535 2960 1842 3014 supplicantes,
1876 2960 2076 3014 quatinus
2099 2960 2142 3000 in
2167 2973 2216 3000 eo
2237 2959 2380 3011 modo,

190 3042 271 3081 quo
315 3027 467 3068 modus
510 3032 576 3067 est
623 3026 795 3067 modum
844 3027 887 3067 in
933 3027 1049 3082 pacis
1094 3031 1137 3067 et
1180 3026 1407 3068 concordie
1447 3027 1763 3069 adiectionibus
1807 3042 1893 3068 non
1936 3032 2105 3080 tenere,
2151 3028 2379 3070 ecclesiam

190 3096 271 3137 Dei
306 3103 385 3137 etc.
418 3102 465 3136 ut
497 3110 625 3151 supra
658 3110 813 3151 usque:
849 3095 1134 3136 commisimus
1169 3095 1381 3150 siquidem
1415 3096 1472 3147 ei,
1506 3100 1554 3136 ut
1586 3097 1618 3137 si
1654 3097 1706 3137 de
1738 3097 1959 3138 voluntate
1991 3101 2136 3138 vestra
2168 3111 2223 3138 ex
2255 3097 2380 3138 nobis

190 3152 355 3205 viderit·
370 3165 555 3219 aliquem
579 3166 619 3205 in
641 3165 790 3205 eodem
815 3165 989 3218 negotio
1008 3168 1265 3219 oportunum
1287 3169 1366 3205 etc.
1392 3179 1543 3220 usque:
1568 3167 1750 3207 nominis
1769 3166 1998 3207 christiani.
2044 3166 2200 3221 sieque
2221 3166 2379 3207 erimus

191 3239 485 3288 expectantes,
521 3234 654 3274 (10066
687 3233 739 3274 (16
772 3247 977 3288 responso
1012 3233 1127 3274 sedis
1161 3233 1393 3288 apostolice
1427 3238 1470 3275 et
1493 3233 1650 3274 domini
1683 3235 1819 3275 nostri
1851 3235 2122 3289 imperatoris
2146 3235 2200 3275 ab
2224 3235 2376 3276 eodem

192 3302 321 3342 fratre
356 3309 501 3342 nostro
536 3302 816 3343 dilectissimo
849 3303 1020 3357 plenius
1054 3303 1326 3343 instruamur.

334 3370 432 3412 Dat.
468 3371 708 3426 Herbipoli,
742 3370 820 3411 XI.
853 3371 969 3421 Maii,
1002 3370 1128 3412 XIII.
1162 3370 1246 3413 ind.

331 3494 361 3527 1›
392 3493 502 3528 Hunc
533 3495 709 3537 epistolum
743 3506 857 3529 mense
884 3496 987 3529 Maio
1013 3507 1063 3530 ca:
1093 3495 1192 3539 611)ch
1216 3495 1435 3539 Nordlinsjcn
1465 3495 1588 3529 datam
1620 3505 1689 3529 csse
1714 3495 1847 3529 censuit
1875 3495 1924 3528 rir
1947 3495 1986 3529 cl.
2007 3494 2135 3529 Ficker
2159 3494 2199 3527 in
2225 3494 2378 3539 116963115-

192 3550 274 3593 imp.
304 3550 341 3592 V,
361 3556 460 3584 4421.

2415 964 2446 988 10

2417 1479 2448 1504 15

2418 1880 2451 1905 20

2417 2218 2448 2244 25

2415 2566 2448 2591 30

2415 2907 2447 2932 35

2414 3249 2448 3274 40
