2558 3970
221 164 299 203 213
751 158 989 192 FRlDERlCl
1016 158 1060 192 II.
1087 156 1512 192 CONSTITUTIONES.
1564 158 1660 192 1233.
1708 158 1771 192 Nr.
1793 159 1866 192 176.

218 275 453 315 Henricum
488 274 538 315 de
574 274 834 314 Castelliono
870 281 911 313 et
944 272 1274 326 Mudalbergum
1314 273 1498 314 iudicem
1532 273 1715 313 civitatis
1748 272 1984 314 Mediolani
2017 278 2059 314 et
2090 273 2314 314 Tetocium
2348 273 2400 315 de

219 344 404 384 Tetociis
451 349 492 382 et
534 342 786 382 Paladinum
831 341 882 381 de
927 341 1052 381 Saloe
1095 341 1211 381 cives
1243 341 1392 382 Brixie
1433 347 1475 382 et
1507 341 1775 395 Paganinum
1814 341 2090 386 iudicemde
2122 341 2328 396 Vigontia
2359 345 2402 382 et

219 411 462 450 Tomasium
508 410 646 464 Caput
686 409 862 463 Nigrum
907 409 1090 448 civitatis
1124 408 1271 450 Padue
1315 413 1357 450 et
1388 409 1672 463 Bagarottum
1714 409 1859 463 legum
1898 408 2117 449 doctorem
2150 412 2192 450 et
2222 408 2399 449 Prema-

219 480 373 518 ‹lirium
409 478 459 518 dc
494 478 710 518 Ziriminis
745 477 795 517 de
819 477 1011 517 Bononia
1044 482 1086 517 91
1118 477 1293 518 Ρ91ι·11111
1319 477 1492 518 Caziam
1523 477 1706 518 iudicem
1731 477 1783 517 de
1806 476 2028 518 Placentia
2050 481 2093 518 et
2116 476 2404 518 Gaidanetum

219 547 269 587 119
315 547 491 587 Faentia
538 553 578 587 ct
622 546 826 586 Iacobum
866 544 917 585 de
959 544 1166 585 Axandro
1211 545 1396 587 iudicem
1441 546 1493 587 (19
1526 546 1725 595 Mantua,
1772 545 2076 586 ambaxatores
2116 545 2403 600 predictarum

218 616 437 655 civitatum
481 630 527 655 ac
571 615 755 655 sindicos
799 618 840 654 ct
879 618 1044 654 actores
1078 613 1307 655 Societatis
1347 614 1627 665 Lonibardie‚
1669 613 1863 654 Marchie
1905 618 1948 654 et
1985 613 2195 654 Romanie
2232 617 2275 654 et
2307 626 2402 668 pre-

218 684 425 724 dictarum
465 684 705 723 civitatum.
749 696 887 722 coram
931 697 995 728 se,
1043 687 1088 722 ut
1128 687 1331 723 tractaret
1364 697 1490 737 super
1522 683 1635 723 facto
1670 682 1968 736 compromissi
2000 682 2102 722 facti
2133 681 2175 722 in
2208 681 2403 723 dominos

219 752 477 792 cardinales⁴
520 752 685 791 scilicet
731 750 928 791 iacobum
961 751 1262 791 Prenestinum
1304 751 1488 791 electum
1530 755 1572 791 et
1603 750 1829 792 Oddonem
1869 750 1981 790 tituli
2015 749 2162 790 Sancti
2193 749 2404 805 Nicholay

219 821 258 860 in
295 820 481 861 Carcerc
515 820 726 862 Tulliano,
761 823 803 859 et
835 818 1025 859 dedisset
1058 820 1118 860 eis
1151 824 1237 859 tres
1273 819 1527 867 cardinales,
1561 820 1724 860 scilicet
1746 818 1982 860 Iohannem
2013 817 2064 858 de
2089 818 2331 874 Oolumpna
2362 823 2405 860 et

220 889 484 943 Stephanum
520 888 729 928 Comitem
763 892 804 927 ct
837 887 1047 942 prefatum
1082 885 1327 937 Oddonem,
1371 888 1442 941 qui
1475 901 1569 928 cum
1609 888 1671 928 eis
1705 886 1901 928 audirent
1932 892 1974 928 et
2005 891 2258 937 tractarent,
2292 886 2403 941 quod

219 957 450 997 Lonibardi
485 957 644 997 vellent
691 957 784 997 fieri
824 956 936 996 circa
975 955 1167 1010 predicta
1205 970 1281 1010 per
1323 955 1541 996 dominum
1583 970 1738 1010 papam
1778 960 1819 996 et
1851 955 1942 996 eius
1980 955 2159 1007 fratresa
2202 959 2245 996 et
2276 955 2406 996 etiam

220 1034 403 1066 tractatu
440 1026 585 1066 habito
619 1039 711 1065 cum
748 1026 809 1065 915
843 1029 885 1065 91
919 1023 1074 1065 auditis
1108 1023 1172 1064 his
1207 1038 1288 1078 que
1322 1024 1375 1065 ab
1408 1024 1512 1079 ipsis
1546 1023 1835 1065 cardinalibus
1868 1024 2040 1065 fuerunt
2072 1024 2312 1079 proposita:
2346 1024 2405 1064 ita

219 1097 487 1148 propositum
521 1095 599 1134 fuit
632 1102 783 1147 postea
817 1093 989 1133 domino
1022 1106 1132 1147 pape
1166 1098 1207 1133 et
1241 1093 1282 1132 in
1315 1093 1483 1147 scriptis
1524 1098 1764 1148 porrectum
1798 1097 1841 1134 et
1870 1094 2029 1134 lectum
2062 1092 2202 1133 eidem
2233 1092 2405 1136 domino

218 1177 326 1217 pape
359 1178 434 1218 per
466 1163 695 1217 predictos.
728 1168 773 1202 ut
806 1163 985 1202 inferius
1019 1162 1274 1202 continetur.
1337 1161 1461 1208 Quod
1495 1161 1701 1217 scriptum
1734 1162 1836 1203 fecit
1867 1161 1925 1203 ibi
1957 1161 2066 1202 tradi
2096 1165 2139 1202 et
2161 1160 2252 1202 dari
2284 1160 2405 1201 fratri

221 1231 401 1271 Iohanni
435 1231 695 1271 cubiculario
730 1245 819 1272 suo.
884 1231 1029 1271 Series
1063 1233 1206 1270 autem
1240 1229 1418 1284 predicti
1450 1231 1597 1285 scripti
1629 1231 1707 1271 hec
1740 1235 1823 1271 est:

366 1299 427 1339 ·In
462 1300 628 1340 nomine
662 1299 846 1339 Domini.
908 1299 1049 1353 Super
1092 1298 1277 1352 capitulo
1309 1298 1361 1338 de
1403 1298 1719 1350 satisfactione,
1763 1312 1844 1353 que
1875 1299 2053 1353 petitur,
2094 1297 2405 1353 respondemus

221 1382 294 1422 pro
331 1367 544 1408 Societate
577 1367 849 1418 Lombardie,
882 1367 1072 1407 Marchie
1106 1371 1149 1407 et
1179 1367 1392 1408 Romanie
1425 1371 1467 1408 et
1499 1367 1678 1421 singulis
1712 1366 1968 1417 civitatibus,
2001 1367 2107 1408 locis
2139 1371 2181 1407 et
2212 1366 2408 1421 personis

220 1436 507 1490 singularibus
552 1451 633 1491 que
675 1437 716 1476 in
749 1450 799 1476 ea
833 1435 1052 1476 Societate
1086 1436 1380 1486 eontinentur,
1422 1435 1535 1490 quod
1574 1436 1691 1476 nulla
1723 1435 1851 1476 debet
1888 1436 1978 1476 fieri
2010 1435 2268 1486 satisfactio,
2312 1449 2406 1475 cum

220 1506 334 1545 nulla
367 1505 496 1545 fuerit
529 1505 693 1545 iniuria.
805 1504 944 1559 Super
967 1504 1149 1544 articulo
1174 1504 1416 1544 securitatis
1438 1503 1635 1545 faciende
1659 1503 1912 1545 Lombardis
1935 1507 1978 1544 et
2000 1503 2125 1545 modo
2147 1504 2403 1546 inveniendo

220 1589 271 1614 ne
306 1573 502 1614 ledantur
533 1577 701 1628 petunt,
743 1576 788 1612 ut
821 1572 1041 1613 ordinetur
1073 1587 1148 1627 per
1180 1572 1399 1613 dominum
1432 1587 1587 1627 papam
1621 1577 1664 1613 et
1697 1573 1786 1613 eius
1821 1573 1999 1624 curiam,
2033 1573 2147 1628 quod
2178 1574 2409 1628 imperator

2444 902 2475 926 10

2444 1242 2474 1266 15

2445 1593 2478 1618 20

223 1643 288 1683 vel
325 1657 399 1682 rex
432 1642 499 1683 vel
533 1642 746 1696 principes
783 1642 877 1682 eius
909 1656 993 1681 non
1017 1641 1203 1682 debeant
1235 1642 1395 1682 intrare
1423 1641 1742 1692 Lombardiam,
1774 1641 2010 1682 Marchiam
2034 1656 2113 1683 nec
2136 1642 2407 1693 Romaniam‚
2466 1680 2470 1682 ,

222 1711 356 1751 donec
392 1711 601 1765 complete
635 1711 885 1751 confirmata
915 1710 1074 1750 fuerint
1106 1710 1247 1750 omnia
1279 1724 1361 1765 que
1394 1714 1632 1751 tractantur
1665 1725 1741 1765 per
1773 1710 1989 1751 dominum
2021 1724 2175 1765 papam
2208 1710 2260 1752 de
2293 1724 2405 1751 com-

220 1780 430 1834 positione
464 1779 661 1819 facienda
694 1783 735 1819 et
768 1778 976 1819 firmanda
1008 1779 1118 1819 inter
1150 1780 1452 1834 imperatorem
1487 1783 1530 1820 et
1553 1779 1817 1820 Societatem
1846 1779 2118 1831 Lombardie,
2152 1779 2342 1821 Marchie
2365 1785 2408 1821 et

220 1849 444 1889 Romanie.
566 1847 673 1888 Item
707 1848 820 1901 quali
854 1851 1047 1902 tempore
1080 1848 1225 1889 venire
1259 1848 1446 1889 debeant
1478 1853 1522 1889 et
1553 1852 1712 1903 quanto
1745 1853 1939 1903 tempore
1972 1852 2085 1889 stare
2118 1853 2161 1889 et
2182 1862 2259 1903 per
2280 1862 2407 1904 quem

221 1917 382 1957 locum.
425 1922 596 1971 petunt,
647 1920 875 1970 antequam
923 1917 1084 1957 intrent
1122 1916 1427 1958 Lombardiam
1469 1917 1537 1958 vel
1580 1916 1817 1957 Marchiam
1865 1918 1932 1957 vel
1974 1916 2250 1969 Remmiam,
2295 1917 2408 1972 quod

221 1986 411 2026 debeant
445 1985 674 2039 significari
709 1985 955 2026 civitatibus
990 1986 1041 2026 de
1077 1986 1294 2027 Societate
1328 1990 1371 2027 et
1402 1986 1640 2027 rectoribus
1669 1985 1896 2026 Societatis
1927 1985 2120 2041 predicte
2148 1985 2202 2027 ab
2226 1987 2410 2028 ecclesia

222 2055 287 2094 vel
321 2055 374 2094 ab
410 2055 687 2108 imperatore:
728 2058 770 2094 et
803 2059 922 2104 tunc7
971 2054 1207 2095 secundum
1241 2054 1354 2109 quod
1388 2055 1450 2096 eis
1481 2055 1642 2095 iustum
1674 2055 1811 2095 visum
1844 2054 1972 2095 fuerit
2004 2054 2057 2095 ad
2089 2054 2294 2096 honorem
2326 2055 2410 2097 Dei

222 2132 263 2163 et
310 2127 582 2163 sacrosancte
622 2122 815 2164 Romane
859 2124 1043 2164 ecclesie
1084 2127 1126 2165 et
1170 2124 1324 2164 summi
1364 2123 1579 2178 pontificis
1619 2124 1857 2179 pertinere,
1897 2122 2221 2178 respondebunt
2261 2124 2324 2164 illi
2357 2123 2408 2165 de

225 2192 439 2231 Societate
475 2197 516 2231 et
549 2190 779 2245 disponent
811 2190 863 2231 de
896 2191 1116 2246 predictis.
1236 2192 1302 2233 De
1335 2206 1513 2232 numero
1547 2193 1742 2243 militum,
1775 2193 1844 2247 qui
1875 2192 2043 2233 venturi
2075 2196 2213 2243 erunt,
2245 2196 2412 2247 petunt,

223 2259 334 2313 quod
368 2273 449 2299 non
483 2260 657 2299 veniant
701 2259 813 2299 ultra
846 2264 1016 2300 centum
1060 2265 1103 2300 et
1143 2261 1235 2301 sine
1276 2261 1404 2301 armis
1438 2264 1480 2301 et
1512 2275 1597 2301 non
1629 2260 1816 2301 debeant
1846 2260 1988 2302 facere
2021 2261 2090 2302 vel
2122 2264 2306 2302 tractare
2338 2261 2408 2302 vel

223 2341 394 2367 movere
429 2328 615 2381 aliquam
647 2341 847 2380 guerram
882 2329 948 2368 vel
981 2329 1231 2369 violentiam
1265 2330 1332 2370 vel
1364 2343 1598 2383 gravamen
1631 2329 1758 2370 alicui
1790 2329 1858 2370 vel
1890 2329 2123 2384 aliquibUS‚
2156 2343 2236 2371 nec
2268 2329 2408 2371 eundo

225 2397 288 2436 vel
324 2396 493 2436 stando.
530 2396 596 2437 vel
631 2402 795 2450 partem
829 2411 983 2451 capere
1016 2398 1058 2437 in
1100 2398 1242 2452 aliqua
1275 2399 1448 2438 civitate
1481 2399 1550 2438 vel
1582 2398 1674 2439 1090
1709 2398 1938 2439 Societatis
1971 2398 2178 2453 predicte.
2297 2397 2410 2438 Item

223 2465 335 2518 quod
370 2465 531 2505 nullum
565 2478 797 2519 gravamen
830 2465 961 2505 faciat
993 2466 1228 2520 imperator
1260 2467 1387 2506 alicui
1415 2459 1581 2507 'homini
1606 2466 1672 2506 vel
1704 2467 1798 2507 1090
1821 2480 1898 2521 pro
1923 2481 1987 2518 90,
2021 2465 2160 2521 quodb
2192 2466 2234 2507 in
2258 2466 2408 2508 Socie-

225 2540 356 2574 tatem
392 2534 615 2574 intraverit
638 2534 704 2574 vel
738 2534 834 2587 quia
859 2534 913 2574 sit
936 2533 987 2574 de
1013 2534 1246 2575 Societate.
1359 2534 1470 2576 Item
1494 2535 1608 2589 quod
1629 2534 1826 2576 dominus
1848 2535 2081 2590 imperator
2104 2535 2245 2576 omnia
2267 2536 2410 2577 banna

225 2609 265 2642 ct
313 2606 470 2642 statuta
517 2608 559 2642 et
603 2601 900 2643 ordinamenta
940 2607 982 2643 91
1025 2602 1166 2643 edicta
1209 2617 1286 2644 seu
1319 2602 1494 2644 decreta
1527 2607 1569 2644 et
1608 2603 1729 2658 leges
1762 2608 1804 2644 et
1836 2604 2163 2645 constitutiones
2195 2604 2310 2645 facta
2340 2604 2409 2645 vel

226 2672 361 2711 factas
396 2676 437 2711 et
471 2671 710 2711 sententias
740 2671 851 2711 latas
887 2685 960 2725 per
983 2671 1202 2712 dominum
1234 2672 1539 2726 imperatorem
1562 2673 1631 2712 vel
1655 2685 1756 2713 suos
1780 2672 1952 2713 nuntios
1977 2677 2124 2714 contra
2149 2672 2410 2714 Societatem

226 2739 505 2780 Lombardie.
548 2738 739 2780 Marchie
773 2744 815 2780 et
848 2739 1054 2780 Romanie
1089 2740 1157 2780 vel
1197 2745 1344 2781 contra
1378 2740 1598 2781 civitatem
1630 2741 1820 2795 aliquam
1853 2742 1920 2782 vel
1952 2742 2092 2782 locum
2125 2742 2192 2782 vel
2224 2746 2410 2783 castrum

226 2810 291 2848 vel
328 2809 587 2861 singularem
622 2821 852 2863 personam
877 2809 945 2849 vel
970 2809 1294 2849 universitatem
1319 2809 1371 2850 de
1394 2809 1490 2864 ipsa
1514 2809 1736 2850 Societate
1769 2809 1925 2850 debeat
1947 2823 2149 2851 revocare
2174 2814 2216 2851 et
2238 2824 2411 2851 cassare

227 2886 266 2917 et
300 2877 486 2927 irritare‚
517 2881 558 2916 et
591 2876 769 2931 perinde
804 2876 1071 2917 habeanturc
1103 2891 1152 2918 ac
1187 2877 1221 2917 si
1254 2877 1368 2918 facta
1391 2877 1459 2918 vel
1492 2876 1607 2918 dicta
1630 2877 1696 2918 vel
1727 2878 1815 2918 lata
1847 2891 1929 2918 non
1952 2882 2117 2925 essent3
2150 2882 2192 2920 et
2214 2879 2413 2920 restituat

226 2959 373 2985 omnes
408 2945 602 2985 civitates
637 2950 679 2985 et
711 2945 804 2986 loca
837 2950 880 2985 et
913 2949 1054 2986 castra
1086 2950 1128 2986 et
1160 2946 1399 2999 singulares
1431 2959 1640 3000 personas
1673 2946 1841 3000 prefate
1865 2945 2094 2987 Societatis
2115 2947 2158 2987 in
2181 2946 2408 3001 pristinum

228 3017 406 3052 statum.
449 3027 529 3066 quo
571 3018 693 3053 erant
731 3018 828 3053 ante
867 3013 1081 3068 predicta,
1125 3018 1168 3054 et
1201 3028 1274 3054 eos
1306 3015 1348 3054 in
1382 3028 1503 3055 suam
1536 3015 1726 3069 graciam
1758 3015 1942 3070 recipiat
1973 3019 2016 3056 et
2045 3015 2245 3056 restituat
2277 3018 2319 3055 et
2351 3015 2412 3056 eis

227 3082 356 3120 faciat
389 3094 554 3134 pacem.
674 3081 783 3122 Item
818 3082 929 3136 quod
974 3083 1116 3123 omnia
1156 3083 1381 3137 privilegia
1420 3087 1461 3124 et
1502 3084 1805 3124 concessiones
1847 3083 1962 3124 facta
1994 3087 2035 3124 et
2066 3083 2200 3124 factas
2234 3083 2287 3124 ab
2319 3084 2411 3138 ipso

229 3150 484 3203 imperatore
520 3156 561 3189 et
594 3150 939 3190 antecessoribus
973 3151 1064 3190 eius
1100 3151 1187 3191 sive
1221 3151 1385 3192 nunciis
1419 3151 1505 3192 suis
1539 3165 1616 3192 seu
1648 3152 1702 3192 ab
1736 3151 1880 3206 aliquo
1915 3165 2062 3192 eorum
2094 3151 2221 3192 alicui
2249 3151 2411 3192 civitati

228 3218 293 3257 vel
328 3218 419 3257 loco
453 3218 521 3258 vel
555 3224 692 3258 castro
726 3218 792 3258 vel
826 3218 1031 3272 singulari
1068 3233 1253 3273 persone
1292 3219 1344 3260 de
1386 3220 1478 3274 ipsa
1512 3219 1730 3261 Societate
1773 3220 2016 3268 confirmet;
2064 3224 2107 3261 et
2147 3219 2409 3261 Societatem

229 3284 463 3337 predictam
505 3286 726 3326 confirmet
765 3291 1009 3340 presentem
1051 3291 1093 3327 et
1133 3287 1331 3328 futuram.
1452 3288 1564 3329 Item
1597 3288 1741 3329 omnia
1772 3288 1969 3343 predicta
2001 3289 2303 3329 confirmentur
2333 3303 2410 3343 per

230 3352 532 3405 imperatorem
568 3357 608 3393 et
640 3353 853 3407 principes
888 3354 999 3403 eius,
1043 3355 1205 3395 scilicet
1236 3355 1476 3396 iuramento
1520 3356 1703 3410 prestito
1735 3356 1788 3397 ab
1821 3357 1962 3411 aliquo
1994 3357 2161 3398 iurante
2193 3357 2235 3396 in
2267 3357 2410 3397 anima

230 3420 499 3473 imperatoris
540 3422 628 3461 eius
670 3421 870 3462 mandato
915 3426 957 3462 et
997 3427 1264 3463 sacramento
1300 3423 1586 3478 corporaliter
1619 3424 1797 3478 prestito
1831 3438 1854 3464 a
1886 3423 2055 3464 domino
2087 3423 2274 3465 Henrico
2306 3437 2408 3478 rege

230 3488 319 3528 eius
363 3488 447 3527 filio
489 3499 528 3528 et
566 3490 618 3529 ab
660 3490 856 3530 omnibus
899 3490 1164 3544 principibus
1214 3504 1373 3531 eorum.
1496 3491 1604 3532 Item
1643 3491 1754 3546 quod
1786 3492 1980 3533 dominus
2012 3506 2122 3547 papa
2153 3495 2195 3532 et
2226 3492 2410 3533 ecclesia

371 3612 452 3646 176.
484 3613 513 3653 b)
543 3614 629 3645 deest
655 3626 679 3645 c.
798 3621 827 3655 υ)
854 3616 999 3647 habeant
1023 3627 1049 3647 c.

2448 1937 2480 1963 25

2446 2279 2479 2304 30

2446 2622 2478 2647 35

2447 2962 2480 2986 40

2445 3301 2476 3326 45
