2558 3970
1 3106 82 3140 Sept,
104 3111 127 3133 5«.

175 156 226 194 32
685 152 894 187 o'rTOle
922 152 978 186 IV.
1007 151 1436 187 CONS'l'ITUTlONES.
1488 152 1584 186 1208.
1636 152 1769 187 Nr.26.
1796 152 1850 186 27.

176 268 313 307 bimus
347 268 463 307 iuxta
499 268 722 307 consilium
756 267 1069 321 archiepiscopi
1103 266 1310 318 stabilire,
1344 272 1385 308 ct
1415 268 1506 322 ipsc
1531 267 1654 307 nobis
1686 267 1897 321 prestabit
1920 267 2018 307 fidei
2043 271 2358 308 sacramentum

173 340 215 374 et
247 336 406 376 serviet
439 336 563 376 nobis
596 340 814 389 tamquam
853 335 1026 375 domino
1065 349 1140 375 suo
1173 336 1277 390 regi.
1397 334 1490 390 (18)
1526 335 1569 376 Si
1602 349 1703 377 vero
1737 349 1866 390 super
1906 336 2148 378 hereditate
2182 336 2361 377 fratrum

173 409 415 443 nostrorum
449 409 491 444 et
523 417 751 458 puerorum
785 417 957 443 suorum
998 404 1081 458 ipsi
1119 404 1375 458 promissum
1416 408 1608 444 nostrum
1647 417 1821 444 servare
1854 405 2084 455 noluerint,
2122 418 2201 445 nos
2234 418 2362 459 super

173 471 252 512 hoc
287 472 506 511 consilium
539 472 851 526 archiepiscopi
884 472 1092 512 faciemus
1126 476 1169 513 et
1200 472 1242 512 in
1275 473 1365 512 eius
1399 472 1594 513 amicicia
1628 472 1911 514 manebimus.

444 901 533 969 27.
580 898 1121 969 EPISTOLA
1170 899 1313 969 AD
1374 898 2095 970 PONTIFIOEM.

1060 1024 1228 1080 (10208.
1265 1024 1352 1070 Iul.
1381 1024 1477 1080 ex.)

311 1167 439 1208 Dedit
470 1168 531 1208 vir
570 1167 607 1207 d.
642 1167 775 1219 Tungyl
805 1181 824 1207 c
855 1167 1041 1220 Reyz'strt
1072 1168 1310 1209 Innocenti&
1340 1168 1429 1208 III.
1462 1170 1553 1210 tom.
1587 1168 1657 1218 VI,
1691 1167 1773 1222 fol.
1795 1170 1851 1208 38
1889 1181 1949 1221 ep.
1973 1170 2055 1208 161
2094 1171 2173 1220 (ep.
2206 1169 2289 1208 160
2319 1167 2364 1208 in

166 1236 413 1277 editionibus
444 1235 628 1287 Reflislre'
666 1236 713 1276 (lc
752 1237 910 1288 oeeyote'o
943 1237 1137 1288 imperii),
1179 1236 1250 1277 rubi
1292 1236 1535 1277 inscribam·
1573 1237 1738 1278 Littere
1773 1236 1944 1278 Ottonis
1984 1237 2098 1291 regis
2131 1237 2174 1277 in
2205 1236 2364 1277 Roma-

169 1320 316 1346 norum
350 1307 654 1360 imperatorem
688 1305 829 1345 electi.
864 1330 916 1334 —
948 1304 1143 1355 Bo'lmncr,
1176 1304 1275 1357 Ray.
1310 1305 1406 1357 inm.
1439 1305 1483 1355 V,
1505 1307 1603 1347 240.
2013 1304 2082 1357 (P.
2103 1305 2222 1360 215.)

309 1441 567 1483 Reverendo
602 1441 644 1482 in
669 1441 840 1482 Christo
873 1442 983 1496 patri
1014 1455 1062 1482 ac
1097 1441 1282 1491 domino,
1318 1441 1543 1483 carissimo
1576 1441 1749 1483 domino
1780 1441 2071 1496 I(nnocentio)
2104 1441 2190 1483 Dei
2219 1442 2360 1496 gratia

168 1516 316 1552 sancte
344 1511 539 1552 Romane
575 1511 690 1551 sedis
724 1524 889 1551 summo
932 1510 1124 1565 pontifici
1158 1510 1299 1564 O(tto)
1336 1510 1488 1551 eadem
1527 1511 1666 1565 gratia
1700 1515 1743 1552 et
1776 1525 1853 1552 sua
1885 1510 2179 1551 Romanorum
2211 1524 2290 1551 rex
2322 1512 2366 1551 et

166 1594 336 1635 semper
368 1586 576 1634 augustus
610 1579 799 1620 debitam
834 1579 1147 1620 subiectionem
1182 1593 1231 1620 ac
1266 1580 1558 1620 reverentiam
1594 1594 1689 1620 cum
1721 1580 1839 1620 filiali
1874 1579 2119 1620 dilectione.

310 1648 433 1696 Quod
466 1649 674 1689 hactenus
706 1648 879 1699 fuimus,
913 1647 1026 1702 quod
1060 1662 1207 1688 sumus
1241 1652 1314 1688 aut
1347 1649 1522 1698 erimus,
1563 1636 1771 1703 quantum
1804 1648 1859 1689 ad
1891 1648 2013 1702 regni
2047 1648 2234 1703 pertinet
2265 1661 2364 1702 pro-

166 1718 411 1765 motionem,
445 1722 582 1758 totum
616 1716 739 1757 vobis
774 1722 816 1757 et
850 1716 1031 1757 ecclesie
1054 1717 1249 1758 Romane
1282 1721 1380 1771 post
1403 1717 1544 1758 Deum
1577 1717 1804 1767 debentes,
1839 1717 1952 1772 quod
1976 1721 2019 1758 et
2042 1715 2362 1772 gratantissime

166 1786 524 1840 recognoscimus,
557 1800 631 1841 pro
656 1786 852 1826 omnibus
876 1790 1018 1826 vestre
1043 1786 1182 1839 gratie
1213 1786 1435 1827 beneficiis
1461 1786 1701 1827 uberrimas
1727 1785 1943 1826 sanctitati
1968 1789 2113 1826 vestre
2137 1785 2362 1826 referimus

165 1856 371 1896 actiones.
405 1869 508 1909 erga
539 1869 615 1895 vos
650 1860 692 1895 et
724 1868 871 1895 omnes
905 1855 1060 1909 quibus
1093 1855 1254 1895 bonum
1287 1856 1415 1895 vultis
1450 1855 1688 1896 exhibitam
1714 1854 1834 1896 nobis
1857 1855 2176 1909 benignitatem
2201 1853 2363 1895 studio-

166 1924 332 1964 sissime
366 1938 536 1979 semper
568 1924 775 1964 merituri.
829 1923 986 1965 Vestre
1012 1923 1190 1979 proinde
1213 1924 1464 1979 paternitati
1486 1924 1778 1965 attentissime
1803 1924 2109 1979 supplicamus,
2144 1927 2189 1964 ut
2208 1922 2365 1964 intuitu

166 1993 301 2033 omnis
335 1992 575 2033 devotionis
610 1997 755 2034 nostre
790 1996 833 2033 et
861 1992 1034 2033 honoris
1059 1992 1142 2033 Dei
1166 2007 1215 2033 ac
1239 1993 1371 2034 vestri
1402 1993 1537 2048 ipsius
1571 2007 1620 2033 ac
1650 1993 1936 2048 promotionis
1960 1992 2146 2033 ecclesie
2168 1991 2364 2034 Romane

165 2068 377 2117 respectu.
413 2075 467 2102 ex
500 2075 582 2116 quo
616 2061 913 2102 misericordia
935 2061 1033 2112 Dei,
1068 2066 1114 2102 ut
1146 2076 1385 2117 speramus,
1420 2062 1744 2116 consanguineo
1768 2066 1912 2102 nostro
1938 2061 2107 2102 sublato
2131 2060 2183 2102 de
2207 2060 2363 2114 medio,

164 2137 332 2186 tempus
366 2130 486 2171 vobis
528 2130 706 2171 contulit
746 2130 946 2180 faciendi,
989 2143 1114 2171 omne
1149 2134 1291 2171 vestre
1325 2130 1598 2171 discretionis
1632 2130 1854 2171 consilium
1890 2134 1932 2171 et
1972 2130 2180 2171 auxilium
2212 2132 2358 2171 nostre

162 2200 428 2254 promotioni,
477 2213 558 2254 que
604 2200 694 2240 sine
744 2198 872 2239 dubio
917 2203 1061 2239 vestra
1110 2204 1188 2249 est,
1238 2199 1498 2255 propensius
1546 2199 1822 2254 impendatis,
1894 2199 2016 2241 Scire
2057 2202 2258 2254 preterea
2288 2211 2364 2239 vos

163 2269 371 2319 volumus,
405 2267 517 2323 quod
551 2267 906 2323 archiepiscopus
940 2268 1331 2323 Magdeburgensis
1366 2272 1407 2309 ct
1439 2303 1446 2310 .
1477 2301 1483 2308 .
1517 2268 1883 2309 Haluestadensis
1925 2271 1967 2308 et
2000 2267 2242 2308 Mindensis
2275 2267 2363 2323 epi-

165 2338 284 2392 scopi
317 2337 370 2378 ad
402 2343 596 2377 nostrum
630 2336 838 2378 auxilium
863 2341 906 2378 et
931 2337 1155 2377 servitium
1179 2341 1470 2378 accesserunt.
1525 2337 1591 2378 De
1615 2337 1725 2378 duce
1748 2337 1972 2378 Bernardo
1998 2337 2160 2387 sciatis,
2191 2336 2364 2377 nuntios

163 2412 331 2447 nostros
365 2420 415 2446 eo
449 2405 516 2446 die
559 2419 641 2460 quo
682 2405 757 2445 has
789 2406 956 2446 litteras
990 2406 1111 2446 vobis
1145 2406 1457 2447 destinavimus
1492 2420 1590 2446 cum
1622 2407 1716 2461 ipso
1748 2406 1899 2458 fuisse,
1939 2410 1981 2447 et
2014 2419 2064 2447 eo
2096 2419 2233 2460 usque
2267 2419 2362 2446 cum

163 2476 256 2530 ipso
291 2479 431 2516 actum
465 2489 573 2518 esse.
607 2479 652 2515 ut
686 2489 783 2515 eum
815 2475 986 2515 omnino
1011 2488 1233 2529 speremus
1267 2475 1310 2515 in
1342 2479 1490 2515 nostra
1513 2475 1721 2516 fidelitate
1752 2478 1795 2515 et
1817 2475 1990 2515 servitio
2017 2488 2358 2529 permansurum.

164 2544 313 2584 Frater
347 2548 491 2583 noster
522 2543 736 2597 palatinus
768 2557 912 2583 comes
945 2543 1069 2594 Reni,
1104 2543 1198 2584 Deo
1233 2544 1408 2598 gratias,
1444 2543 1497 2584 ad
1531 2548 1720 2584 nostram
1755 2544 1923 2597 integre
1960 2543 2086 2584 rediit
2118 2543 2362 2591 caritatem;

164 2621 205 2653 et
239 2626 293 2653 ex
326 2626 407 2667 quo
440 2616 633 2652 mortuus
667 2612 745 2652 fuit
775 2612 1118 2662 consanguineus
1152 2616 1310 2664 noster,
1344 2612 1467 2653 nobis
1492 2613 1620 2653 etiam
1654 2613 1967 2667 ignorantibus,
2002 2626 2077 2653 nos
2100 2611 2143 2652 in
2165 2611 2363 2653 omnibus

164 2680 316 2735 quibus
358 2694 613 2735 promovere
656 2680 796 2735 potuit
834 2695 918 2721 non
958 2681 1160 2723 cessavit.
1231 2681 1448 2736 Spirensis
1498 2682 1627 2722 etiam
1667 2681 1895 2736 episcopus
1930 2681 2052 2722 nobis
2087 2680 2364 2722 securitatem

162 2749 263 2790 fecit
308 2756 348 2789 ct
391 2754 579 2789 nostram
625 2762 700 2803 per
741 2750 884 2789 omnia
925 2749 1069 2790 studet
1108 2749 1340 2790 utilitatem
1381 2754 1423 2790 et
1462 2750 1685 2790 honorem.
1757 2749 1881 2790 Multi
1919 2754 2118 2804 preterea
2151 2749 2357 2804 episcopi,

163 2818 357 2865 abbates,
391 2817 575 2857 barones
609 2822 651 2857 et
683 2817 909 2858 castellani
943 2823 985 2858 et
1017 2818 1336 2867 ministeriales,
1370 2823 1457 2858 tam
1490 2819 1532 2858 in
1567 2817 1730 2858 Sueuia
1764 2832 1890 2872 quam
1925 2818 2038 2858 circa
2068 2822 2214 2872 partes
2246 2817 2358 2859 Reni

167 2888 409 2941 superiores
443 2893 485 2927 et
517 2886 743 2927 inferiores
777 2891 820 2927 et
851 2887 956 2927 alias
992 2888 1033 2926 in
1065 2887 1245 2941 imperio
1271 2888 1507 2937 constituti,
1543 2887 1595 2928 de
1631 2901 1705 2927 suo
1739 2887 1862 2928 nobis
1889 2886 2064 2928 servitio
2088 2890 2130 2927 et
2152 2885 2361 2927 fidelitate

166 2956 430 3010 scripserunt
463 2959 505 2996 et
535 2968 611 3009 per
643 2955 793 2995 fideles
828 2956 1000 2995 nuntios
1035 2955 1362 3005 mandaverunt,
1397 2955 1471 2996 sed
1504 2970 1580 3010 pro
1615 2956 1816 3010 angustia
1849 2955 2054 3010 temporis
2085 2958 2128 2996 et
2160 2954 2362 2995 distantia

164 3025 354 3064 locorum
386 3024 438 3064 ad
471 3037 547 3063 nos
581 3023 720 3063 adhuc
755 3024 1034 3078 corporaliter
1067 3023 1275 3065 accedere
1308 3025 1482 3065 minime
1518 3029 1764 3079 potuerunt.
1820 3023 2066 3065 Orientales
2091 3023 2220 3064 etiam
2243 3023 2360 3078 prin-

168 3093 283 3146 cipes
317 3092 429 3132 diem
463 3091 688 3147 quendam,
722 3092 924 3132 videlicet
947 3093 1216 3133 nativitatem
1249 3092 1375 3133 beate
1409 3093 1600 3147 virginis,
1625 3092 1924 3134 YVerceburch
1950 3096 2204 3143 statuerunt,
2238 3091 2360 3147 quasi

166 3160 217 3200 de
260 3161 439 3214 imperio
474 3160 728 3200 ordinaturi:
774 3174 857 3214 quo
900 3165 942 3200 et
982 3161 1087 3201 alios
1120 3161 1336 3215 principes
1370 3161 1516 3202 venire
1550 3161 1707 3202 hortati
1742 3166 1855 3212 sunt,
1900 3166 1941 3202 et
1974 3161 2097 3201 nobis
2131 3160 2183 3201 de
2216 3160 2283 3201 die
2316 3164 2359 3202 et

164 3229 258 3268 loco
292 3227 615 3269 mandaverunt.
680 3227 895 3268 Consuete
929 3228 1060 3282 igitur
1092 3229 1385 3270 benivolentie
1419 3234 1560 3270 vestre
1595 3234 1637 3270 et
1676 3231 1717 3271 in
1751 3230 1951 3270 omnibus
1991 3229 2172 3285 probate
2206 3229 2360 3270 iterum

165 3296 439 3337 devotissime
474 3297 777 3351 supplicamus,
812 3301 858 3336 ut
892 3297 1003 3337 sicut
1023 3298 1147 3338 nobis
1172 3303 1215 3339 et
1239 3298 1359 3339 vobis
1382 3299 1590 3339 noveritis
1616 3299 1836 3354 expedire,
1874 3297 2138 3353 generaliter
2160 3297 2360 3338 omnibus

165 3364 441 3418 principibus.
475 3370 515 3404 et
549 3365 795 3419 specialiter
826 3365 899 3405 ubi
931 3378 1108 3406 necesse
1143 3366 1263 3406 vobis
1297 3367 1435 3407 visum
1469 3368 1597 3408 fuerit
1629 3372 1670 3408 et
1703 3368 1822 3418 utile,
1856 3381 1934 3422 per
1968 3367 2105 3407 bonos
2128 3379 2177 3406 ac
2209 3365 2361 3406 fideles

165 3433 336 3472 nuntios
370 3437 538 3472 vestros
571 3433 760 3472 scribere
802 3432 1035 3487 dignemini
1075 3434 1312 3476 adicientes
1353 3449 1519 3490 preces,
1560 3436 1786 3476 consilium
1828 3439 1870 3476 et
1902 3435 2165 3485 mandatum,
2206 3434 2360 3475 bonam

165 3510 350 3541 vestram
395 3501 658 3540 voluntatem
702 3501 898 3541 omnibus
944 3501 1232 3545 declarantes,
1304 3504 1496 3545 Perutile
1537 3510 1681 3546 autem
1724 3505 1846 3545 nobis
1879 3504 2004 3554 foret,
2046 3503 2079 3543 si
2112 3502 2191 3544 hec
2222 3515 2359 3557 usque

167 3569 219 3609 ad
252 3569 363 3610 diem
397 3570 735 3623 prenominatam
768 3570 941 3610 efficere
976 3573 1175 3626 possetis
1240 3572 1606 3628 Archiepiscopos
1650 3577 1793 3614 autem
1828 3571 2124 3626 Maguntinum
2158 3573 2201 3611 et
2233 3569 2357 3611 Colo-

166 3638 360 3678 nicnsem
395 3637 445 3676 ad
481 3652 556 3676 nos
591 3638 843 3691 quantocius
878 3638 1016 3679 redire
1051 3640 1239 3682 faciatis:
1282 3641 1527 3682 civitatibus
1562 3642 1692 3682 etiam
1725 3641 1852 3682 Italie
1891 3645 1932 3681 et
1964 3639 2117 3680 Tuscie
2150 3638 2202 3679 de
2235 3638 2356 3679 nobis

2400 1451 2432 1475 10

2401 1800 2432 1826 15

2399 2143 2433 2168 20

2398 2488 2430 2514 25

2398 2831 2430 2857 30

2395 3173 2426 3198 35

2395 3514 2429 3538 40
