2558 3970
260 181 339 221 200
735 178 975 212 PRIDERICI
1002 178 1047 212 Il.
1074 177 1502 212 CONSTITUTIONES.
1552 178 1650 211 1232.
1699 177 1762 210 Nr.
1785 177 1856 210 161.
1882 176 1956 209 162.

403 293 433 332 R
448 306 531 346 esp
545 307 566 331 o
583 291 766 331 ndeatu
781 307 821 331 r:
857 292 967 346 quod
1004 292 1117 331 nullo
1152 291 1313 332 offense
1349 291 1414 331 vel
1449 290 1601 330 iniurie
1628 289 1782 330 domno
1817 290 2062 344 imperatori
2096 290 2208 330 facte
2233 294 2343 333 sunt,
2379 294 2443 330 301

261 363 294 401 si
329 361 428 415 quid
463 361 677 400 diceretur
710 374 804 400 esse
839 361 1010 403 factum,
1045 363 1111 399 est
1143 361 1302 399 factum
1337 360 1376 399 in
1411 359 1613 399 honorem
1637 358 1832 399 Romane
1857 358 2039 399 ecclesie
2063 358 2168 398 etin
2192 356 2441 398 defensione

259 429 322 469 sui
356 429 456 468 iuris
491 433 531 468 et
565 442 646 468 non
681 429 720 467 in
761 429 956 468 iniuriam
995 428 1060 468 vel
1095 428 1303 467 offensam
1339 427 1482 467 domni
1524 426 1797 481 imperatoris
1831 427 1897 466 vel
1940 426 2119 481 imperii.
2181 425 2238 466 Et
2269 426 2444 480 insuper

258 503 574 537 consueverunt
617 496 768 536 iniurie
810 501 851 537 01
891 496 1054 536 offense
1094 495 1250 535 remitti
1291 495 1332 535 111
1378 509 1483 549 pace
1524 508 1578 535 ex
1616 494 1756 548 gratia
1793 508 1868 549 pro
1911 493 2023 533 bono
2063 493 2194 547 pacis.
2255 492 2441 534 Verum-

257 564 426 605 tamenb
466 596 839 606 ............
881 563 1059 604 deberet
1103 563 1195 604 fieri
1228 562 1280 604 de
1322 563 1487 603 iniuriis
1529 567 1571 603 et
1611 562 1808 613 offensis,
1852 563 1927 603 fiat
1959 562 2038 602 sub
2071 561 2226 602 domno
2259 575 2370 616 papa
2401 565 2444 602 et

262 633 457 675 ecclesia.

399 704 435 740 5.
478 702 618 755 Super
658 701 872 754 regalibus
914 700 986 740 liat
1031 700 1244 741 restitutio
1288 699 1338 740 (10
1381 700 1642 749 manifestis,
1688 698 1740 740 de
1781 698 1921 739 dubiis
1963 698 2147 739 stabitur
2188 698 2269 738 iuri
2301 711 2444 738 coram

258 769 532 824 principibus.
567 775 611 809 ut
644 769 878 823 predictum
913 773 988 808 est.

398 837 828 892 Respondentur:
875 837 987 891 quod
1032 836 1083 876 de
1124 836 1342 890 regalibus
1383 836 1458 876 fiat
1490 835 1724 877 secundum
1762 849 1912 889 pacem
1946 835 2205 876 Gonstancie
2238 838 2281 875 01
2312 834 2442 888 privi-

257 907 366 961 legia
403 921 622 956 concessa,
657 912 698 947 et
731 920 814 945 11011
847 906 984 946 aliter.

399 978 436 1015 6.
471 974 565 1014 Fiat
599 975 809 1015 restitutio
844 975 1010 1015 noviter
1040 974 1279 1014 ablatorum
1314 973 1624 1014 adherentibus
1658 972 1815 1012 domno
1848 971 2108 1026 imperatori.

400 1043 434 1082 R
451 1057 540 1097 esp
555 1043 823 1083 ondeatur:
869 1042 982 1096 quod
1023 1042 1141 1082 illum
1176 1042 1248 1082 fiat
1290 1042 1380 1082 sine
1414 1041 1599 1095 dampno
1642 1045 1684 1082 et
1720 1040 1948 1086 fructibus,
1995 1043 2037 1081 et
2069 1040 2188 1080 illum
2223 1039 2335 1080 idem
2369 1039 2442 1080 fiat

257 1111 308 1152 de
344 1112 508 1151 noviter
541 1111 696 1150 ablatis
733 1110 982 1150 bombardis
1017 1115 1058 1150 01
1091 1111 1215 1150 sociis
1250 1124 1397 1150 eorum
1432 1114 1473 1149 et
1507 1109 1815 1150 adherentibus
1849 1109 1910 1149 eis
1943 1123 1968 1148 a
1991 1108 2145 1148 (10111110
2179 1109 2440 1163 imperatore

258 1180 323 1220 vel
356 1179 407 1219 ab
441 1179 747 1220 adherentibus
782 1179 831 1219 ei.

705 1370 803 1412 162.
842 1371 1214 1412 PETITIUNES
1242 1371 1686 1413 BRIXIENSIUM
1739 1371 1892 1424 (Mart.
1916 1372 1996 1424 iic.)

405 1452 443 1491 Is
475 1452 597 1492 Libro
629 1451 814 1503 }’‹›t‹÷1·2.<,·
845 1452 1061 1492 mle'zlammc
1093 1452 1245 1493 Restm·
1265 1455 1348 1492 3021
1380 1455 1553 1493 111-,337
1583 1455 1619 1493 ct
1650 1452 1862 1492 'Valentini
1887 1466 1930 1503 2».
1956 1455 2019 1492 70.
2096 1451 2166 1504 (P.
2190 1451 2330 1505 deest.)

619 1566 843 1608 Videtur
881 1566 1270 1615 Brixiensibus,
1315 1566 1446 1621 quod
1487 1567 1836 1621 infrascripta
1882 1570 2087 1620 petant.

407 1651 435 1685 l.
471 1646 686 1687 Videlicet
719 1646 830 1701 quod
867 1646 1047 1687 domnus
1082 1648 1315 1702 imperator
1347 1647 1538 1687 remittat
1571 1647 1652 1687 illis
1685 1646 1736 1686 (10
1770 1646 1988 1687 Societate
2023 1645 2296 1696 Lombardie,
2330 1646 2442 1687 Mar-

256 1715 349 1755 ‹·hie
384 1719 425 1755 et
458 1715 680 1769 Romagne
720 1730 888 1756 0111110111
932 1730 1150 1757 rancorem
1190 1721 1232 1756 et
1272 1730 1502 1757 excessum
1544 1720 1586 1756 et
1626 1729 1795 1756 omnem
1840 1715 2038 1755 iniuriam
2072 1718 2115 1755 et
2147 1715 2374 1766 offensam,
2409 1715 2444 1755 si

255 1798 379 1837 quam
412 1785 542 1824 vellet
574 1784 716 1824 dicere
750 1784 831 1825 sibi
864 1785 995 1825 fuisse
1030 1786 1207 1826 factam:
1247 1788 1290 1825 et
1323 1799 1397 1825 cos
1430 1785 1472 1824 111
1504 1783 1771 1839 plenitudine
1808 1797 1883 1824 sue
1915 1783 2054 1837 gratie
2086 1783 2266 1837 recipiat
2297 1782 2441 1824 remit-

257 1853 396 1893 tendo.
432 1852 672 1893 revocando
706 1856 748 1893 et
781 1853 988 1893 cassando
1023 1867 1170 1893 omnes
1205 1853 1441 1893 sententias
1475 1856 1517 1893 et
1551 1852 1883 1893 constitutiones
1918 1856 1960 1892 et
1992 1851 2133 1892 banna
2155 1851 2256 1892 data
2279 1856 2322 1892 et
2356 1852 2446 1892 lata

258 1926 405 1960 contra
439 1921 531 1960 illos
566 1921 617 1961 de
651 1921 879 1962 Societate.

401 1992 438 2030 2.
474 1990 581 2030 [tem
615 1989 726 2044 quod
758 1990 937 2031 domnus
971 1991 1204 2046 imperator
1227 1990 1383 2031 debeat
1406 1991 1659 2030 confirmare
1684 1993 1725 2029 et
1749 1989 1990 2044 approbare
2014 2002 2164 2044 pacem
2188 1988 2444 2030 Constantie

257 2066 299 2098 et
339 2058 494 2098 dictam
535 2057 795 2100 Societatem
840 2064 882 2099 et
921 2059 1177 2110 concedere,
1220 2064 1266 2099 ut
1308 2059 1400 2114 ipsa
1440 2059 1634 2100 Societas
1675 2059 1808 2113 possit
1849 2058 2047 2099 renovari
2091 2062 2133 2099 et
2174 2058 2444 2112 augmentari

256 2141 331 2180 per
363 2127 457 2167 illos
491 2126 544 2167 de
580 2127 810 2169 Societate.

400 2198 436 2234 3.
478 2195 585 2235 Item
620 2196 731 2250 quod
770 2197 1042 2252 privilegium
1075 2197 1163 2237 sive
1203 2197 1429 2252 privilegia
1467 2210 1675 2237 concessa
1707 2200 1750 2236 et
1782 2195 1881 2236 data
1914 2199 1957 2237 01
1997 2195 2296 2238 00110033101103
2329 2196 2440 2238 facte

257 2263 521 2315 civitatibus,
566 2264 714 2319 burgis
753 2270 794 2305 01
827 2267 977 2306 castris
1012 2270 1054 2307 et
1096 2266 1223 2315 locis,
1269 2279 1349 2320 que
1383 2269 1481 2305 sunt
1513 2265 1582 2305 vel
1616 2268 1741 2305 erunt
1773 2264 1824 2305 de
1858 2265 2077 2306 Societate
2111 2264 2323 2320 predicta,
2365 2279 2442 2319 per

256 2332 394 2386 ipsum
436 2336 477 2372 et
520 2333 850 2386 predecessores
893 2348 991 2374 suos
1028 2335 1092 2374 vel
1136 2348 1281 2375 eorum
1317 2335 1515 2381 nuncios,
1559 2347 1640 2387 que
1682 2337 1826 2374 tamen
1870 2348 1953 2374 non
1994 2335 2077 2374 sint
2110 2338 2257 2374 contra
2290 2347 2441 2388 pacem

258 2402 524 2447 Constantio,
558 2402 875 2443 confirmentur.
911 2408 952 2443 et
985 2403 1232 2457 specialiter
1266 2403 1536 2457 privilegium
1572 2403 1662 2442 sive
1695 2402 1923 2456 privilegia
1956 2417 2161 2443 concessa
2194 2402 2376 2443 ecclesie
2400 2407 2442 2443 01

257 2470 454 2524 episcopo
486 2469 703 2510 Brixiensi
737 2484 864 2524 super
895 2471 1271 2525 appellationibus.

400 2542 435 2578 4.
479 2538 589 2577 Item
623 2539 733 2593 quod
766 2539 948 2580 domnus
992 2540 1225 2594 imperator
1265 2553 1349 2580 non
1383 2540 1526 2580 veniat
1558 2553 1652 2579 cum
1687 2540 1880 2580 exercitu
1918 2554 1994 2594 per
2026 2553 2071 2580 se
2104 2540 2172 2580 vel
2205 2553 2280 2595 per
2311 2539 2440 2580 alium

257 2616 403 2646 contra
436 2607 527 2646 illos
560 2606 611 2647 (10
636 2596 852 2649 Societate
887 2608 1079 2662 predicta
1114 2614 1156 2649 et
1185 2608 1296 2662 quod
1329 2613 1541 2659 teneatur,
1575 2609 1686 2648 facta
1718 2608 1957 2656 concordia,
1991 2623 2074 2649 non
2097 2622 2251 2663 capere
2276 2612 2440 2664 partem

258 2676 392 2715 inter-³
433 2675 627 2715 civitates
661 2676 942 2717 Lombardie.
986 2676 1177 2717 Marchie
1211 2682 1253 2717 et
1286 2677 1508 2731 Romagne
1552 2690 1629 2717 nec
1675 2677 1785 2717 inter
1818 2677 2006 2731 aliquam
2041 2691 2187 2718 earum
2219 2691 2298 2718 nee
2332 2678 2442 2718 inter

257 2744 420 2796 aliquos
451 2743 503 2782 dc
539 2743 741 2797 predictis
775 2744 1020 2785 civitatibus
1057 2747 1121 2786 vel
1157 2745 1209 2786 (le
1242 2746 1386 2799 aliqua
1419 2759 1580 2786 earum.

400 2815 435 2851 ἔ).
473 2811 579 2851 Item
613 2812 723 2866 quod
756 2812 936 2853 domnus
971 2828 1079 2868 papa
1112 2813 1331 2867 provideat
1355 2827 1484 2868 super
1507 2813 1778 2853 cautionibus
1803 2817 1846 2853 et
1870 2814 2174 2854 securitatibus
2199 2814 2440 2869 prestandis

258 2888 298 2919 ct
332 2879 538 2920 faciendis
572 2880 623 2920 (10
658 2881 884 2921 concordia
924 2881 1188 2922 attendenda
1227 2886 1269 2922 et
1301 2881 1591 2931 observanda,
1636 2886 1678 2921 et
1720 2882 1964 2935 specialiter
1994 2897 2070 2936 per
2101 2887 2370 2924 sacramenta
2400 2887 2442 2923 et

258 2949 560 3002 promissiones
595 2955 635 2989 et
668 2949 950 3003 obligationes
983 2950 1125 2990 domni
1165 2950 1435 3005 imperatoris
1469 2955 1511 2990 et
1543 2949 1963 3005 archiepiscoporum
1998 2954 2041 2991 et
2073 2951 2369 3006 episcoporum
2399 2956 2442 2992 et

258 3017 493 3070 principum
522 3027 562 3056 ct
597 3017 803 3058 baronum
830 3019 1055 3059 Alamanie
1089 3023 1130 3059 01
1153 3032 1228 3073 per
1252 3019 1741 3059 excommunicationem
1767 3019 1961 3065 ecclesie,
1994 3023 2040 3059 ut
2064 3033 2118 3058 ex
2141 3023 2239 3059 tunc
2263 3019 2440 3060 domnus

258 3085 504 3139 imJ‘Jcrator.
542 3086 574 3125 si
611 3092 757 3126 contra
789 3088 971 3134 faceret,
1007 3093 1048 3127 et
1081 3088 1439 3127 contrafacientes
1474 3088 1556 3127 sint
1588 3088 1972 3135 excommunicati3
2006 3091 2048 3128 et
2080 3088 2113 3127 si
2147 3087 2328 3129 domnus
2362 3089 2439 3128 im-

259 3161 426 3205 perator
457 3159 603 3193 contra
637 3156 800 3195 faceret
832 3170 907 3209 per
940 3170 984 3195 sc
1020 3156 1084 3196 vel
1120 3170 1194 3209 per
1226 3156 1355 3195 alium
1381 3161 1527 3195 contra
1560 3155 1795 3209 predictam
1822 3155 2108 3206 concordiam,
2142 3155 2253 3210 quod
2278 3170 2438 3207 omnes,

258 3221 325 3273 qui
361 3222 397 3259 ei
433 3229 684 3262 tenerentur
718 3223 882 3263 vinculo
915 3224 1094 3263 alicuius
1130 3224 1424 3278 promissionis
1461 3225 1526 3264 vel
1560 3223 1798 3275 fidelitatis,
1845 3225 1929 3264 sint
1960 3223 2146 3264 absoluti
2178 3228 2221 3264 et
2253 3224 2291 3265 ei
2323 3224 2439 3264 nullo

259 3289 383 3328 modo
416 3296 654 3331 tencantur.

396 3413 478 3445 lssl.
513 3413 543 3455 h)
570 3416 717 3455 &equilus-
744 3416 869 3447 lacuna
896 3417 930 3448 ἰιι
956 3417 1050 3457 cocl.,·
1075 3418 1303 3459 'supplendum
1330 3417 1459 3449 videtur
1484 3418 1510 3449 si
1537 3418 1602 3449 tale
1627 3417 1717 3458 quid.
1766 3445 1771 3449 ,

395 3480 476 3514 162.
511 3488 539 3517 Ἀ]
568 3483 642 3514 ilem
670 3484 740 3514 cml.

2481 917 2512 941 10

2483 1387 2512 1412 15

2481 1795 2515 1820 20

2479 2144 2510 2169 25

2477 2486 2509 2511 30

2478 2830 2508 2856 35

2477 3171 2509 3195 40
