2558 3970
218 168 298 205 445
636 163 849 197 CONRADI
877 162 936 196 IV.
965 162 1392 198 CONSTITUTIONES.
1443 164 1541 198 1241.
1580 164 1678 198 1242.
1726 163 1886 198 Nr.337.
1910 163 1988 199 338.

217 278 548 319 destructionem
585 279 726 331 gentis
767 277 900 320 dicte.
944 291 1017 318 vos
1057 277 1190 318 modis
1222 279 1419 319 omnibus
1460 282 1766 333 preparantes,
1809 282 1855 318 ut
1887 278 1940 319 ab
1974 292 2045 329 eo,
2090 279 2160 334 qui
2191 292 2273 320 non
2309 279 2398 319 vult

218 358 394 387 mortem
427 348 687 401 peccatoris,
727 346 802 387 sed
843 352 888 386 ut
920 347 1055 400 magis
1089 352 1363 388 convertatur
1395 353 1438 388 et
1470 347 1584 387 vivat
1602 348 1627 391 1.
1668 346 1798 401 digna
1831 347 2125 387 retributionis
2157 348 2323 402 premia
2354 348 2394 387 in

217 421 366 455 eterna
397 415 533 469 gloria
565 415 809 469 reportetis

293 754 427 821 337.
481 751 1101 822 MANDATUM
1155 752 1296 822 DE
1350 751 1703 823 HOSTE
1757 751 2317 822 FACIENDA.

1097 876 1238 924 1241.
1278 878 1410 936 Sept.
1446 877 1520 924 15.
2450 899 2465 923 5

358 1020 576 1062 Dederunt
616 1021 741 1061 Tross
785 1021 828 1061 in
857 1020 1068 1072 periodico
1098 1021 1386 1073 ‘Wcstphalid
1429 1022 1499 1062 25.
1528 1022 1624 1063 Iun.
1656 1023 1766 1063 1825
1797 1036 1843 1074 12-
1868 1024 1894 1061 6
1932 1022 2067 1063 neseio
2097 1035 2176 1074 qzoo
2206 1036 2257 1063 ex
2281 1021 2400 1077 fonte

213 1100 285 1139 (z
317 1089 592 1137 Iluillardus)
629 1092 666 1129 et
702 1089 840 1144 cher
878 1089 1282 1131 ‘M‘e‘z‘tclrhemisches
1331 1089 1674 1132 Urkmzdcnbuoh’
1724 1090 1815 1141 III,
1846 1091 1927 1130 544
1974 1104 2039 1132 nr.
2064 1092 2146 1132 721
2186 1105 2206 1132 e
2243 1090 2401 1132 schedis

218 1157 582 1211 Κίηᾱῖίηῃενίαηῖς
621 1157 681 1199 ΙΙ.
707 1159 773 1199 96.
796 1160 833 1198 3.
873 1184 926 1187 a*
965 1158 1419 1200 Hmllarci-Breholles
1458 1159 1649 1210 V1‚318.
1711 1159 1904 1209 Bolmzer,
1937 1159 2037 1212 Rey.
2078 1160 2175 1212 imp.
2207 1159 2398 1211 V‚4441.

2021 1228 2091 1281 (P.
2115 1228 2257 1280 deest.)

353 1329 578 1371 Conradus
625 1329 710 1370 divi
760 1331 929 1385 augusti
975 1331 1245 1385 imperatoris
1284 1331 1495 1373 Friderici
1541 1332 1673 1383 filius,
1720 1331 1803 1373 Dei
1849 1332 1987 1387 gratia
2028 1332 2069 1373 in
2106 1331 2396 1374 Romanorum
2435 1345 2468 1369 10

217 1413 361 1453 regem
396 1399 559 1439 electus
595 1413 764 1453 semper
795 1404 1003 1454 augustus
1036 1405 1077 1440 et
1109 1400 1235 1442 heres
1268 1402 1388 1456 regni
1418 1401 1678 1442 Ierusalema
1708 1401 1995 1456 burcgraviob
2027 1400 2080 1441 de
2102 1400 2397 1453 Hamerstein‚

213 1468 579 1510 unnisterialibus.
613 1468 785 1508 vasallis
809 1469 1048 1524 ceterisque
1072 1470 1241 1525 imperii
1274 1470 1471 1511 fidelibus
1493 1474 1718 1525 presentes
1742 1471 1908 1511 litteras
1931 1471 2190 1525 inspecturis
2214 1471 2397 1525 gratiam

212 1551 332 1577 suam
366 1542 409 1578 et
441 1551 567 1577 omne
601 1537 773 1578 bonum.

356 1604 462 1645 Cum
496 1619 639 1646 comes
672 1605 725 1646 de
756 1606 980 1658 Nassowe,
1014 1607 1088 1649 H.e
1120 1608 1172 1649 de
1206 1608 1450 1663 Isenbergh
1484 1612 1526 1649 et
1558 1609 1629 1649 alii
1663 1608 1833 1664 imperii
1864 1609 2022 1650 inimici
2055 1623 2133 1650 nos
2167 1609 2395 1651 temerario

216 1688 320 1715 ausu
360 1675 650 1725 molestmint,
691 1689 795 1729 quos
837 1676 1018 1717 transire
1056 1677 1251 1717 nolumus
1294 1677 1509 1718 ullatenus
1547 1677 1830 1726 incorrectos,
1882 1677 2135 1719 mandamus
2178 1678 2395 1719 devotioni
2433 1689 2464 1713 ¹⁵

221 1749 376 1794 vestre.
411 1748 620 1798 quatenus
653 1744 707 1785 ob
741 1745 947 1786 honorem
981 1752 1176 1787 nostrum
1209 1751 1252 1787 et
1282 1747 1451 1802 imperii
1483 1747 1605 1788 iuxta
1638 1747 1962 1802 requisitionem
1986 1746 2198 1788 Gerhardi
2221 1747 2272 1788 de
2296 1747 2397 1788 Zin-

212 1812 304 1852 zich
336 1812 474 1853 fidelis
508 1814 639 1854 nostri
674 1813 726 1854 ad
758 1813 988 1855 vindictam
1021 1819 1140 1856 tante
1171 1816 1344 1868 iniurie,
1379 1816 1489 1857 sicut
1521 1815 1573 1856 de
1606 1816 1726 1857 vobis
1760 1816 2034 1867 confidimus.
2069 1815 2264 1858 debeatis
2296 1830 2394 1872 pro-

212 1880 364 1922 cedere
399 1886 547 1922 contra
580 1881 768 1924 eosdem.

356 1950 512 1991 Datum
546 1951 656 2005 apud
691 1952 877 1995 Hallisd.
910 1952 1006 1993 XV.
1042 1953 1324 2009 Septembris,
1356 1954 1477 1995 XIV.
1511 1954 1755 1996 indictione.

268 2358 403 2425 338.
458 2355 893 2427 APOCHA
948 2358 1465 2432 RATIONIS
1508 2359 2331 2433 VILLICATIONIS
2432 2395 2465 2422 20

673 2458 1251 2533 GERHARDI
1297 2463 1440 2533 DE
1486 2463 1946 2535 SINZIOH.

1129 2588 1270 2636 1242.
1308 2588 1418 2636 Mai.
1448 2589 1492 2636 Q,

356 2726 592 2768 Edidermzt
622 2729 836 2781 sinyulare
868 2730 938 2772 hoc
959 2734 1268 2773 monumemtum
1293 2732 1418 2774 Tross
1446 2733 1493 2773 in
1519 2732 1727 2785 periodieo
1750 2732 2037 2784 ‘Westphalz‘a’
2068 2733 2136 2774 25.
2159 2732 2258 2775 Ian.
2282 2733 2391 2773 1825

208 2808 247 2845 p.
273 2797 296 2834 6
328 2801 400 2846 (=
423 2795 700 2851 Huillardus)
731 2800 767 2838 et
797 2798 935 2854 Beyer
966 2799 1371 2842 ‘Illittelrheinisches
1400 2800 1743 2843 Urkundenbuch’
1766 2801 1859 2852 III,
1883 2801 1964 2841 564
1995 2814 2062 2844 nr.
2085 2803 2168 2841 746
2197 2814 2217 2842 e
2237 2800 2395 2842 schedis

210 2862 580 2916 Kinc'llinqerlanis
601 2865 662 2906 II.
687 2867 752 2909 96.
777 2868 814 2908 5.
848 2892 901 2897 —
935 2868 1386 2911 Huillard-Brfilzolles
1416 2868 1488 2920 VI,
1509 2871 1607 2911 832.
1668 2869 1863 2920 Bo'lzmer,
1897 2869 1994 2923 chJ.
2016 2870 2112 2922 imp.
2145 2869 2190 2920 V,
2211 2869 2334 2910 4458.
2430 2885 2461 2911 25

1965 2938 2035 2991 (P.
2057 2938 2199 2986 deest.)

356 3035 576 3077 Conradus
609 3037 695 3078 divi
718 3039 889 3093 augusti
912 3039 1184 3095 imperatoris
1207 3040 1412 3082 Friderici
1441 3042 1569 3093 filius,
1602 3041 1685 3082 Dei
1709 3041 1847 3096 gratia
1869 3041 2158 3083 Romanorum
2181 3042 2222 3082 in
2245 3054 2393 3095 regem

213 3103 375 3144 electus
419 3119 590 3160 semper
630 3112 862 3161 augustus,
912 3109 1036 3151 heres
1078 3111 1199 3164 regni
1238 3110 1491 3153 Ierusalem.
1609 3110 1776 3152 Tenore
1822 3110 2085 3166 presentium
2124 3110 2392 3151 notificamus

212 3172 444 3214 universis.
487 3174 599 3228 quod
639 3174 857 3217 Gerardus
895 3177 947 3218 de
990 3177 1160 3233 Sinsigh
1202 3179 1340 3221 fidelis
1380 3184 1526 3221 noster
1567 3193 1711 3221 coram
1755 3179 1953 3220 officiatis
1998 3179 2152 3220 nostris
2193 3178 2393 3234 deposuit

214 3240 418 3281 rationem
452 3243 723 3285 villicationis
757 3245 861 3287 sue2
893 3246 944 3288 de
976 3260 1058 3288 uno
1091 3261 1214 3289 ann0.
2429 3265 2461 3291 ³0

357 3309 581 3352 introitus:
606 3312 789 3368 Recepit
810 3314 924 3356 idem
949 3314 1196 3358 Gerhardus
1218 3317 1261 3357 in
1283 3316 1468 3359 denariis
1492 3316 1544 3358 de
1569 3316 1805 3358 redditibus
1829 3316 1983 3357 XXIX
2006 3330 2170 3358 mareas
2194 3315 2362 3357 fertone
2378 3321 2396 3340 ³

214 3376 361 3418 minus.
482 3379 593 3421 Item
632 3383 795 3437 recepit
827 3382 879 3424 de
910 3383 1052 3425 Iudeis
1084 3384 1124 3425 V
1156 3399 1336 3427 marcas.
1453 3384 1561 3425 Item
1593 3383 1644 3425 de
1676 3398 1812 3425 uxore
1853 3385 2061 3440 prepositi
2092 3384 2177 3425 XV
2209 3397 2389 3426 marcas.

350 3490 435 3524 337.
469 3497 500 3535 ὃ)
528 3495 741 3529 Hierusalem
768 3498 844 3530 edd.
962 3497 993 3540 b)
1020 3500 1232 3541 burcgraviis
1256 3500 1332 3532 edd.
1450 3505 1479 3537 ο)
1505 3505 1537 3531 et
1570 3499 1602 3530 T.
1720 3497 1753 3541 (¹)
1780 3500 1856 3532 Hall
1882 3500 1958 3533 edd.

346 3558 431 3592 338.
465 3566 495 3601 ²²)
524 3563 648 3596 floreno
674 3566 761 3598 male
795 3566 827 3597 Τ.

352 3662 381 3704 1)
409 3661 462 3702 Cf.
491 3662 613 3697 Ezech.
642 3668 694 3706 33,
714 3672 758 3699 11.
877 3669 911 3711 2)
938 3668 1029 3703 Erat
1057 3669 1264 3715 bupqrarius
1290 3669 1329 3701 Μ
1355 3671 1469 3702 castro
1494 3667 1720 3703 Lamlskron.
2425 3676 2456 3701 ³5
