2558 3970
176 163 199 200 2
672 157 877 191 PHILIPPI
904 133 1043 191 REGIS
1070 155 1506 190 CONSTITUTIONES.
1558 154 1654 187 1198.
1702 153 1765 187 Nr.
1786 154 1815 187 1.
1840 152 1872 186 2.

319 276 357 314 3.
390 273 476 312 Nos
517 286 597 311 non
642 271 920 311 retinebimus
960 270 999 309 111
1044 270 1222 324 imperio
1255 275 1400 310 nostro
1434 270 1620 324 aliquem
1663 268 1879 309 hominem
1911 268 1964 308 de
2000 281 2132 322 regno
2165 267 2360 317 Francie,

179 344 269 383 sive
312 343 513 383 clericum
553 342 642 382 sive
683 341 860 388 laicum,
911 343 1056 380 contra
1102 339 1367 379 voluntatem
1415 337 1637 379 karissimi
1679 337 1801 377 amici
1848 336 1983 377 nostri
2025 334 2205 397 predicti
2246 335 2359 390 regis

177 411 450 451 Francorum.

320 481 357 519 4.
390 477 615 518 Predictus
639 490 715 516 rex
738 475 1030 515 Francoruma
1053 474 1408 528 quandocumque
1432 473 1615 513 voluerit
1643 472 1802 526 poterit
1824 485 1869 511 se
1894 471 2106 522 vindicare
2129 470 2181 511 de
2205 471 2360 512 comite

178 545 420 585 Flandried.
455 545 506 585 dc
541 550 653 584 terra
686 557 812 597 quam
845 542 960 583 idem
993 556 1135 582 comes
1168 542 1299 582 habet
1331 542 1372 581 in
1397 541 1586 595 imperio,
1620 544 1706 580 tam
1730 538 1922 586 infeodo
1945 552 2070 592 quam
2093 539 2136 579 in
2159 537 2360 591 dominio,

177 618 218 653 et
251 613 330 653 1100
365 613 455 653 sine
488 611 813 666 interceptione.

319 684 354 720 5.
394 680 482 721 Nos
521 680 635 720 bona
673 679 756 719 fide.
799 678 1107 733 promittimus,
1150 677 1261 732 quod
1301 677 1335 717 si
1375 677 1592 727 sciremus,
1640 674 1750 729 quod
1784 675 1938 729 aliquis
1971 678 2172 729 quereret
2202 676 2363 716 malum

175 749 362 804 Philippi
402 749 515 802 regis
548 748 836 788 Francorum²¹
875 746 943 786 vel
976 746 1066 786 eius
1099 759 1250 800 regno,
1289 759 1364 785 nos
1400 745 1511 785 bona
1543 744 1625 784 fide
1659 743 1699 783 id
1731 743 2095 791 disturbaremus;
2138 747 2180 784 et
2212 744 2246 783 si
2279 757 2364 784 non

180 831 404 872 possemus
437 816 693 857 disturbare.
726 815 766 855 id
799 815 1094 855 nuntiaremus
1129 814 1267 855 eidem
1302 814 1405 868 regi.

321 887 356 925 6.
395 884 450 925 Et
493 884 661 939 quando
695 883 787 924 Deo
828 883 999 924 volente
1040 883 1230 923 coronati
1271 882 1479 922 fuerimus
1517 881 1559 920 in
1592 881 1906 934 imperatorem,
1946 880 2024 921 has
2058 881 2362 922 conventiones

177 954 267 1007 regi
306 953 593 993 Francoruma
632 952 933 993 renovabimus
974 955 1016 991 et
1058 950 1198 1005 sigillo
1240 954 1385 990 nostro
1427 949 1784 990 confirmabimus.
1852 948 1941 989 Nos
1981 951 2123 989 autem
2162 950 2205 990 in
2236 963 2365 991 manu

179 1021 438 1062 Neueloniss
468 1021 726 1062 venerabilis
760 1019 1086 1061 Suessionensis
1121 1019 1309 1073 episcopi
1354 1017 1660 1067 fiduciavimus,
1706 1016 1817 1071 quod
1851 1018 1994 1058 omnia
2026 1017 2220 1072 predicta
2252 1018 2365 1059 bona

177 1089 258 1130 tide
299 1090 641 1130 observabimus.
714 1089 762 1128 ld
803 1089 940 1129 eciam
985 1088 1036 1129 de
1081 1087 1284 1128 mandato
1326 1090 1474 1127 nostro
1521 1086 1666 1127 dilecti
1708 1086 1923 1141 principes
1967 1086 2100 1126 nostri
2143 1085 2365 1127 Oonradus

178 1157 599 1211 XVirceburgcnsisss.
624 1157 672 1197 B.
697 1157 936 1202 Mettensis,
960 1155 1260 1197 Dhiethelmus
1282 1154 1628 1195 Constantiensis
1653 1155 1857 1209 episcopi,
1880 1154 2176 1196 Theodericus
2195 1168 2364 1210 quoque

177 1226 228 1266 de
249 1225 434 1267 Greuch.
458 1226 713 1266 Fredericus
737 1225 788 1266 de
809 1224 977 1275 Zolre¹¹,
1002 1224 1322 1265 Hartemannus
1346 1223 1397 1263 de
1416 1222 1718 1273 Kirehberohi,
1743 1221 2001 1264 Godefridus
2020 1223 2072 1264 de
2089 1223 2360 1279 Vehingenk,

178 1294 452 1335 Everhardus
491 1295 543 1336 de
577 1294 823 1335 Everstein¹
865 1294 1056 1344 comites,
1104 1297 1145 1334 et
1187 1293 1239 1333 de
1282 1293 1417 1333 latere
1457 1295 1602 1332 nostro
1634 1291 1878 1333 Trusardus
1913 1293 2174 1333 camerarius
2207 1297 2363 1344 noster,

179 1362 419 1403 warnerus
464 1363 516 1403 de
559 1362 822 1407 Rossevacb,
870 1361 1108 1402 warnerus
1148 1361 1199 1402 de
1244 1361 1534 1411 Bollandenm,
1582 1359 1821 1401 Warnerus
1860 1360 1912 1402 de
1956 1361 2162 1415 Zangenfl
2206 1362 2397 1402 milites

177 1432 437 1478 iuraverunt.
472 1431 585 1486 quod
618 1431 728 1471 bona
762 1430 844 1471 fide
879 1430 1125 1479 studebunt,
1160 1429 1270 1483 quod
1302 1430 1382 1470 hec
1414 1444 1438 1469 a
1470 1429 1590 1470 nobis
1623 1429 1906 1470 observentur
1938 1434 1981 1471 et
2011 1433 2254 1471 teneantur.
2315 1430 2364 1471 Id

181 1513 348 1554 quoque
382 1500 521 1540 adhuc
554 1513 685 1540 unum
718 1499 1086 1554 archiepiscopum
1122 1502 1164 1539 et
1195 1512 1327 1539 unum
1360 1499 1610 1553 episcopum
1644 1498 1853 1539 faciemus
1886 1498 2041 1540 iurare.

319 1569 418 1609 Dat.
453 1568 739 1610 Warmacie0.
782 1568 862 1609 ΠΙ.
896 1567 993 1609 Kal.
1028 1567 1138 1617 Iulii,
1180 1581 1291 1608 anno
1324 1567 1536 1608 dominice
1575 1567 1883 1608 incarnationis
1916 1566 2208 1618 MOXOVHI,
2240 1567 2363 1622 regni

178 1639 309 1678 nostri
344 1638 490 1693 primo.
523 1651 600 1691 per
632 1651 802 1677 manum
836 1636 1020 1677 Conradi
1054 1636 1287 1691 imperialis
1321 1636 1416 1676 aule
1452 1636 1775 1690 prothonotarii.

340 2068 390 2134 2.
447 2062 991 2133 EPISTULA
1044 2062 1193 2132 AD
1246 2062 2040 2134 INNOCENTIUM
2083 2064 2212 2134 ΠΙ.

980 2187 1148 2244 (1198.
1190 2190 1301 2245 post
1339 2188 1472 2246 Sept.
1502 2188 1568 2244 8.)

2400 897 2432 922 10

2401 1238 2430 1262 15

2402 1578 2436 1603 20

324 2329 568 2382 Epistolam.
602 2343 776 2381 quacum
810 2342 882 2369 rw)
914 2330 1085 2369 nezinios
1115 2330 1367 2380 apostolicos.
1400 2331 1630 2383 episcopum
1662 2329 1884 2371 Sabrinam
1915 2333 1952 2371 ct
1981 2330 2167 2371 abbatem
2190 2330 2370 2372 Sanctae
2419 2353 2435 2371 ι

180 2399 444 2448 Anas-lasiae,
475 2399 666 2449 pontifici
704 2398 879 2447 remisit,
916 2397 1048 2438 (leuno
1090 2399 1262 2439 eontulit
1299 2399 1364 2439 vir
1402 2400 1449 2439 cl.
1482 2398 1618 2439 Sic-leel
1657 2412 1747 2438 cum
1790 2399 1970 2451 Reye'stri
2008 2398 2245 2439 Imzocc·7ztii
2276 2398 2365 2440 III.

181 2469 271 2507 lom.
304 2466 375 2515 ῙἸ,
402 2466 478 2519 fol.
502 2469 529 2505 4
551 2469 663 2507 0412
694 2466 814 2519 (Ray.
848 2465 895 2506 cle
928 2468 1083 2518 ›ecgsote'o
1119 2468 1282 2518 imperii
1303 2470 1468 2521 ep.12),
1500 2467 1571 2508 uba*
1593 2468 1763 2507 lemma:
1794 2468 1957 2518 Littere
1979 2467 2056 2509 Ph.
2090 2491 2142 2497 -
2173 2467 2368 2516 Bb'hmer,

179 2533 277 2587 Rey.
312 2535 405 2588 imp.
439 2534 483 2584 V,
506 2537 574 2575 21.
2015 2534 2085 2588 (P.
2107 2536 2225 2589 201.)

326 2658 582 2700 Reverendo
628 2660 670 2699 in
712 2658 883 2700 Christo
935 2659 1042 2713 patri
1096 2659 1267 2701 domino
1313 2661 1564 2701 Innocentio
1621 2664 1895 2701 sacrosancte
1942 2661 2137 2702 Romane
2185 2659 2367 2700 ecclesie

182 2741 344 2768 summo
387 2728 575 2781 pontifici
609 2728 834 2782 Philippus
867 2727 947 2767 1)οἰ
989 2729 1126 2781 gratia
1156 2729 1446 2769 Romanorum
1479 2744 1554 2769 rex
1589 2734 1632 2769 et
1665 2743 1836 2783 semper
1868 2732 2077 2783 augustus
2111 2728 2293 2768 salutem
2326 2732 2368 2768 et

181 2796 353 2836 filialem
386 2797 661 2837 dilectionem
676 2803 705 2836 ὃ.

325 2864 606 2905 Paternitatis
630 2869 772 2905 vestre
797 2864 991 2911 nuncios,
1023 2863 1320 2906 Sutrinensem
1355 2866 1605 2920 episcopum
1640 2870 1683 2906 et
1714 2865 1915 2907 abbatem
1941 2864 2098 2905 Sancte
2121 2863 2368 2916 Anastasio,

184 2932 293 2971 viros
327 2933 552 2985 religiosos
580 2938 622 2973 et
645 2932 866 2981 discretos,
900 2946 1007 2986 quos
1033 2931 1085 2972 ad
1109 2938 1299 2974 nostram
1323 2934 1572 2974 destinastis
1595 2935 1870 2988 presentiam,
1903 2934 2088 2987 benigne
2113 2933 2367 2987 recepimus,

183 3006 270 3039 tum
314 3005 490 3055 propter
532 3006 718 3041 vestram
762 3006 804 3042 ct
836 3001 1028 3042 Romane
1069 3002 1251 3043 ecclesie
1293 3004 1592 3053 reverentiam,
1633 3008 1720 3043 tum
1760 3003 1889 3044 etiam
1922 3001 1974 3042 ob
2013 3002 2203 3056 ipsorum
2237 3000 2368 3042 hone-

184 3072 352 3119 statem,
398 3074 440 3108 ct
472 3083 523 3109 ca
555 3083 636 3123 que
670 3084 724 3109 ex
754 3074 877 3123 parte
910 3074 1054 3110 vestra
1088 3070 1167 3124 ipsi
1210 3071 1331 3112 nobis
1364 3072 1626 3122 intimarunt,
1667 3072 1720 3112 ad
1752 3071 1923 3126 plenum
1957 3069 2203 3124 liquidoque
2236 3068 2366 3110 eolle-

182 3136 320 3189 gimus
363 3136 598 3176 intellectu.
670 3136 793 3183 Quod
840 3143 983 3178 autem
1025 3138 1213 3192 prefatos
1254 3140 1367 3179 viros
1408 3139 1571 3180 tamdiu
1611 3140 1834 3180 nobiscum
1872 3138 2132 3179 detinuimus
2173 3151 2252 3178 nee
2293 3151 2368 3179 eos

185 3209 325 3244 vestre
369 3205 607 3245 remisimus
651 3205 888 3256 sanctitati,
933 3206 1041 3246 scire
1086 3219 1160 3246 vos
1203 3208 1397 3261 cupimus
1442 3207 1483 3247 id
1522 3207 1608 3248 alia
1648 3207 1700 3247 de
1733 3221 1863 3248 causa
1895 3219 1979 3246 non
2012 3204 2243 3255 accidisse,
2285 3205 2368 3245 nisi

185 3271 297 3325 quod
331 3277 568 3312 nostrorum
603 3272 812 3313 hactenus
845 3274 1134 3328 prestolantes
1168 3274 1296 3315 finem
1330 3275 1614 3328 negotiorum,
1648 3274 1769 3315 vobis
1803 3288 1878 3315 000
1911 3277 2007 3328 post
2037 3272 2115 3313 hec
2147 3272 2366 3314 remittere

185 3339 547 3393 disposueramus
581 3347 623 3380 et
654 3355 732 3395 per
765 3355 839 3381 eos
873 3341 973 3395 quid
1007 3342 1188 3382 ecclesie
1222 3347 1265 3381 et
1297 3342 1465 3396 imperii
1488 3342 1722 3382 commodis
1746 3341 2006 3382 conduceret
2027 3344 2069 3381 et
2091 3339 2367 3380 dilectionem

185 3408 433 3449 discretioni
467 3414 608 3450 vestre
640 3410 872 3451 insinuare.
935 3410 993 3450 At
1033 3424 1157 3461 nunc,
1201 3411 1301 3464 quia
1332 3410 1475 3451 divina
1506 3410 1691 3451 faciente
1725 3409 1965 3460 elementia,
2006 3422 2082 3463 per
2114 3421 2240 3463 quam
2271 3408 2366 3449 uni-

326 3521 357 3553 l·
387 3521 413 3550 ἢ
440 3524 593 3555 Neuelon
612 3523 654 3555 A.
772 3529 803 3565 Β)
830 3526 996 3557 Com-atus
1025 3525 1309 3567 Witteburgensis
1328 3524 1369 3555 A.
1487 3523 1521 3566 ἢ)
1546 3525 1662 3557 Ceolre
1681 3523 1721 3556 A.
1839 3522 1862 3565 i)
1889 3523 2075 3556 Kireberch
2092 3522 2135 3554 A.
2254 3521 2287 3564 k)
2304 3523 2368 3555 Ve-

186 3580 305 3621 hingre
324 3580 364 3610 A.
483 3578 506 3621 ¹)
533 3582 696 3612 Euresteu
716 3582 758 3612 A.
878 3587 919 3621 ¹¹¹)
948 3581 1092 3614 Bolland
1112 3582 1153 3613 A.
1271 3587 1303 3623 11)
1330 3583 1492 3625 Ceangue
1508 3582 1548 3614 A.
1668 3581 1700 3621 0)
1729 3582 1889 3614 Wannac
1908 3579 1950 3612 A.

322 3645 357 3678 2.
386 3651 416 3687 Β)
442 3658 527 3679 corr.
555 3659 595 3680 ex
620 3649 831 3681 devotionem
857 3661 883 3681 c.

2403 2412 2434 2438 25

2405 2813 2439 2838 ³0

2405 3148 2436 3173 35

2404 3532 2437 3556 40
