2558 3970
212 153 292 192 358
697 146 937 181 FRIDERICI
962 146 1006 179 11.
1034 144 1462 179 CONSTITUTIONES.
1513 145 1612 178 1245.
1661 145 1723 179 ΝΥ.
1741 146 1817 180 250.
1839 146 1916 179 261.

212 265 448 305 maiestatis
491 266 634 302 nostre
675 274 898 316 personam
943 264 986 300 et
1025 273 1191 299 sacrum
1236 259 1462 313 imperium
1505 259 1657 307 habet,
1699 273 1774 314 pro
1817 260 1948 312 gratis
1981 273 2151 314 quoque
2190 259 2395 310 serviciis,

213 348 294 388 que
328 332 449 372 nobis
484 336 525 371 et.
568 331 745 384 imperio
778 329 976 370 exhibuit
1008 333 1186 368 actenus
1228 327 1415 368 fideliter
1447 332 1490 368 et
1522 327 1676 368 devote
1710 330 1752 367 et
1784 341 1865 381 que
1899 327 2106 369 exhibere
2138 328 2298 383 poterit
2329 327 2393 367 in—

211 410 337 441 antea
360 400 590 453 gratim-av.
622 399 756 453 ipsius
782 395 1169 452 supplicationibus
1204 395 1495 436 favorabiliter
1516 395 1736 435 inclinatiq
1761 396 2100 451 suprascriptum
2122 395 2394 452 privilegium

213 469 296 509 (livi
346 467 515 521 augusti
566 467 633 507 avi
684 466 817 506 nostri
867 464 1048 519 predicti
1091 464 1190 504 huic
1232 468 1377 504 nostro
1420 464 1646 519 privilegio
1696 464 1748 504 de
1789 464 1917 504 verbo
1958 464 2011 505 ad
2051 465 2228 505 verbum
2266 464 2397 504 inseri

211 538 448 578 iussinms‘.
482 536 622 575 onmia
656 548 736 588 que
771 534 1041 573 continentur
1072 533 1114 572 in
1148 546 1197 573 eo
1230 532 1282 573 de
1315 532 1549 586 imperialis
1583 532 1866 586 preminentie
1898 536 2042 572 nostre
2075 533 2213 586 gratia
2247 531 2397 572 confir-

212 610 390 646 mantes.
456 604 692 644 Statuimus
727 602 931 656 igitur'ct
963 600 1175 655 imperiali
1210 601 1465 641 sanctimusS
1503 599 1658 649 edicto,
1692 604 1904 654 quatenus
1937 600 2079 640 nullus
2113 599 2220 652 dux,
2253 601 2398 641 nullus

212 674 418 715 marchio.
453 673 594 712 nullus
630 671 845 726 princeps,
891 669 1033 709 nullus
1068 683 1233 719 comes,
1277 669 1418 708 nullus
1450 669 1663 722 prelatus,
1699 668 1840 708 nullus
1875 668 2057 722 denique
2091 682 2280 723 persona
2312 669 2401 710 alta

212 743 278 783 vel
313 742 506 788 humilis,
547 740 842 781 ecclesiastica
875 739 942 778 vel
987 737 1202 778 mundana
1236 741 1383 777 contra
1422 737 1636 791 presentis
1669 737 1956 777 innovationis
1991 740 2033 777 et
2066 737 2400 778 confirmationis

212 818 357 852 nostre
391 816 583 851 tenorem
616 808 761 848 venire
802 811 1035 861 presumat.
1099 805 1223 853 Quod
1257 806 1349 859 quit
1381 806 1714 860 presumpserit,
1756 804 2099 859 indignationem
2140 806 2275 846 nostri
2309 805 2400 846 cul-

212 881 334 920 minis
379 884 420 919 et
462 891 618 933 penam
660 876 775 916 mille
818 875 1023 915 librarum
1063 875 1154 914 auri
1187 888 1232 914 se
1274 874 1441 914 noverit
1482 873 1735 924 incurrisse,
1779 887 1958 928 quarum
1991 873 2201 914 medietas
2233 886 2400 914 camere

212 954 372 989 nostre.
406 947 569 1001 reliqua
604 958 704 986 vero
738 944 846 999 parti
880 957 1007 997 passe
1040 942 1241 982 iniuriam
1276 941 1528 996 applicetur.
1590 941 1659 982 Ad
1690 942 1818 982 huius
1850 942 2009 996 igituru
2041 942 2328 983 innovationis
2361 946 2403 983 et

214 1016 546 1057 confirmationis
586 1018 730 1053 nostre
770 1012 954 1052 futuram
999 1011 1248 1051 memoriam
1291 1014 1334 1051 et
1372 1009 1499 1050 robur
1540 1015 1748 1065 perpetuo
1782 1010 2012 1050 valiturum
2053 1023 2232 1065 presens
2271 1009 2401 1065 privi-

215 1087 373 1140 legium
407 1084 498 1125 fieri
532 1088 575 1123 et
607 1082 724 1122 bulla
756 1094 888 1120 aurea
921 1080 1116 1134 typariov
1148 1083 1292 1119 nostre
1325 1078 1564 1119 maiestatis
1596 1079 1792 1134 inpressa
1825 1080 2025 1119 iussimus
2059 1078 2325 1119 communiri.

356 1154 497 1194 Huius
535 1152 594 1192 rei
635 1155 768 1190 testes
811 1152 930 1188 sunt:
984 1146 1236 1188 Chvnradus
1279 1146 1607 1200 FrisingensisW
1652 1147 1900 1202 episcopus,
1953 1147 2183 1188 Heinricus
2227 1146 2402 1187 Baben-

214 1222 437 1277 bergensis
471 1221 654 1265 electus.
699 1217 968 1258 FridericusX
1000 1216 1176 1256 illustris
1213 1215 1324 1255 filius
1357 1216 1471 1269 regis
1506 1214 1717 1267 Castelle.
1760 1215 1968 1256 Rvdolfus
2001 1228 2141 1256 comes
2173 1215 2226 1256 de
2258 1214 2401 1256 Habs-

212 1291 382 1347 pvrch-V.
415 1288 643 1329 Lvdwicus
679 1299 822 1327 comes
855 1285 906 1325 de
941 1284 1261 1334 HelfensteinZ.
1294 1283 1500 1324 Albertus
1533 1283 1586 1324 de
1618 1283 1786 1338 Nyffe³‚
1822 1287 1864 1324 et
1895 1284 1966 1323 alii
1999 1297 2126 1338 quam
2158 1283 2317 1339 plures.

357 1359 536 1413 Signum
570 1354 695 1411 (ΜΝ)
728 1354 912 1395 dominic
944 1352 1182 1393 FridericiX
1204 1351 1288 1393 Dei
1320 1352 1461 1406 gratia
1492 1352 1760 1392 invictissimi
1782 1351 2075 1392 Romanorum
2098 1350 2406 1407 imperatorisd

216 1441 387 1483 semper
420 1426 611 1480 augusti,
645 1423 885 1464 Ierusalem
919 1426 960 1462 et
993 1420 1153 1476 Sycilie
1185 1421 1316 1476 regis.

354 1497 465 1536 Acta
500 1498 597 1535 sunt
629 1493 709 1533 hec
744 1505 854 1532 anno
887 1490 1099 1531 dominice
1132 1489 1439 1530 incarnationis
1472 1488 1734 1540 MCOXLV‚
1775 1503 1925 1531 mense
1957 1488 2119 1538 Iuni00‚
2153 1489 2234 1530 ΙΙΙ.
2268 1488 2404 1530 indic—

212 1566 353 1615 tionis.
377 1565 617 1619 imperante
642 1559 840 1602 dominof
861 1564 1005 1600 nostro
1031 1558 1277 1599 Fridericox
1299 1558 1608 1613 gloriosissimo
1628 1558 1923 1599 Romanorum
1945 1558 2207 1614 imperatore
2231 1572 2405 1613 semper

213 1638 408 1689 augusto.
439 1632 679 1673 Ierusalem
713 1634 754 1669 et
778 1628 935 1683 Sycilie
969 1641 1084 1682 rege,
1116 1626 1300 1667 Romani
1331 1627 1499 1682 imperii
1532 1627 1623 1668 eius
1658 1641 1768 1667 anno
1793 1627 1997 1668 vicesimo
2020 1626 2072 1679 V,
2106 1627 2256 1681 regni&
2284 1626 2406 1667 Ieru-

214 1702 377 1744 salemh
408 1701 614 1742 vicesimo
648 1698 803 1754 primo,
836 1697 958 1751 regni
990 1709 1092 1736 vero
1128 1695 1283 1751 Sycilie
1315 1694 1498 1737 XLVII.

354 1769 465 1812 Dat.i
499 1769 689 1809 Verone.
725 1779 854 1807 ann0.
889 1779 1058 1813 mense.
1092 1763 1355 1804 indictionek
1388 1764 1648 1818 prescriptis.

346 2144 469 2211 261.
523 2137 1255 2212 CONSTITUTIO
1310 2136 1662 2208 REGNI
1721 2135 2278 2207 AUSTRIAE.

1149 2262 1291 2310 1245.
1333 2263 1480 2321 (Iun.)

356 2397 628 2449 Praeceptum
677 2396 766 2446 hoc,
815 2395 1004 2448 quamvis
1047 2396 1103 2437 ad
1139 2397 1433 2450 perfectionem
1477 2394 1707 2448 diffinitam
1755 2397 1858 2436 certe
1903 2406 2119 2446 nunquam
2161 2392 2411 2446 pervenerit,

215 2471 353 2509 tamen
387 2468 430 2507 in
462 2466 716 2508 cancellaria
745 2465 957 2516 imperiali
987 2468 1219 2517 conceptum
1240 2465 1302 2506 ita
1322 2465 1587 2506 attentionem
1608 2466 1748 2514 movet,
1779 2466 1824 2504 ut
1851 2463 1987 2515 ipsum
2009 2462 2222 2503 excludere
2242 2460 2411 2501 minime

217 2536 473 2577 coluerimus.
544 2535 721 2576 Edimus
766 2533 812 2574 id
851 2533 987 2574 adiuti
1037 2533 1079 2589 1)
1117 2533 1354 2586 apoyraplzo
1391 2547 1418 2574 a
1459 2533 1547 2573 viro
1586 2532 1698 2573 docto
1735 2544 1835 2573 saec.
1856 2531 1987 2581 XIX,
2026 2532 2073 2571 ut
2111 2543 2204 2571 reor
2240 2530 2329 2570 viro
2359 2529 2406 2570 cl.

214 2605 359 2654 Ebcrt‚
404 2604 486 2644 iam
525 2604 621 2644 olim
657 2602 773 2657 facto
811 2603 945 2643 nescio
984 2616 1062 2654 quo
1102 2617 1121 2643 e
1161 2602 1309 2652 codice,
1352 2601 1460 2654 quod
1500 2615 1543 2643 co
1582 2601 1744 2642 excellit
1773 2600 1882 2653 quod
1912 2600 2166 2652 protocollon
2202 2598 2410 2652 inteyruni

211 2673 397 2725 praebe&
436 2673 478 2727 2)
512 2671 642 2712 codice
674 2670 875 2712 Parisino
915 2672 989 2714 lat.
1011 2672 1150 2711 13059
1182 2670 1246 2724 (S.
1281 2671 1485 2713 Gcrmain
1512 2669 1683 2723 Harlay
1705 2670 1808 2721 455)
1834 2682 1941 2720 pars
1972 2667 2043 2718 VI,
2074 2681 2139 2708 nr.
2158 2669 2214 2708 26
2239 2665 2319 2722 fol.
2343 2666 2408 2714 53,

215 2743 288 2794 qui
313 2744 475 2794 partem
509 2741 643 2782 lineae
677 2740 981 2793 clzronoloyicae
1013 2741 1210 2790 servavit;
1241 2753 1358 2792 quem
1384 2742 1552 2791 practer
1584 2738 1756 2780 codicem
1787 2736 2086 2779 Notre-Dame
2106 2737 2193 2778 202
2222 2734 2412 2777 adhibuit

215 2811 338 2851 etiam
385 2809 664 2858 Huillarclus;
711 2809 754 2863 3)
798 2809 974 2850 editione
1010 2809 1305 2851 W'lrdtwcinii
1348 2809 1395 2848 in
1440 2807 1572 2848 Novis
1614 2807 1812 2848 subsidiis
1853 2806 2131 2858 diplomaticis
2171 2804 2279 2855 XII,
2305 2805 2363 2845 23
2393 2815 2412 2844 c

217 2879 346 2919 codice
378 2878 576 2919 Vaticano
597 2878 709 2916 3999
747 2877 928 2928 proflua,
974 2878 1046 2929 qui
1091 2876 1319 2918 dictamina
1357 2875 1476 2916 Petri
1511 2875 1558 2916 de
1597 2875 1739 2916 Vincis
1782 2875 2001 2916 continet1.
2075 2872 2299 2914 Praeterea
2327 2883 2413 2912 non

217 2947 427 2987 omisimus
466 2946 666 2987 adnotare
708 2946 873 2986 variam
910 2945 1118 2986 lectionem
1163 2946 1378 2985 nominum
1414 2944 1672 2995 principum,
1717 2957 1822 2995 quae
1869 2944 1915 2983 in
1953 2942 2084 2984 codice
2124 2939 2414 2982 Vallicelliano

218 3015 259 3056 J.
282 3016 337 3055 29
369 3027 470 3056 saec.
497 3013 630 3055 XIII
633 3039 686 3043 ——
701 3014 774 3054 XI
784 3014 828 3055 V.
861 3027 919 3065 cp,
942 3014 997 3054 25
1030 3014 1147 3054 obvia
1169 3025 1320 3054 excusa
1341 3015 1398 3053 est
1420 3012 1599 3053 ‘Archiv’
1628 3011 1672 3062 V,
1694 3013 1778 3051 410
1799 3014 1836 3052 ct
1852 3011 2137 3066 framuentum
2158 3006 2412 3050 eschatocolli

217 3098 235 3123 e
267 3084 395 3124 codice
430 3082 757 3137 Guelferbytano
785 3083 892 3134 Aua.
926 3083 971 3123 in
992 3083 1050 3122 40
1081 3082 1216 3124 XIII.
1238 3084 1266 3121 3
1296 3094 1398 3122 saec.
1425 3080 1552 3123 XIV.
1613 3080 1787 3133 Lenitur
1815 3082 2076 3132 praeceptum
2105 3079 2152 3119 in
2183 3077 2414 3119 collectione

219 3151 335 3192 Petri
366 3152 412 3193 ‘Ie
445 3151 585 3192 Vincis
617 3152 642 3192 l.
675 3151 748 3201 VI,
779 3165 807 3192 c.
830 3153 886 3192 26
916 3153 953 3191 et
992 3152 1037 3191 in
1076 3151 1181 3192 libro
1220 3151 1491 3191 dictaminum
1522 3149 1701 3190 chrici
1732 3149 1876 3191 Italici
1887 3149 1915 3189 2.
1975 3147 2168 3189 Editor-cs
2197 3144 2414 3187 novissimi

356 3264 444 3299 260.
477 3273 509 3308 Ρ)
536 3268 684 3308 gratiosa
709 3266 740 3299 3.
865 3266 897 3307 q)
923 3267 1064 3299 inclinat
1090 3265 1120 3299 3.
1245 3266 1273 3308 Υ)
1299 3271 1332 3298 et
1357 3266 1437 3298 add.
1459 3264 1572 3304 1-—3;
1607 3265 1698 3297 deest
1720 3264 1770 3296 M.
1895 3264 1922 3305 ⁸)
1948 3264 1993 3295 sic
2020 3262 2118 3295 1-3,
2235 3259 2262 3303 t)
2287 3271 2355 3304 qua
2382 3259 2414 3293 2.

219 3329 252 3364 Π)
281 3325 394 3365 itaque
420 3322 451 3355 3.
569 3329 599 3364 v)
625 3330 785 3365 tympano
811 3321 841 3355 3.
951 3324 990 3362 w)
1024 3324 1225 3366 Frisigensis
1252 3323 1288 3364 1;
1320 3323 1499 3355 Frisiensis
1524 3322 1555 3355 3.
1676 3321 1709 3362 x)
1736 3321 1875 3353 Fridric.
1904 3319 1933 3352 1.
1959 3319 1991 3352 3.
2101 3318 2133 3358 y)
2158 3319 2356 3361 Habsperch
2382 3316 2413 3351 3.

220 3387 248 3422 Ζ)
274 3381 509 3412 Helfenstaein
536 3379 566 3412 ¹2.
684 3386 713 3421 ³)
740 3381 858 3423 Neyffe
887 3380 922 3419 1;
963 3382 1083 3413 Neifen
1109 3380 1140 3413 3.
1259 3379 1291 3422 b)
1327 3381 1379 3412 liic
1405 3381 1497 3412 locus
1521 3378 1820 3420 monoqrammatis
1844 3378 1879 3410 in
1904 3376 1940 3416 2;
1972 3377 2008 3408 in
2034 3376 2052 3409 1
2079 3382 2109 3409 et
2133 3375 2154 3409 3
2180 3376 2272 3408 locu-3
2296 3386 2411 3407 mono-

216 3438 418 3479 (Jrnmmatis
445 3438 610 3477 (senuimus
642 3438 710 3469 iam
743 3439 895 3479 cognosci
926 3450 993 3469 non
1019 3444 1137 3480 potest.
1269 3437 1298 3478 θ)
1324 3438 1429 3470 nostri
1455 3437 1536 3469 add.
1557 3435 1586 3469 1.
1605 3435 1636 3468 2.
1754 3432 1798 3477 “1)
1825 3435 2025 3477 imperatore
2051 3433 2081 3466 3.
2213 3433 2241 3473 Ω)
2266 3433 2355 3464 Iunii
2381 3430 2412 3464 3·

219 3492 250 3534 s)
278 3495 398 3526 domno
425 3494 454 3525 1.
573 3499 606 3534 Β)
633 3500 794 3536 regnante
820 3493 851 3526 2.
969 3493 1002 3535 ¹¹)
1030 3495 1119 3527 deest
1142 3493 1172 3526 3.
1291 3492 1315 3535 i)
1340 3495 1466 3525 Datum
1492 3492 1524 3525 2.
1549 3492 1580 3524 3.
1698 3491 1733 3533 k)
1760 3492 1954 3524 indictionis
1978 3490 2010 3524 3.

359 3584 392 3625 1)
427 3582 464 3616 V.
491 3582 647 3616 ‘Archiv'
680 3583 718 3625 V,
736 3588 814 3618 426.
932 3584 967 3626 2)
994 3583 1030 3618 V.
1059 3583 1204 3619 ‘Archiv
1233 3583 1296 3626 fiir
1323 3581 1457 3616 Kunde
1486 3582 1675 3616 osterreich.
1708 3581 2054 3624 Geschiclitsquellen'
2083 3577 2237 3622 XXIX,
2256 3581 2300 3612 23
2324 3575 2413 3621 (cod.

222 3640 412 3684 Reqimont.
435 3651 470 3683 [ι.
490 3644 557 3682 24).

2454 543 2467 566 5

2440 891 2471 916 10

2442 1230 2473 1254 15

2443 1576 2476 1602 20

2446 2285 2478 2311 25

2448 2684 2481 2709 30

2449 3020 2480 3044 35

2450 3382 2483 3407 40
