2558 3970
34 753 112 778 nm.

212 153 284 192 168
683 149 921 184 Fh'IDElllCl
952 150 994 184 11.
1021 149 1454 184 CONSTITL'TIONES.
1507 152 1602 184 1229.
1652 150 1714 185 Nr.
1738 151 1812 185 123.
1840 150 1914 185 124.

204 266 345 305 taliter
379 266 507 305 vellet
535 264 692 304 delere.
726 264 838 317 quod
874 264 1031 303 inimici
1065 265 1202 304 crucis
1233 264 1391 304 Christi
1425 280 1473 305 ac
1507 265 1576 305 alii
1611 266 1704 305 falsi
1739 265 1975 314 christiani,
2008 267 2077 320 qui
2110 265 2299 320 gaudent
2332 266 2385 308 de

204 334 426 374 discordia.
461 334 511 373 de
545 347 650 387 pace
684 339 725 373 ot
759 332 983 373 concordia
1017 333 1346 376 confundantur:
1383 338 1425 374 et
1457 333 1568 388 qnod
1602 334 1708 374 nolit
1739 348 1784 375 se
1819 334 2030 375 extollere
2053 348 2131 375 nec
2161 334 2386 376 attendere

204 403 509 442 exaltationem
553 407 594 441 ct
627 401 833 441 honorem
866 401 1068 441 divinitus
1111 401 1191 441 sibi
1234 402 1458 453 collatum,
1500 406 1565 442 set
1598 406 1756 456 quanto
1796 403 1934 456 ipsum
1967 401 2085 442 Deus
2117 402 2385 452 exaltaverit,

204 480 320 509 tanto
355 469 453 508 velit
487 484 532 509 se
565 484 705 509 coram
740 469 966 509 Altissimo
1004 469 1250 515 humiliare,
1293 475 1335 511 01
1374 474 1547 524 propter
1587 483 1683 510 eum
1726 484 1869 511 coram
1902 485 1952 511 eo
1985 470 2055 525 qui
2086 470 2179 510 viee
2212 484 2289 511 sua
2321 474 2388 512 est

205 538 456 578 constitutus
490 538 529 577 in
564 543 690 578 terra.
754 538 847 578 Hec
881 543 923 577 et
955 538 1036 577 alia
1070 538 1153 578 hiis
1187 538 1355 583 similia,
1392 552 1472 592 que
1505 538 1678 592 longum
1712 543 1829 579 esset
1861 552 2050 589 narrare,
2082 539 2385 594 proposuimus

203 620 256 645 cx
291 614 407 659 parte
443 620 530 646 sua.
593 606 741 652 Qualis
774 610 918 646 autem
953 606 1088 646 letitia
1119 606 1246 647 suerit
1288 607 1328 647 in
1371 607 1547 647 introitu
1579 621 1655 648 suo
1689 608 1728 647 in
1762 607 2013 658 Ierusalem,
2046 610 2089 648 et
2121 606 2220 647 dum
2253 607 2387 648 verba

202 689 280 728 que
319 673 581 727 prediximus
619 675 902 715 recitarentur
952 675 1163 716 universis
1204 675 1447 715 christianis
1495 679 1536 715 et
1577 675 1727 716 ineolis
1766 675 1974 726 civitatis,
2015 675 2086 715 vix
2124 679 2273 730 posset
2307 690 2383 717 ex-

146 756 169 777 a.
203 743 346 797 plicari
381 757 587 783 sermone.
653 743 749 783 Iliis
781 743 837 782 ita
872 743 1079 797 peraetiS.
1123 743 1239 784 venit
1271 743 1338 784 (110
1371 743 1469 784 111110
1504 743 1698 797 sequenti
1732 743 2084 797 archiepiscopus
2117 742 2386 784 Cesariensis

202 812 355 851 missus
390 826 412 851 a
446 811 616 851 domino
651 810 894 866 patriarcha
927 817 969 851 et
1003 811 1233 852 eeclesiam
1267 811 1403 851 sancti
1438 811 1665 866 Sepulchri
1699 816 1741 852 et
1774 812 1916 851 onmia
1947 811 2042 852 loca
2065 815 2215 853 saneta
2247 813 2390 867 posuit

202 880 278 919 snb
312 879 560 920 interdicto:
598 894 672 934 pro
706 894 789 934 quo
823 885 936 920 totus
971 880 1184 920 exercitus
1224 880 1303 920 fuit
1336 879 1459 920 valde
1503 879 1700 920 turbatus
1733 883 1776 920 01
1809 884 1957 921 contra
1988 879 2216 921 ecclesiam
2248 880 2387 936 indig-

203 956 341 989 natus.
376 949 472 1002 quia
507 949 649 990 etiam.
685 962 815 1003 quare
849 948 927 988 hoc
961 947 1121 989 factum
1155 953 1285 999 esset,
1320 948 1479 989 nullam
1513 947 1758 989 evidentem
1793 961 1966 988 causam
1998 947 2198 989 ostendit.
2261 948 2388 990 Unde

203 1017 330 1057 ctiam
365 1017 563 1057 dominus
597 1017 830 1071 imperator
863 1022 1099 1057 commotus
1133 1016 1248 1056 misit
1280 1031 1354 1071 pro
1390 1017 1479 1072 ipso
1509 1016 1835 1072 archiepiscopo
1858 1016 2118 1064 Cesaricnsi,
2153 1017 2224 1071 qui
2247 1021 2390 1058 tamen

203 1100 283 1125 non
319 1086 569 1141 comparuit.
604 1091 645 1125 et
680 1100 754 1140 pro
788 1085 986 1126 omnibus
1021 1085 1196 1140 prelatis
1230 1090 1272 1126 et
1304 1089 1567 1140 conquestus
1592 1091 1657 1126 est
1690 1085 1860 1140 publice
1885 1099 2026 1126 eoram
2049 1085 2126 1135 eis,
2159 1085 2272 1139 quod
2294 1086 2390 1127 loca

203 1164 371 1195 sancta.
422 1169 502 1208 que
551 1154 622 1194 diu
664 1154 741 1194 sub
782 1158 994 1209 potestate
1037 1155 1372 1194 Sarracenorum
1414 1154 1589 1195 fuerunt
1633 1158 1675 1195 et
1720 1168 1831 1194 nunc
1874 1158 2020 1195 essent
2051 1153 2194 1195 divino
2228 1155 2389 1196 auxilio

202 1224 402 1264 liberata.
447 1223 629 1263 fuissent
663 1223 803 1277 posita
835 1223 913 1263 sub
948 1221 1189 1272 interdicto,
1233 1236 1309 1277 per
1341 1222 1628 1277 patriarcham
1661 1223 1899 1277 captivitati
1932 1226 1975 1264 01
2005 1223 2174 1264 miserie
2208 1223 2387 1278 pristine

204 1292 399 1332 restituta
435 1306 487 1331 ex
521 1291 651 1331 divini
686 1291 813 1331 officii
847 1290 1148 1345 prohibitione.
1210 1290 1412 1331 Asseruit
1445 1290 1587 1340 etiam,
1620 1289 1731 1344 quod
1767 1289 1801 1330 si
1833 1290 1925 1345 ipse
1947 1291 2016 1331 vel
2039 1291 2191 1345 aliquis
2216 1304 2390 1332 suorum

203 1360 488 1416 patriarcham
523 1360 562 1400 in
597 1361 738 1414 aliquo
773 1359 1061 1409 offendissent,
1095 1359 1226 1399 vellet
1260 1374 1305 1399 se
1340 1359 1511 1399 omnino
1544 1358 1720 1414 proinde
1745 1359 2013 1400 committere
2044 1373 2192 1400 eorum
2215 1359 2390 1400 arbitrio

203 1437 242 1469 et
281 1429 502 1469 voluntati.
572 1428 625 1468 Et
667 1429 726 1469 sic
768 1428 819 1469 (10
870 1428 1219 1469 rehedificatione
1261 1428 1448 1468 civitatis
1490 1428 1676 1468 sollicite
1719 1427 1946 1483 disposito,
1997 1428 2089 1483 ipso
2129 1428 2197 1469 die
2238 1443 2390 1470 versus

206 1499 365 1553 ioppen
409 1497 546 1540 rediit.
618 1497 920 1538 Intelleximus
965 1502 1108 1537 autem
1152 1497 1445 1551 postmodum,
1486 1496 1599 1551 quod
1632 1497 1828 1537 dominus
1862 1497 2106 1552 patriarcha
2137 1496 2234 1538 ideo
2267 1497 2389 1538 Ieru-

204 1568 333 1607 salem
368 1576 409 1608 et
444 1568 536 1607 loca
560 1572 707 1607 sancta
730 1566 874 1621 posuit
897 1566 974 1606 sub
1000 1565 1239 1615 interdicto,
1275 1564 1386 1620 quod
1411 1565 1635 1606 Sarraceni
1669 1565 1880 1606 haberent
1900 1566 1942 1606 in
1966 1565 2160 1606 custodia
2183 1566 2388 1621 templum

202 1636 371 1676 Domini
405 1641 447 1676 et
480 1637 684 1690 templum
719 1635 960 1676 Salomonis
994 1640 1036 1676 et
1068 1634 1181 1689 quod
1213 1634 1271 1674 ibi
1303 1634 1376 1675 lex
1409 1648 1557 1675 eorum
1590 1634 1799 1675 clamatur
1821 1635 1874 1675 ab
1899 1635 1962 1675 eis
1986 1638 2028 1676 et
2051 1635 2217 1676 colitur.
2273 1634 2390 1675 Sciat

203 1713 344 1745 autem
378 1704 578 1744 discretio
618 1709 778 1745 vestra.
822 1703 934 1758 quod
970 1703 1194 1744 Sarraceni
1235 1703 1442 1758 templum
1485 1703 1622 1758 ipsum
1662 1703 1788 1743 aliter
1828 1717 1912 1744 non
1954 1707 2122 1755 tenent,
2163 1704 2246 1745 nisi
2280 1702 2392 1758 quod

202 1773 327 1828 pziuci
361 1773 607 1813 sacerdotes
641 1786 786 1813 eorum
820 1787 947 1813 senes
989 1778 1032 1813 et
1073 1773 1164 1813 sine
1198 1772 1328 1812 armis
1370 1776 1469 1812 sunt
1501 1772 1542 1812 in
1576 1772 1669 1826 ipsa
1701 1771 1825 1812 domo
1858 1785 1932 1826 pro
1967 1772 2161 1813 oratione
2192 1770 2394 1813 facienda

203 1850 244 1882 et
277 1841 400 1882 domo
435 1841 690 1883 mundanda.
744 1841 955 1883 Homines
979 1847 1124 1882 autem
1148 1841 1421 1896 imperatoris
1445 1841 1692 1882 custodiunt
1714 1845 1757 1882 et
1779 1842 1948 1882 firmant
1970 1844 2116 1896 portas
2139 1840 2391 1892 exteriores,

204 1912 259 1951 ita
292 1911 402 1966 quod
435 1925 512 1952 nec
548 1911 649 1965 ipsis
684 1911 932 1951 Sarracenis
966 1924 1043 1951 nee
1076 1910 1168 1950 aliis
1202 1911 1405 1951 introitus
1438 1915 1557 1964 patet
1590 1911 1659 1950 vel
1692 1910 1858 1959 exitus,
1898 1910 1977 1950 nisi
2012 1913 2215 1964 quantum
2248 1908 2392 1963 placet

204 1980 442 2020 hominibus
475 1980 757 2035 imperatoris.
819 1980 914 2020 Hec
948 1979 1129 2020 vidimus
1164 1982 1206 2020 01
1238 1978 1492 2030 audivimus,
1527 1983 1569 2020 et
1602 1979 1662 2019 sic
1695 1979 1737 2018 in
1760 1979 1938 2020 veritate
1971 1979 2049 2019 fuit
2079 1977 2204 2019 nobis
2236 1978 2393 2019 ibidem

203 2049 489 2089 existentibus
522 2048 777 2089 ordinatum.
830 2048 1082 2089 Oblationes
1115 2048 1257 2099 etiam,
1292 2062 1373 2102 que
1408 2048 1450 2088 in
1472 2048 1632 2103 templo
1654 2047 1828 2088 Domini
1851 2048 2092 2088 offeruntur
2113 2047 2167 2089 ad
2188 2046 2391 2102 lapidem,

203 2118 275 2157 ubi
309 2117 432 2158 Iesus
467 2116 663 2158 Christus
695 2117 776 2157 fuit
809 2117 999 2167 oblatus,
1039 2117 1250 2171 recipiunt
1283 2116 1516 2157 christiani.
1579 2116 1751 2157 Dicitur
1783 2116 1913 2157 etiam
1953 2116 2007 2158 ab
2039 2116 2244 2171 antiquis,
2277 2115 2391 2170 quod

204 2193 301 2226 ante
340 2187 657 2227 ammissionem
691 2186 822 2227 Terre
858 2186 1014 2227 Sancte
1065 2186 1293 2227 Sarraceni
1335 2186 1425 2226 sere
1469 2186 1510 2226 in
1553 2185 1749 2226 omnibus
1782 2185 2028 2226 civitatibus
2060 2184 2391 2226 christianorum

203 2256 322 2309 leges
355 2270 451 2296 suas
486 2255 717 2296 servabant
749 2261 790 2296 et
823 2256 864 2295 in
897 2256 1091 2296 oratoriis
1126 2255 1214 2296 suis
1249 2269 1322 2296 eas
1356 2254 1624 2304 clamabant,
1668 2255 1776 2295 810111
1808 2254 1938 2295 0110111
1972 2253 2196 2295 christiani
2226 2254 2269 2294 in
2299 2253 2388 2295 Da-

205 2338 348 2364 masco
383 2328 423 2363 et
457 2325 498 2363 in
532 2324 624 2364 aliis
659 2324 782 2364 terris
818 2324 1157 2365 Sarracenorum
1192 2323 1441 2364 custodiunt
1473 2324 1593 2377 leges
1627 2337 1739 2364 suas.
1801 2323 1896 2364 Hec
1918 2337 2020 2364 vero
2044 2337 2127 2364 non
2149 2322 2245 2364 ideo
2267 2322 2390 2364 vobis

203 2392 449 2432 scribimus.
495 2392 606 2446 quod
640 2392 753 2433 idem
786 2392 957 2446 placeat
990 2391 1160 2432 domino
1194 2392 1466 2447 imperatori,
1500 2396 1542 2432 et
1575 2391 1688 2446 quod
1720 2406 1802 2432 non
1834 2391 2039 2443 libenter,
2073 2391 2137 2431 sia
2166 2391 2390 2446 potuisset,

203 2461 326 2500 aliter
358 2460 612 2502 ordinasset.
677 2461 752 2501 Set
786 2461 895 2500 sicut
926 2460 1046 2501 Deus
1080 2461 1210 2511 novit,
1242 2475 1393 2515 pacem
1428 2467 1470 2502 et
1502 2466 1707 2515 treuguas
1739 2474 1824 2501 non
1856 2460 1994 2515 potuit
2025 2460 2149 2501 aliter
2181 2459 2390 2501 stabilire.

205 2529 356 2569 Omnia
390 2529 585 2584 predicta
626 2529 784 2570 idcirco
820 2530 937 2570 vobis
982 2530 1250 2584 scripsimus,
1295 2535 1341 2570 ut
1383 2531 1493 2570 forte
1527 2529 1561 2569 si
1596 2529 1716 2570 vobis
1759 2529 1812 2570 ab
1843 2529 1928 2570 alio
1961 2529 2086 2570 aliter
2117 2529 2390 2579 scriberetur,

204 2598 345 2638 sciatis
386 2600 611 2639 veritatem
646 2623 696 2627 -
732 2598 792 2639 sic
836 2604 901 2639 cst
942 2604 988 2639 ut
1021 2599 1268 2654 scripsimus
1388 2604 1430 2639 et
1464 2599 1578 2639 omni
1625 2598 1794 2653 spiritui
1834 2613 1919 2639 non
1959 2598 2165 2647 credatis,
2208 2602 2251 2638 et
2294 2597 2393 2652 quia

204 2668 356 2707 scimus
390 2667 538 2710 etiam,
580 2666 691 2721 quod
733 2681 883 2721 pacem
917 2672 959 2708 et
992 2667 1264 2708 concordiam
1304 2667 1414 2708 inter
1455 2667 1684 2708 ecclesiam
1723 2671 1765 2707 01
1803 2667 2110 2722 imperatorem
2142 2666 2316 2720 diligitis
2350 2669 2394 2707 et

204 2750 278 2790 pro
312 2736 404 2790 ipsa
438 2735 632 2776 facienda
665 2736 847 2776 sollicite
881 2736 1101 2786 laboratis,
1137 2750 1210 2790 pro
1243 2750 1324 2790 quo
1356 2750 1431 2776 vos
1465 2750 1736 2777 moneremus
1769 2740 1948 2786 01101110,
1984 2735 2019 2776 81
2052 2740 2168 2776 08801
2199 2748 2390 2776 11000880.

206 2804 407 2843 Ceterum
443 2804 552 2844 lator
586 2805 847 2858 presentium
884 2806 1015 2845 frater
1048 2805 1089 2845 S.
1125 2819 1319 2845 rumores
1355 2819 1503 2845 omnes
1537 2804 1657 2845 vobis
1690 2804 1860 2858 plenius
1894 2803 2176 2844 annuntiabit.

902 3074 1024 3141 124.
1077 3071 1695 3142 ENCYCLIOA

421 3172 561 3241 DE
619 3173 972 3245 HOSTE
1022 3175 1153 3244 AB
1209 3175 1564 3246 ITALIS
1618 3173 2184 3244 FACIENDA.

1121 3299 1262 3345 1299.
1303 3299 1406 3345 Oct.
1437 3300 1480 3346 5.

351 3415 536 3455 *Sera-acic
568 3430 655 3456 eam
679 3417 922 3471 Ryccardus
953 3419 1000 3459 (
1023 3420 1177 3460 hanclo
1202 3421 1411 3461 Germano
1511 3419 1699 3461 chronico
1719 3432 1792 3459 suo
1814 3434 1850 3460 ,
1874 3420 1984 3459 1229
2006 3418 2102 3471 (SS.
2123 3416 2254 3465 XIX,
2272 3416 2357 3456 356
2355 3416 2389 3466 ),

207 3484 277 3534 qni
308 3484 404 3523 leuce
433 3485 679 3534 praemulta:
714 3486 953 3541 Imperator
987 3503 1084 3528 suas
1117 3489 1159 3528 in
1188 3488 1492 3529 Lonibardiam
1525 3493 1568 3530 et
1590 3488 1791 3528 Tusciam
1824 3491 1867 3528 et
1889 3486 2190 3528 Romaniolam
2224 3484 2388 3525 litteras

209 3551 350 3605 dirigit
383 3553 423 3591 in
458 3551 534 3592 hac
567 3553 716 3593 forma.
836 3555 1065 3595 Hece'llard-
1079 3555 1291 3596 Brcleollcs
1326 3556 1414 3605 III,
1439 3559 1532 3595 166.
1595 3555 1787 3604 Bmmwr,
1818 3554 1918 3606 Rey.
1952 3553 2047 3604 imp.
2079 3552 2123 3602 V,
2156 3555 2276 3593 1764.

1975 3620 2045 3674 (P.
2066 3622 2185 3673 265.)

2427 897 2458 922 10

2428 1242 2459 1266 15

2427 1581 2460 1606 20

2429 1925 2461 1950 25

2428 2267 2461 2293 30

2428 2607 2506 2645 353

2423 3636 2455 3662 45
