2558 3970
82 1076 114 1100 10

82 1422 113 1446 15

81 1767 114 1793 20

87 2113 118 2140 25

694 150 935 185 Falmffllel
963 151 1005 184 ll.
1037 150 1470 185 coNs'l·1'1·U'rloNEs.
1524 153 1620 184 1221.
1674 151 1734 185 Nr.
1754 152 1807 184 7⁸.
2299 155 2351 192 99

149 266 297 307 doinus
329 266 415 307 dux
441 265 678 313 Bau-arim,
713 264 982 305 Gnarum-ins
1016 265 1068 305 de
1096 265 1302 306 Bollandn
1338 265 1507 319 dapifer
1541 266 1721 321 imperii.
1759 266 1991 305 Ansvlmus
2023 266 2074 305 de·
2103 266 2350 317 lustingenq

149 335 452 385 marescalcus,
485 333 572 374 dux
607 333 788 389 Spoleti,
824 338 866 374 et
899 334 969 374 alii
1003 333 1140 374 multi.

292 403 391 444 Dat.
426 404 467 443 in
491 402 645 444 castris
670 403 710 443 in
735 403 989 458 episcopatu
1016 402 1197 443 Mantue
1228 416 1362 457 prope
1387 402 1526 447 Godc,
1563 403 1689 458 {anno
1715 402 1903 457 Domini!
1930 403 2155 443 millesimo
2180 403 2353 450 (JCXX,

148 471 227 514 XI.
261 470 357 512 Kal.
392 471 560 522 Octob.,
595 471 827 512 indictione
853 470 977 511 V111.

376 664 446 706 78.
481 664 854 707 MANDATUM
880 664 1123 705 LEG-ATI
1158 664 1377 705 To'l'll‘s
1413 665 1682 705 ΙΤΑΙᾸΙΛΙιῖ
1743 670 1911 710 (1:321.)
1945 668 2064 708 Ἐμὸν.
2090 672 2128 711 νΙ.

292 745 337 786 E
363 745 492 786 Libro
523 759 718 787 rensuum
744 746 992 786 Pisum-lensi
1013 759 1116 785 save.
1144 745 1279 787 XIII.
1306 746 1360 785 iu.
1389 746 1464 799 fiel.
1491 743 1581 788 :372
1620 772 1666 776 —
1704 746 2146 788 Jluillaml-[irfilmllcs
2181 749 2240 796 ΙΙ,
2267 751 2355 787 115.

1978 816 2047 868 (I’.
2071 817 2213 869 dress.)

294 917 519 958 Conradus
552 917 632 959 Dei
665 918 804 973 gratia
838 917 1047 959 Metensis
1081 922 1124 958 et
1158 918 1377 972 Spirensis
1411 918 1659 972 episcopus,
1693 919 1927 974 imperialis
1951 920 2049 959 aule
2074 921 2357 960 cancellarius

149 991 278 1043 atque
298 988 443 1033 ,totius
471 986 615 1028 Ytalie
641 988 818 1042 ⁴legatus
850 987 1218 1043 archiepiscopiS,
1252 987 1466 1042 episcopis
1487 1019 1496 1030 ,
1529 987 1764 1028 abbatibus
1800 989 2042 1043 veterisque
2076 989 2356 1029 eeclesiarum

152 1057 328 1112 prelatis
370 1070 536 1097 necnon
579 1056 914 1101 marchionibus,
958 1056 1201 1100 comitibus,
1236 1057 1493 1111 capitaneis.
1536 1057 1860 1097 varvassoribus
1903 1062 1945 1097 et
1979 1058 2195 1098 nobilibus
2229 1064 2357 1112 atquc

151 1125 458 1180 potestatibu8‚
493 1126 741 1167 consulibus
773 1140 850 1167 seu
884 1125 1126 1166 rectoribus
1161 1130 1204 1165 et
1236 1125 1646 1165 communitatibus³
1680 1127 1867 1166 omnium
1903 1127 2125 1167 civitatum
2160 1133 2202 1167 et
2236 1128 2357 1183 oppi-

150 1193 299 1235 dorum
341 1195 466 1236 simul
512 1200 554 1235 et
600 1195 841 1236 rectoribus
882 1200 1012 1250 atque
1053 1194 1208 1250 populo
1244 1199 1287 1235 et
1320 1194 1534 1235 universis
1568 1208 1645 1250 per
1676 1194 1876 1236 Tusciam
1912 1197 2158 1237 constitutis
2192 1198 2358 1252 imperii

151 1262 355 1305 fidelibus
389 1264 573 1305 salutem
606 1270 649 1305 et
681 1278 806 1305 omne
840 1265 1012 1305 bonum.

297 1332 580 1374 Universitati
622 1338 766 1374 vestre
808 1334 1001 1388 presenti
1043 1333 1202 1388 pagina
1243 1333 1423 1373 facimus
1457 1333 1754 1378 manifestum,
1797 1334 1911 1388 quod
1957 1350 2033 1375 nos
2066 1334 2118 1376 de
2153 1335 2358 1376 fidelitate

152 1404 400 1460 pariterque
434 1402 646 1444 industria
678 1402 818 1444 fidelis
852 1404 1019 1459 imperii
1054 1409 1098 1444 et
1121 1403 1269 1443 dilecti
1306 1403 1531 1443 familiaris
1565 1404 1697 1443 nostri
1723 1402 1930 1444 Everardi
1957 1403 2008 1444 de
2034 1404 2194 1444 Lutra'’
2230 1404 2358 1459 pluri-

151 1487 265 1514 mum
300 1471 580 1518 confidentes,
624 1473 723 1527 quia
765 1477 942 1527 propter
982 1472 1116 1512 multa
1154 1472 1321 1527 imperii
1356 1472 1530 1525 negotia
1562 1473 1602 1512 in
1648 1473 1869 1527 provincia
1903 1472 2062 1514 Tuscia
2095 1473 2147 1514 ad
2182 1488 2360 1528 presens

151 1555 313 1583 moram
358 1542 504 1583 facere
551 1555 634 1582 non
682 1542 892 1593 valemus,
940 1542 1080 1598 ipsum
1124 1541 1419 1583 Everardu1n⁰
1470 1542 1511 1582 in
1559 1546 1651 1582 tota
1701 1541 1853 1582 eadem
1904 1543 2124 1597 provincia
2166 1543 2359 1582 nuntium

151 1616 344 1652 nostrum
377 1611 679 1652 constituimus
713 1611 963 1667 specialem,
997 1612 1317 1652 committentes
1351 1610 1491 1651 eidem
1525 1611 1566 1651 in
1600 1611 1797 1651 omnibus
1830 1611 2012 1665 agendis
2049 1612 2211 1666 imperii
2246 1611 2361 1652 vices

151 1686 319 1723 nostras
353 1680 590 1722 secundum
623 1680 737 1736 quod
778 1682 901 1723 nobis
935 1682 1168 1723 commissa
1207 1684 1307 1722 sunt
1340 1696 1364 1722 a
1396 1680 1602 1722 domino*l
1635 1685 1783 1721 nostro
1819 1682 2102 1735 imperatore.
2148 1695 2199 1720 eo
2235 1679 2360 1720 modo

150 1756 197 1792 ut
228 1751 372 1792 omnia
402 1750 576 1805 negotia
609 1751 777 1806 imperii
811 1751 941 1792 faciat
973 1756 1015 1792 et
1047 1751 1264 1806 disponat,
1298 1756 1516 1805 tamquam
1551 1765 1628 1791 nos
1662 1750 1805 1792 facere
1840 1764 2085 1805 possumus.
2119 1748 2356 1790 secundum

153 1820 264 1875 quod
299 1820 338 1861 ei
370 1819 584 1860 videbitur
616 1820 838 1876 expedire,
872 1826 915 1863 et
946 1826 992 1862 ut
1025 1821 1078 1862 de
1110 1821 1311 1862 omnibus
1345 1821 1585 1861 rationibus
1611 1821 1778 1876 imperii
1805 1820 2013 1875 quilibetss
2037 1820 2074 1860 ei
2100 1818 2362 1873 respondere

153 1889 310 1930 debeat
341 1893 560 1944 tamquam
594 1890 729 1932 nobis
790 1890 1079 1932 Ooncedimus
1113 1891 1242 1932 etiam
1277 1891 1357 1945 ipsi
1390 1890 1504 1931 fideli
1540 1894 1702 1939 nostro,
1737 1895 1783 1931 ut
1819 1890 1912 1945 ipse
1945 1904 2020 1944 per
2053 1903 2097 1929 se
2129 1894 2171 1929 et
2200 1888 2362 1928 iudices

153 1973 253 2000 suos
286 1959 425 2014 possit
457 1959 746 2014 cognosceres
776 1960 828 2002 de
861 1961 1060 2002 omnibus
1094 1961 1237 2002 causis
1272 1960 1470 2001 civilibus
1505 1964 1548 2001 et
1587 1959 1886 2001 criminalibus
1921 1965 1964 1999 et
1997 1957 2363 2013 appellationibus

154 2028 196 2069 in
238 2029 334 2083 ipsa
375 2029 595 2084 provincia
636 2031 1009 2084 provenientibus,
1059 2030 1161 2071 dare
1205 2030 1507 2085 possessiones
1553 2034 1596 2070 et
1638 2029 1890 2079 restituere,
1948 2042 2193 2083 supponere
2235 2027 2364 2068 etiam

156 2098 367 2146 civitates,
409 2102 550 2139 castra
589 2103 632 2140 et
675 2099 772 2140 loca
810 2103 853 2141 et
895 2114 1106 2156 personas
1147 2100 1287 2141 banno
1331 2099 1500 2154 imperii
1544 2103 1586 2139 et
1621 2099 1849 2140 absolvere
1883 2097 1936 2139 de
1970 2096 2111 2137 banno
2146 2101 2189 2137 et
2222 2100 2366 2137 cetera

155 2167 297 2208 omnia
327 2167 488 2218 facere,
531 2181 614 2222 que
646 2182 722 2209 nos
762 2169 910 2211 facere
944 2183 1183 2225 possemus,
1225 2168 1463 2211 secundum
1498 2167 1610 2223 quod
1643 2167 1697 2209 ad
1729 2168 1965 2208 utilitatem
1997 2166 2164 2222 imperii
2199 2165 2366 2206 noverit

156 2237 394 2292 pertinere;
440 2237 500 2278 ita
545 2237 655 2292 quod
699 2238 902 2294 quicquid
943 2240 1036 2295 ipse
1079 2239 1345 2280 ordinaverit
1393 2252 1469 2279 seu
1517 2237 1779 2292 preceperit,
1825 2237 1885 2278 ita
1935 2240 2073 2276 ratum
2116 2240 2157 2275 et
2200 2234 2365 2275 firmum

155 2305 382 2354 habeatur,
415 2320 466 2347 ae
498 2307 532 2347 si
566 2320 644 2348 nos
677 2321 749 2349 ore
781 2309 956 2364 proprio
992 2308 1262 2350 fecissemus.
1335 2307 1488 2348 Banna
1521 2311 1666 2348 autem
1706 2311 1748 2347 et
1786 2320 1898 2361 pene
1936 2305 2226 2360 pecuniariess,
2261 2317 2366 2358 quas

159 2377 253 2432 ipse
293 2375 501 2431 posuerit,
541 2375 664 2417 firma
703 2377 801 2427 sint,
844 2391 893 2418 ac
934 2378 968 2418 si
1009 2392 1086 2419 nos
1133 2378 1430 2433 posuissemus
1465 2391 1530 2418 ea.
1595 2375 1640 2417 Si
1674 2377 1770 2431 quis
1803 2380 1948 2416 autem
1983 2375 2021 2415 ei
2055 2372 2368 2429 presumpserit

159 2445 335 2488 rebellis
369 2445 570 2497 existere,
611 2446 882 2502 imperialem
920 2447 1261 2502 indignationem
1304 2452 1583 2501 nostrumque
1617 2445 1760 2486 odium
1799 2458 1845 2485 se
1878 2444 2047 2484 noverit
2080 2443 2365 2484 incursurum.

157 2514 226 2556 Ad
258 2514 386 2556 huius
419 2528 520 2556 vero
555 2515 617 2556 rei
649 2515 824 2571 plenam
856 2517 1054 2558 notitiam
1089 2516 1200 2558 hanc
1233 2516 1438 2571 paginam
1473 2514 1686 2556 conscribi
1716 2519 1953 2569 nostroque
1989 2513 2128 2568 sigillo
2163 2512 2366 2552 iussimus

158 2583 428 2625 communiri.

301 2653 445 2694 Huius
485 2654 546 2694 rei
586 2658 685 2695 sunt
727 2659 884 2696 testes:
931 2655 1130 2697 dominus
1172 2654 1418 2711 prepositus
1461 2653 1515 2694 de
1558 2652 1753 2703 Tanneh,
1799 2652 2043 2693 Ermannus
2087 2650 2139 2691 de
2182 2650 2365 2691 (fatena

160 2723 389 2779 episeopus
425 2722 670 2770 Lodiensis,
719 2725 926 2780 magister
973 2724 1153 2780 Orrigus
1197 2723 1383 2765 Preuide
1438 2728 1480 2763 et
1519 2722 1702 2763 Rufinus
1742 2721 2000 2763 Plaoentini.
2056 2719 2271 2760 lohannes
2315 2719 2366 2759 de

160 2791 300 2846 Regio
334 2796 378 2832 et
408 2791 626 2833 Robertus
658 2792 711 2834 de
745 2793 905 2835 Sancta
939 2794 1072 2836 Maria
1110 2793 1163 2835 ad
1197 2793 1407 2844 Mentem,
1442 2793 1558 2833 curie
1592 2791 1773 2838 iudices,
1807 2796 1848 2831 et
1881 2790 1950 2831 alii
1986 2790 2144 2846 plures.

305 2860 420 2902 Data
452 2861 605 2909 Laudi,
639 2862 776 2917 pridie
810 2863 920 2904 Non.
954 2863 1080 2905 Febr.

301 2999 362 3034 77.
392 2999 427 3040 Ρ)
453 3001 607 3035 bauiarie
632 3013 658 3034 c.
778 3002 811 3043 q)
837 3003 968 3035 Iustino
993 3015 1020 3036 c.

303 3080 361 3116 78.
396 3082 427 3124 a)
453 3084 638 3116 co—ltatibus
663 3096 690 3116 c.
801 3082 834 3124 b)
860 3062 918 3116 lu't¹
937 3082 1057 3126 (lutra)
1084 3084 1137 3115 Iu'c
1163 3095 1188 3115 c.
1296 3083 1326 3123 e)
1353 3082 1447 3114 Ενεηἶ
1465 3094 1490 3114 e.
1604 3079 1636 3122 d)
1663 3081 1729 3112 dm
1755 3092 1779 3111 c.
1886 3085 1914 3112 e,
1940 3079 2059 3120 qllibet
2087 3090 2111 3109 c.
2209 3076 2238 3115 s)
2266 3089 2368 3119 ogno—

163 3151 256 3173 scere
281 3152 306 3173 e.
426 3139 459 3182 8)
484 3151 589 3183 penas
615 3144 727 3183 pecufi
754 3153 780 3174 e.
899 3139 932 3182 h)
959 3143 1036 3174 Tafi
1063 3153 1088 3173 e.
1209 3139 1231 3179 i)
1259 3142 1366 3173 Catef]
1393 3151 1418 3172 c.
