2558 3970
93 1025 124 1049 10

92 1375 122 1399 15

93 2115 127 2140 20

95 2590 128 2616 25

103 3316 134 3342 35

106 3704 140 3730 40

605 158 821 194 HElNRlCl
850 159 991 195 REGIS
1018 159 1452 195 CONSTI'HJ'rloNES.
1505 162 1602 195 1226.
1653 161 1714 195 Nr.
1733 162 1810 195 25³3.
1837 162 1912 195 294.
2274 165 2354 203 409

696 308 798 350 293.
841 309 1213 351 MANDATUM
1243 310 1332 351 Al)
1367 310 1559 352 (J'Il'la'b'.
1622 312 1725 353 Nor.
1748 316 1816 352 xlii.

300 388 429 430 Dedit
463 390 525 430 vir
555 390 595 429 (l.
617 390 760 430 Arndt
791 405 841 430 ea·
862 391 1118 444 ‹zutoqraplto
1149 391 1352 431 tabularii
1375 392 1586 435 Insulam.
1619 393 1684 432 rui
1706 393 1940 444 appendent
1961 392 2097 433 adhuc
2125 394 2200 444 filu
2224 395 2356 433 serica

157 459 299 500 rubra.
334 483 387 487 —
418 458 870 500 Hecillard-Breholles
903 460 967 508 II,
990 462 1085 501 0:05.
1149 460 1341 507 Belemer,
1378 460 1472 513 lay.
1509 462 1604 514 imp.
1641 461 1825 510 1240211.
1974 461 2045 511 (Ἰ).
2069 462 2211 507 deest.)

303 595 358 636 H.
392 594 474 636 Dei
516 596 656 650 gratia
690 595 980 637 Romanorum
1024 610 1096 636 rex
1143 600 1185 636 ct
1225 610 1397 651 semper
1439 602 1650 649 augustus
1694 598 1906 637 universis
1949 599 2114 639 civibus
2149 600 2353 638 (Himera-

161 664 362 706 censibus
396 664 591 720 spiritum
626 666 794 706 consilii
827 665 1022 706 sanioris.

303 732 411 774 Cum
460 733 500 773 in
549 734 666 774 curia
714 740 858 775 nostra
913 734 1141 789 sollempni
1192 734 1306 788 apud
1353 734 1629 789 llcrbipolirn
1683 750 1759 789 per
1811 737 2069 776 sententiam
2118 737 2354 791 principum

158 808 398 845 nostrorum
447 803 488 843 in
538 804 758 858 presentia
802 804 1048 844 nuntiorum
1099 808 1336 844 vestrorum
1386 804 1684 859 sollempniter
1735 805 1787 844 sit
1832 804 2081 848 diffinitum,
2133 805 2356 860 privilegia

158 872 303 914 dilecti
346 872 550 927 principis
592 873 726 913 nostri
773 872 822 913 G.
858 872 1187 913 Cameracensis
1229 873 1422 927 episcopi
1466 878 1508 913 et
1551 874 1731 913 ecclesie
1775 888 1850 914 sue
1892 875 2011 913 firma
2053 873 2104 913 ‹lc
2140 879 2282 914 cetero
2318 880 2359 913 et

160 941 335 982 stabilia
374 943 562 996 reputari
604 947 646 983 et
680 947 823 983 vestra
862 942 1020 982 nullius
1055 956 1152 982 csse
1192 943 1400 982 momenti
1443 942 1510 983 vel
1554 943 1732 996 vigoris,
1779 941 1897 982 vobis
1940 944 2196 983 auctoritate
2245 944 2358 995 regia

161 1010 412 1053 mandamus
451 1010 630 1052 firmiter
666 1012 978 1067 precipientes,
1023 1011 1225 1065 quatinus
1267 1011 1377 1051 infra
1409 1010 1560 1052 decem
1594 1011 1684 1052 dics
1725 1017 1821 1066 post
1854 1012 2002 1052 harum
2038 1012 2356 1067 susceptionem

158 1082 396 1122 litterarum
441 1080 554 1121 dicto
596 1081 799 1136 episcopo
840 1082 981 1122 omnia
1023 1081 1184 1136 scripta
1217 1085 1360 1121 vestra
1393 1095 1475 1136 que
1517 1080 1726 1121 hactenus
1761 1080 1880 1121 vobis
1922 1081 2202 1135 prestiterunt
2237 1096 2358 1121 occa-

159 1151 325 1192 sionem
357 1150 637 1204 malignandi,
671 1165 753 1206 que
787 1166 811 1192 a
846 1151 970 1191 nobis
994 1151 1062 1191 vel
1093 1150 1146 1191 ab
1172 1150 1523 1191 antecessoribus
1554 1150 1711 1190 nostris
1736 1150 1912 1204 regibus
1937 1151 2002 1190 vcl
2030 1151 2360 1205 imperatoribus

157 1219 363 1261 Roma-nis
404 1219 671 1263 obtinuistis,
710 1224 753 1261 ot
793 1220 878 1261 alia
916 1220 1058 1261 onmia
1101 1219 1257 1274 scripta
1300 1233 1381 1274 que
1422 1234 1556 1275 penes
1591 1233 1665 1260 vos
1699 1225 1999 1260 remanserunt
2048 1220 2283 1260 restituatis
2319 1225 2362 1260 et

160 1303 392 1344 campanas
426 1294 593 1330 vestras
633 1294 674 1330 et
715 1290 991 1344 campanino,
1031 1289 1142 1344 quod
1184 1289 1368 1330 berfrois
1408 1289 1576 1331 dicitur.
1620 1295 1662 1330 ct
1703 1289 2008 1340 communiam,
2050 1304 2177 1344 quam
2210 1304 2359 1345 pacem

161 1358 393 1400 nominatis
434 1359 523 1400 sive
566 1373 836 1414 quocumque
880 1359 964 1400 alio
1009 1359 1179 1400 nomine
1216 1359 1429 1414 pallietur,
1478 1359 1587 1399 sicut
1629 1359 1669 1399 in
1713 1358 1936 1413 privilegio
1977 1358 2076 1399 dicti
2111 1359 2301 1414 episcopi
2337 1374 2361 1398 a

158 1431 304 1469 nostra
336 1428 565 1470 maiestate
597 1428 773 1470 obtento
806 1429 976 1484 plenius
1011 1432 1052 1469 et
1085 1429 1275 1484 apertius
1300 1429 1558 1479 continetur,
1592 1428 1701 1468 infra
1725 1427 1907 1470 eundem
1933 1428 2163 1468 terminum
2189 1428 2359 1483 penitus

160 1497 409 1546 destruatis,
446 1498 481 1538 si
513 1512 669 1553 penam
702 1499 741 1539 in
776 1512 826 1540 00
860 1503 1108 1539 contentam
1142 1502 1185 1539 ct
1218 1497 1559 1553 indignationem
1592 1503 1780 1539 nostram
1819 1498 2040 1538 volueritis
2074 1497 2250 1537 evitare.

304 1566 464 1608 Datum
499 1567 574 1608 VI.
608 1567 831 1609 Kalendas
865 1567 1134 1609 Decembris.
1170 1567 1405 1608 indictione
1439 1567 1536 1609 XV.

341 1979 472 2047 294.
528 1977 711 2049 CAS
725 1977 1032 2049 SATIO
1090 1977 1221 2049 CO
1236 1976 1607 2049 NFOED
1623 1976 2087 2049 ERATION
2105 1975 2198 2046 is

552 2094 1133 2166 CIVITATUM
1187 2093 1412 2165 RHE
1424 2092 1978 2164 NANARUM.

1070 2220 1214 2267 1226.
1248 2219 1372 2267 Nov.
1397 2220 1475 2267 27.

307 2366 569 2419 Proferimus
600 2380 651 2408 σοι·
681 2365 938 2419 autoyrapho
969 2366 1175 2407 tabularii
1206 2367 1303 2408 olim
1335 2365 1602 2420 Moyzmtim,
1641 2365 1749 2418 quod
1781 2365 1865 2406 iam
1895 2366 2138 2406 asservatur
2170 2363 2215 2404 in
2248 2363 2365 2403 [abu-

164 2437 273 2480 lardo
302 2437 422 2491 reym'
451 2435 692 2487 Bawarzei,
723 2436 1035 2478 Kaisar-Sele&
1058 2437 1153 2476 679.
1215 2435 1271 2478 In
1301 2435 1422 2477 dorso
1453 2435 1558 2485 eius,
1600 2435 1667 2476 em'
1698 2434 1902 2487 appendet
1933 2434 2024 2474 Iera
2056 2433 2368 2474 membranacea

163 2507 349 2561 siyillum
388 2507 565 2560 reyium,
607 2506 803 2559 leyuntur
833 2518 964 2547 mrcmu
993 2518 1094 2547 saec.
1118 2504 1250 2546 XIV:
1292 2504 1387 2546 Hec
1420 2505 1546 2545 litera
1587 2504 1774 2545 habetur
1804 2503 1904 2544 folio
1939 2501 2151 2544 CXLIIII
2183 2501 2366 2543 senioris

165 2575 367 2632 privileg,
416 2579 454 2617 et
491 2589 623 2618 manu
661 2589 765 2617 saec.
798 2575 902 2617 XV.-
946 2575 1015 2617 Ad
1059 2575 1289 2631 privilegia
1334 2574 1584 2630 Imperialia
1623 2572 1663 2614 J.
1738 2571 2040 2624 Autem-ephon
2088 2569 2367 2611 adlm‘buermzt

163 2645 438 2687 Monumenta
466 2645 601 2687 Boiea
621 2645 768 2695 XXX,
788 2648 824 2695 1,
842 2647 934 2695 143,
962 2644 1146 2686 Be'hmer
1167 2643 1322 2686 ‘Codex
1344 2643 1446 2695 dipl.
1471 2640 1989 2696 Μοεηοῇτιηοοῇινίαηκε’
2012 2642 2078 2688 48,
2117 2638 2368 2679 ‘Hessisehes

171 2714 516 2758 Urkundenbueh'
539 2715 604 2766 II,
627 2718 720 2758 tom.
741 2718 777 2766 1,
799 2716 892 2757 126.
919 2740 972 2745 —-
993 2713 1203 2755 Haillard
1213 2712 1452 2755 -Bre'holles
1474 2712 1534 2761 II,
1557 2712 1654 2752 898.
1707 2709 1903 2759 Bellum,
1924 2709 2024 2761 Req.
2050 2709 2145 2760 imp.
2178 2707 2222 2757 V,
2240 2709 2365 2748 4028.

2010 2778 2080 2831 (P.
2101 2779 2222 2832 257.)

311 2888 366 2931 H.
400 2888 484 2930 Dei
515 2889 656 2944 gratia
687 2888 982 2931 Romanorum
1014 2901 1093 2929 rex
1125 2892 1168 2929 et
1203 2901 1374 2943 semper
1406 2890 1615 2942 augustus
1648 2884 1860 2925 universis
1893 2883 2017 2924 huius
2042 2882 2188 2937 scripti
2214 2882 2366 2922 seriem

168 2958 424 3014 inspecturis
464 2958 644 3013 gratiam
684 2972 804 2999 suam
846 2963 889 2999 et
931 2972 1056 2999 omne
1098 2957 1269 2999 bonum.
1388 2956 1527 3011 Regie
1561 2954 1801 2996 maiestatis
1836 2952 2027 3008 dignatio
2063 2964 2232 3006 semper
2265 2964 2364 2991 eon-

167 3028 310 3069 suevit
341 3041 567 3070 occurrere
598 3028 838 3083 petentium
871 3028 995 3068 iustis
1027 3027 1151 3068 votis.
1215 3026 1489 3081 Quapropter
1511 3024 1564 3066 ad
1594 3023 1843 3065 instantiam
1868 3020 2127 3062 venerabilis
2153 3025 2196 3061 et
2219 3018 2363 3059 dilecti

166 3098 373 3153 principis
416 3098 552 3138 nostri
593 3097 754 3139 domini
795 3097 840 3139 S.
881 3096 1193 3151 archiepiscopi
1236 3095 1478 3151 Maguntini
1521 3092 1846 3148 conquerentis,
1887 3090 1968 3131 sibi
2010 3103 2103 3131 esse
2138 3102 2364 3130 onerosum

166 3167 395 3222 plurimum
428 3170 471 3208 et
502 3166 801 3222 dampnosum,
835 3165 948 3222 quod
981 3180 1036 3207 ex
1066 3165 1313 3207 hominibus
1347 3165 1434 3206 suis
1469 3162 1643 3219 quidam
1677 3163 1719 3203 in
1752 3165 1896 3202 nostro
1931 3174 1976 3201 se
2012 3158 2169 3215 oppido
2202 3158 2363 3213 Oppiu-

168 3235 283 3277 heim
313 3240 590 3292 receperunt,
625 3237 938 3277 communicato
973 3235 1149 3276 consilio
1182 3234 1439 3275 dilectorum
1471 3238 1712 3274 nostrorum
1747 3230 2001 3286 principum,
2035 3229 2105 3283 qui
2140 3227 2365 3282 sollempni

170 3309 316 3347 nostre
349 3306 465 3347 curie
497 3304 756 3348 Wireeburc
789 3306 1019 3361 magnifice
1053 3305 1282 3352 affuerunt,
1318 3303 1562 3345 statuimus.
1596 3306 1642 3342 ut
1666 3299 1983 3345 ministeriales,
2016 3298 2252 3352 burgenses
2277 3297 2364 3337 sive

171 3375 428 3430 quicumque
469 3375 540 3415 alii
580 3375 776 3417 homines
810 3375 960 3430 quovis
1002 3374 1094 3415 iure
1133 3373 1300 3428 prefato
1340 3372 1663 3427 archiepiscopo
1706 3369 1939 3410 attinentes
1983 3381 2078 3407 cum
2111 3366 2223 3406 omni
2256 3365 2362 3406 inte-

169 3444 324 3499 gritate
355 3443 590 3486 reddantur
622 3444 762 3486 eidem
796 3450 839 3486 et
870 3444 974 3485 nulli
1009 3457 1063 3484 ex
1096 3442 1340 3483 hominibus
1374 3441 1466 3482 eius
1499 3441 1613 3481 ultra
1644 3440 1685 3480 in
1719 3437 1913 3494 predicto
1938 3434 2064 3491 opido
2096 3434 2363 3488 colligantur.

170 3511 383 3554 Volumus
415 3514 546 3555 etiam
578 3514 955 3555 confederationes
990 3513 1080 3553 sive
1114 3512 1371 3562 iuramenta,
1405 3510 1561 3565 quibus
1594 3523 1640 3550 se
1674 3508 1873 3549 civitates
1896 3504 2135 3559 Maguntia,
2167 3503 2363 3557 Pinguia,

172 3581 455 3636 Wormatia⁸‚
488 3583 654 3639 Spirea,
687 3583 995 3634 Frankinuort,
1030 3581 1320 3631 Geilinhusin,
1355 3579 1579 3620 Fridiberc
1610 3579 1653 3619 in
1675 3575 1953 3633 preiuditium
1977 3572 2158 3613 ecclesie
2181 3571 2362 3626 Magun-

311 3697 398 3733 294.
431 3698 462 3741 a)
488 3703 597 3732 worth
622 3711 672 3732 or.

309 3772 358 3796 ιι..
386 3771 667 3796 CONSTITUTIONES
692 3771 726 3795 11.
2052 3747 2096 3782 52
