2558 3970
170 214 252 253 ‘242
706 205 947 240 FRIDERICI
973 205 1018 239 II.
1044 198 1473 238 CONSTITUTIONES.
1523 198 1622 233 1235.
1672 200 1734 233 Nr.
1755 199 1830 234 196.

171 327 383 367 eelelnnta
420 324 647 377 Meguncie
683 321 1038 361 constitutiones⁰
1072 318 1277 373 quasdam
1313 317 1440 357 certis
1474 314 1674 370 capitulis
1708 314 2051 368 comprehensas,
2085 311 2358 367 presentibus

172 394 331 434 eisdem
378 391 659 447 principibus,
707 388 920 429 nobilibus
962 388 1155 442 plurimis
1189 392 1231 427 et
1263 386 1359 427 aliis
1402 384 1601 424 fidelibus
1635 383 1824 437 imperii,
1871 382 2049 422 fecimus
2081 381 2358 436 promulgari.

172 462 286 508 Quas
330 462 368 500 in
410 459 579 514 publica
618 457 906 497 nmnimentav
948 455 1145 496 redactas
1187 455 1240 495 ab
1280 452 1491 494 universis
1525 456 1567 493 et
1600 451 1781 505 singulis
1821 451 2024 491 iussimus
2058 449 2380 490 inviolabiliter.

172 528 410 569 observari.
458 541 565 581 pena
609 529 758 565 contra
800 529 1140 578 transgressores
1183 529 1429 563 sacrarum‘l
1471 520 1825 561 constitutionum
1867 518 2002 569 edita,
2046 521 2171 573 prout
2202 517 2360 559 violate

172 597 432 637 maiestatiss
463 594 594 635 decus
629 598 671 634 et
704 592 890 633 facilitas
923 592 1059 646 exigit
1092 591 1396 645 delinquentis.

323 668 368 703 Ι.·“
402 663 646 703 Libertates
680 661 962 702 ecclesiarum
996 664 1037 701 ct
1060 661 1154 701 iura
1175 665 1292 701 tanto
1318 659 1536 699 liberalius
1562 661 1706 698 nostra
1729 656 1883 698 debet*
1914 656 2060 696 fovere
2085 655 2361 704 clemencia¹¹‚

173 744 328 787 quanto
361 731 566 772 devocius
601 730 720 770 nobis
752 729 806 770 ab
840 729 1001 769 eisdem
1025 734 1068 769 ct
1093 736 1269 770 earumv
1306 727 1542 768 rectoribus
1571 726 1612 766 in
1638 724 1930 780 spiritualibus
1953 727 1995 765 et
2018 723 2362 778 temporalibusW

174 801 400 841 servicium
434 798 674 839 exhibetur.
738 798 976 838 Statuimus
1011 797 1141 851 igitur
1173 797 1351 837 firmiter
1375 799 1418 836 ct
1440 795 1635 835 districte
1659 794 1935 848 precipimus,
1967 797 2014 832 ut
2036 792 2078 832 in
2102 791 2362 842 civitatibus,

172 869 350 924 opidisx.
394 869 505 909 villis
550 874 590 908 et
630 867 826 907 omnibus
860 866 965 906 locis
999 866 1106 906 sacri
1140 865 1276 906 nostri
1309 865 1477 920 imperii
1510 863 1808 918 episcoporum
1843 865 1912 902 ety
1944 859 2363 901 archidiaconorumz

173 937 477 978 iurisdictioni³
523 936 662 976 nullus
703 936 859 975 iniuste
899 934 1091 984 resistat,
1136 932 1228 974 setb
1273 947 1419 974 corum
1453 931 1771 972 ordinationesc
1804 933 1847 971 et
1888 929 2000 970 iuste
2036 919 2258 970 sentencie
2290 928 2364 969 ind

175 1007 313 1047 causis
348 1005 654 1047 ecclesiasticis
687 1003 1012 1044 obse1·ventur¹.

317 1076 373 1114 2⁰
407 1074 643 1115 statuimus
683 1073 859 1126 insuper
891 1075 933 1111 et
966 1070 1157 1110 districte
1191 1069 1408 1120 iubemus,
1451 1072 1497 1109 ut
1529 1083 1678 1109 omnes
1713 1068 1996 1108 ecclesiarum
2029 1066 2224 1107 advocati
2257 1065 2362 1107 fide-

175 1145 270 1184 liter
301 1158 373 1183 eas
407 1157 480 1197 pro
515 1141 672 1182 viribus
705 1146 746 1180 et
780 1154 906 1194 posse
941 1153 1017 1179 suo
1054 1138 1301 1185 defendant,
1336 1138 1446 1178 sicut
1469 1137 1658 1178 divinam
1683 1137 1871 1190 graciam
1896 1140 1939 1177 et
1963 1139 2157 1176 nostrum
2181 1134 2364 1189 diligunt

175 1211 396 1252 favoremf.
462 1210 505 1250 ln
549 1210 671 1249 bonis
713 1209 847 1249 eciam
888 1207 1218 1248 advocaciarum
1261 1220 1435 1247 suarum
1467 1207 1527 1246 ita
1560 1220 1606 1246 se
1639 1205 1926 1246 racionabiles
1961 1208 2004 1246 et
2035 1203 2252 1244 modestos
2286 1218 2362 1245 ex-

177 1281 367 1326 hibeant,
413 1284 457 1319 ut
500 1278 553 1319 ad
592 1292 668 1318 nos
707 1277 759 1317 de
800 1276 904 1331 ipsis
943 1276 1087 1330 gravis
1126 1275 1300 1330 querela
1341 1289 1425 1315 non
1467 1274 1625 1315 veniat.
1689 1274 1891 1328 Alioquin
1937 1272 1990 1314 ad
2023 1273 2364 1313 satisfactionem

176 1348 494 1403 querelancium
520 1346 571 1386 dc
597 1346 698 1400 ipsis
723 1359 952 1394 sumemus,
977 1348 1023 1384 ut
1047 1349 1112 1385 est
1136 1344 1309 1393 iustum,
1335 1343 1525 1384 debitam
1548 1343 1768 1384 ultionem.
1820 1341 2027 1383 Preterea
2053 1342 2131 1382 sub
2156 1341 2367 1383 obtentu&

174 1417 316 1471 gracie
364 1424 507 1456 nostre
548 1420 590 1455 et
637 1414 805 1468 imperii
852 1413 1030 1453 firmiter
1076 1412 1335 1460 inhibemus,
1384 1426 1436 1452 nc
1477 1412 1568 1465 quis
1609 1414 1785 1466 propter
1827 1424 2140 1465 quamcumque
2181 1411 2366 1466 culpam,

175 1486 366 1526 debitum
409 1484 475 1524 vel
522 1482 749 1537 guerramh
790 1481 1094 1522 advocatorum
1140 1481 1251 1521 bona
1290 1481 1571 1521 ecclesiarum
1612 1479 1787 1520 invadat
1828 1480 1912 1520 veli
1954 1479 2155 1534 pignoret
2193 1480 2258 1520 vel
2302 1480 2364 1520 in-

179 1554 341 1595 cendiis
376 1552 650 1607 dampnificet
683 1556 755 1591 aut
788 1549 991 1605 rapinisk.
1053 1550 1178 1596 Quod
1211 1549 1265 1589 si¹
1299 1550 1461 1599 fecerit,
1496 1549 1718 1589 convictus
1742 1549 1934 1602 legitime
1958 1562 2102 1589 coram
2128 1562 2204 1589 suo
2228 1548 2366 1589 iudice

176 1622 486 1677 proscribatur:
520 1634 598 1661 nec
632 1619 886 1674 proscriptio
920 1619 1154 1670 relaxetur,
1187 1619 1269 1659 nisi
1294 1618 1469 1672 triplum
1492 1617 1666 1672 dampni
1699 1617 2004 1672 persolvaturm
2036 1617 2156 1668 illati,
2189 1616 2366 1671 duplum

177 1692 362 1733 ecclesie
396 1691 514 1731 cuius
549 1689 661 1729 bona
692 1692 803 1739 sunt,
837 1692 879 1728 et
911 1688 1110 1742 simplum
1144 1687 1367 1727 advocato.

320 1761 379 1800 3.¹1
413 1759 569 1813 Sepius
603 1757 779 1807 accidit,
822 1762 866 1797 ut
908 1756 1137 1811 presertim
1176 1756 1288 1797 inter
1319 1755 1527 1796 militares
1563 1755 1675 1796 viros
1709 1758 1802 1795 orta
1834 1754 2056 1795 contencio
2090 1758 2367 1809 treugarum⁰

180 1829 539 1884 interposicioncl'
581 1841 657 1881 per
695 1825 997 1880 obligationisq
1034 1825 1251 1865 vinculum
1291 1825 1587 1878 conquiescat:
1632 1824 1732 1878 quia
1770 1823 1880 1878 quod
1925 1838 1980 1864 ex
2020 1823 2220 1864 humanis
2253 1837 2367 1864 erro-

177 1898 292 1937 ribus
335 1911 409 1951 per
451 1903 664 1936 momenta
708 1894 991 1943 subtrahitur,
1032 1894 1112 1934 nisi
1151 1893 1309 1934 nexuir
1351 1908 1461 1948 pene
1507 1893 1745 1943 subiaceat,
1787 1893 1828 1933 in
1869 1893 2102 1947 perniciem
2144 1892 2366 1947 pristinam

176 1966 395 2007 recidivat.
458 1964 686 2005 Firmiter2
719 1964 847 2017 igitur
880 1968 922 2003 et
955 1962 1149 2003 districte
1182 1962 1462 2016 precipimus,
1496 1967 1541 2002 ut
1573 1963 1606 2002 si
1638 1962 1687 2013 is,
1721 1963 1763 2002 in
1789 1976 1870 2016 quo
1897 1965 2049 2016 treuge
2073 1961 2230 2002 violate
2254 1965 2366 2012 sunt,

178 2049 272 2074 cum
313 2049 383 2081 eo,
426 2034 465 2073 in
499 2034 618 2073 cuius
652 2046 823 2072 manum
857 2032 1064 2086 promisse
1098 2031 1292 2077 fuerunt,
1336 2034 1378 2071 et
1410 2030 1576 2071 duobus
1611 2031 1704 2071 aliis
1739 2030 2043 2086 synodalibus⁸
2077 2030 2178 2070 viris
2209 2031 2368 2084 integri

177 2109 312 2142 status
354 2102 405 2142 de
439 2102 688 2142 violationet
721 2106 969 2153 treugarum
1002 2113 1143 2140 coram
1184 2099 1324 2140 iudice
1359 2113 1434 2139 suo
1468 2114 1543 2154 per
1578 2103 1846 2140 sacramenta
1878 2099 2146 2154 probaverit,
2189 2098 2371 2139 violator

181 2171 470 2225 proscribatur
513 2184 589 2211 nec
628 2176 858 2223 umquamu
890 2169 1137 2209 absolvatur
1168 2182 1192 2208 a
1232 2168 1574 2223 proscriptioneV
1606 2172 1751 2223 preter
1783 2168 2049 2209 voluntatem
2082 2168 2258 2217 actoris,
2301 2168 2372 2208 vel

180 2254 350 2280 manum
386 2239 548 2294 perdat.
611 2238 655 2278 Si
689 2252 787 2278 vero
820 2238 875 2287 is,
909 2237 950 2277 in
983 2237 1102 2277 cuius
1127 2251 1299 2277 manum
1324 2241 1474 2291 treuge
1500 2236 1599 2277 date
1630 2240 1776 2289 suntw,
1810 2237 2023 2278 nolueritx
2054 2237 2224 2277 veritati
2247 2237 2367 2278 testi-

178 2309 365 2348 monium
409 2307 675 2362 perhibere&
717 2311 894 2360 cogatur
937 2321 961 2346 a
1002 2305 1139 2346 iudice
1155 2306 1184 2356 3,
1230 2306 1310 2346 nisi
1349 2306 1541 2346 declaret
1585 2319 1706 2346 suam
1749 2306 2041 2360 ignoranciam
2075 2312 2369 2355 sacramento;

181 2378 369 2430 alioquin
404 2376 623 2416 convictus
663 2388 834 2415 manum
867 2375 1049 2414 amittat.
1111 2373 1236 2420 Quod
1269 2374 1303 2413 si
1335 2388 1412 2428 per
1447 2378 1628 2415 mortem
1653 2375 1836 2415 alicuius
1860 2379 2011 2429 treuge
2035 2375 2193 2416 fuerint
2213 2375 2372 2416 violate

181 2454 222 2485 et
256 2446 599 2498 consanguineus
642 2444 856 2484 interfecti
890 2443 1067 2497 aliquisz
1101 2442 1347 2497 probaverit
1380 2441 1617 2483 secundum
1651 2443 1830 2483 formam
1864 2444 1946 2484 iam
1981 2443 2152 2495 dictam,
2186 2444 2371 2484 violator

180 2514 423 2553 convictus³
456 2518 664 2567 perpetuo
699 2513 753 2552 sit
785 2510 981 2552 erenlosb
1015 2516 1057 2551 et
1089 2511 1292 2552 rehtlosc.

323 2581 380 2621 4f¹
416 2582 598 2635 Oportet
642 2580 807 2621 officio⁰
849 2580 1000 2621 iudicis
1042 2581 1196 2621 merita
1240 2581 1488 2634 suffragari,
1533 2581 1633 2635 quia
1664 2581 1854 2621 moribus
1887 2581 2018 2623 debet
2050 2582 2266 2623 excellere
2299 2581 2370 2637 qui

181 2662 321 2691 reatus
363 2650 537 2690 discutit
581 2650 775 2690 aliorum.
839 2649 1106 2690 Sanctimuss
1135 2650 1291 2703 igiturg
1324 2649 1402 2690 sub
1445 2650 1623 2690 obtentu
1663 2650 1807 2704 gracie
1842 2654 1986 2691 nostre
2019 2651 2198 2691 firmiter
2227 2650 2367 2691 iniun-

180 2730 343 2773 gentes.
378 2727 421 2759 ut
455 2719 668 2772 principes
701 2718 835 2758 nostri
869 2722 912 2758 et
945 2732 1094 2758 omnes
1127 2718 1211 2766 alii,
1246 2719 1317 2772 qui
1351 2718 1506 2759 iudicia
1539 2722 1689 2759 tenent
1722 2734 1747 2759 a
1780 2719 1903 2760 nobis
1933 2719 2180 2770 inmediate,
2214 2733 2368 2759 causas

182 2803 319 2828 eoram
370 2788 431 2828 eis
479 2787 707 2827 arbitratas
757 2786 991 2827 secundum
1042 2791 1251 2827 terrarum
1299 2786 1601 2827 raeionabilem
1651 2788 2008 2828 consuetudinem
2058 2788 2169 2828 iusto
2215 2787 2370 2828 iudicio

183 2858 408 2896 terminent
452 2862 493 2895 et
533 2855 643 2895 idem
685 2854 954 2909 precipianth
987 2855 1081 2894 aliis
1125 2855 1358 2905 iudicibus,
1403 2856 1473 2909 qui
1516 2856 1593 2896 sub
1628 2855 1791 2897 eisdem
1826 2861 1923 2897 sunt
1956 2862 1999 2896 et
2031 2856 2370 2897 iurisdictionem

322 2982 404 3016 196.
439 2989 470 3014 ¹²,
510 2983 685 3023 maguncie
717 2982 978 3013 constitucioncs
1010 2980 1041 3013 ⁵2.
1182 2982 1214 3019 Ρ)
1253 2982 1456 3013 monimenta
1481 2980 1512 3012 2.
1655 2981 1687 3023 ι1)
1726 2985 1859 3015 ‚scarum
1884 2981 1916 3014 2.
2056 2983 2084 3024 Γ)
2120 2982 2316 3024 magestatis
2340 2980 2372 3014 ⁶2.

185 3046 209 3065 ³-
239 3042 375 3072 rubrum
397 3042 429 3071 in
449 3040 468 3072 2
494 3052 565 3072 cnm
586 3040 679 3081 slynn
700 3039 936 3080 param-aphi:
961 3040 1015 3070 De
1041 3039 1358 3071 ecclesiasticis
1383 3039 1625 3071 sentenciis
1659 3040 1696 3071 in
1723 3041 1872 3072 causis
1897 3039 2210 3082 spiritualibus
2235 3039 2371 3071 obser-

185 3110 202 3125 v
214 3110 229 3127 a
243 3110 260 3128 n
273 3098 346 3128 dis.
465 3098 489 3137 ¹)
515 3098 608 3128 debet
639 3103 751 3128 nostra
778 3097 809 3127 2.
928 3096 959 3135 u)
985 3097 1162 3127 clementia
1188 3096 1218 3128 2.
1337 3096 1368 3135 v)
1395 3108 1510 3128 eorum
1536 3096 1567 3128 2.
1662 3097 1701 3137 w)
1728 3098 1972 3140 temporalibus
2002 3097 2028 3129 l.
2123 3096 2157 3137 x)
2184 3096 2314 3139 oppidis
2338 3094 2371 3129 2.

183 3160 198 3182 δ’
242 3155 328 3185 defu—l
360 3155 383 3186 l.
481 3161 509 3193 ⁷)
536 3155 865 3196 areliiepiscopmwim
892 3153 923 3185 2.
1019 3159 1049 3194 ³)
1077 3154 1265 3185 iuridicioui
1293 3154 1323 3186 ⁵2.
1419 3152 1450 3193 h)
1477 3155 1502 3185 15
1526 3153 1535 3185 l
1567 3165 1704 3195 semper.
1802 3155 1829 3193 e)
1856 3155 2086 3186 ordinaciones
2111 3154 2143 3186 2.
2221 3151 2255 3193 d)
2281 3158 2315 3184 et
2339 3151 2370 3184 ‘2-

184 3217 214 3242 ⁵1
243 3212 375 3241 ruht-nm
405 3212 436 3241 [11
465 3212 500 3242 2:
538 3213 592 3242 in·
617 3212 847 3243 asli-..vatis
873 3212 1174 3243 eeclesiarum.
1307 3210 1338 3253 s)
1376 3212 1442 3243 div.
1476 3212 1622 3253 diligunt
1658 3213 1805 3253 graciam
1845 3217 1878 3243 et
1916 3216 2067 3244 nostram
2098 3216 2131 3243 et
2164 3213 2314 3243 savorem
2339 3209 2372 3242 2.

186 3273 217 3295 ¹³<
246 3276 382 3309 nptentu
409 3269 437 3298 2,
556 3267 588 3298 1¹.
615 3280 743 3310 gei-rum
770 3270 800 3299 2.
923 3267 944 3306 i)
971 3269 1059 3300 deest
1084 3269 1114 3300 2.
1240 3267 1272 3309 k)
1301 3270 1393 3311 pign.
1419 3269 1636 3311 (lainpnificet
1661 3270 1824 3301 incendiis
1848 3274 1908 3301 aut
1932 3269 2059 3311 rapinis
2084 3267 2114 3301 2.
2209 3266 2232 3310 l)
2257 3268 2315 3309 qui
2339 3266 2371 3299 2.

186 3331 210 3346 ¹⁷²
261 3326 427 3365 persoluat
453 3327 483 3356 2.
625 3331 657 3366 ῃ)
693 3326 828 3356 rubrum
864 3327 897 3357 ἰιι
922 3326 959 3357 2:
1000 3327 1057 3357 De
1087 3326 1269 3368 treugis.
1422 3325 1454 3365 0)
1489 3331 1693 3368 trewgarum
1721 3326 1737 3357 1
1770 3327 1842 3366 fere
1873 3331 2072 3358 constanter.
2214 3323 2246 3365 P)
2271 3325 2371 3357 inter-

188 3382 330 3423 positure
359 3382 385 3413 1.
526 3389 558 3414 ‘ll
585 3382 805 3423 ol›ligaci«21is
831 3382 1029 3423 21)
1056 3394 1147 3415 nexu
1172 3382 1210 3422 23
1238 3394 1323 3425 pene
1349 3383 1438 3415 deest
1464 3382 1494 3414 1.
1637 3382 1663 3425 ⁵)
1690 3383 1901 3415 sinodalibus
1925 3382 1956 3414 ⁶2.
2074 3382 2099 3423 t)
2126 3382 2316 3414 violacione
2340 3379 2372 3413 2.

186 3443 203 3459 ἢ
246 3438 333 3469 dees!
363 3438 390 3469 1.
532 3445 562 3465 v,
596 3439 773 3480 scriptione
801 3438 836 3470 1.·
971 3445 1009 3479 W)
1042 3441 1071 3471 d.
1099 3452 1124 3471 5.
1152 3445 1173 3472 t.
1203 3439 1233 3471 2.
1375 3440 1406 3479 Χ)
1435 3440 1579 3471 volucrit
1607 3439 1634 3471 1.
1775 3440 1807 3480 y)
1834 3439 1986 3482 peribere
2015 3439 2042 3471 l.
2182 3438 2211 3481 z)
2237 3450 2268 3471 a.
2295 3439 2315 3470 i.
2340 3437 2372 3470 2.

188 3500 216 3523 ²¹,
245 3495 444 3526 mnuinctus
476 3495 501 3525 l.
643 3494 673 3535 ’ἣν
701 3497 855 3527 herenius
881 3497 912 3528 2.
1053 3502 1081 3537 c)
1110 3497 1240 3529 rechlos
1269 3496 1296 3529 l.
1438 3495 1470 3537 (ἶ)
1499 3497 1639 3528 rubrum
1665 3497 1700 3528 ῖη
1725 3497 1763 3528 2:
1805 3498 1860 3528 De
1886 3497 2079 3529 iudiciis.
2199 3495 2228 3536 θ)
2254 3496 2374 3527 officiis

188 3551 318 3581 sublata)
346 3562 358 3576 s
385 3550 413 3581 2.
534 3550 565 3581 f,
593 3553 770 3583 Sancimus
796 3553 826 3583 ⁵2.
945 3558 976 3584 g,
1001 3553 1089 3585 (least
1113 3554 1144 3584 2.
1263 3553 1293 3591 h)
1320 3554 1505 3596 precipient
1534 3553 1561 3584 1.

328 3641 358 3672 1)
396 3640 445 3680 Cf.
474 3641 755 3673 mundationem
783 3641 945 3675 Heinrici
977 3642 1062 3686 reyis
1089 3654 1121 3676 ιι.
1144 3647 1225 3677 1234
1253 3643 1353 3686 infra
1380 3653 1432 3677 nr.
1451 3646 1527 3685 318,
1553 3653 1580 3676 c.
1599 3647 1646 3676 13.
1788 3645 1823 3684 2)
1852 3642 1905 3684 Cf.
1932 3641 2054 3675 ibidem
2078 3652 2105 3675 c.
2122 3647 2151 3676 5.
2254 3642 2290 3685 3)
2318 3641 2372 3683 Cf·

190 3697 288 3738 infra
313 3707 339 3730 c.
360 3701 406 3729 17.

2401 944 2434 968 10

2403 1284 2433 1308 15

2403 1631 2437 1656 20

2404 1978 2437 2003 25

2408 2320 2441 2345 30

2407 2668 2438 2694 35

2407 3045 2441 3070 40

2408 3330 2440 3354 45

2409 3649 2442 3674 50
