2558 3970
178 165 259 204 452
658 160 872 196 CONRADI
899 160 959 194 IV.
985 159 1411 196 CONSTITUTIONES.
1458 161 1557 196 1254.
1606 161 1669 196 Nr.
1688 161 1766 196 344.
1789 161 1865 196 345.

178 277 313 317 cordis
346 277 564 317 anxietate
599 276 784 319 solliciti,
817 276 999 330 qualiter
1032 279 1308 331 utrorumque
1341 276 1564 331 permixtis
1597 275 1746 316 officiis
1769 281 1812 316 et
1835 277 1876 317 in
1900 277 2043 331 gladio
2067 278 2178 319 iuste
2202 279 2353 333 punia-

175 361 268 386 mus
303 346 509 386 obnoxios
543 352 585 385 ct
623 350 822 400 potenter
854 345 895 384 in
928 345 1056 398 plena
1086 345 1252 386 iustitia
1289 345 1489 400 pacificos
1521 345 1756 385 foveamus.
1818 344 2021 386 Verumm
2052 359 2147 387 cum
2181 360 2258 401 per
2288 347 2352 387 in-

177 414 501 454 dividuitatem¹¹
532 427 716 468 persone
751 414 874 454 simul
909 418 953 452 et
985 413 1119 454 semel
1150 413 1309 468 ubique
1342 413 1626 468 personaliter
1657 417 1805 454 nostra
1838 414 2050 455 serenitas
2083 414 2238 456 adesse
2271 429 2353 456 non

176 483 350 538 possit¹.
395 487 441 523 ut
472 487 652 523 noscant
695 481 854 523 subditi
894 482 1046 537 longas
1077 482 1252 537 regibus
1286 497 1382 523 esse
1414 495 1584 532 manus,
1628 482 1728 522 viris
1761 481 1982 523 industriis
2015 483 2085 538 qui
2118 484 2356 524 maiestatis

175 556 320 591 nostre
360 552 620 606 presentiam
664 555 990 606 representent⁰
1023 550 1286 591 confidenter
1317 551 1605 591 commisimus
1638 549 1752 592 vices
1785 554 1965 594 nostras.
2083 550 2191 592 Cum
2223 552 2356 607 igitur
2410 566 2425 590 ⁵

176 625 273 674 post
306 619 523 661 salubrem
555 625 597 661 et
628 620 905 674 generaleml‘
937 619 1263 675 dispositionem
1297 619 1419 674 regni
1452 619 1587 659 nostri
1612 617 1759 659 Sicilie
1792 619 1876 659 iam
1901 619 2014 660 circa
2036 621 2210 674 negotia
2230 620 2357 662 Italie

176 689 382 729 suscitare
414 689 593 729 velimus
626 689 831 744 precipue
865 702 988 729 curas
1022 693 1211 729 nostras:
1245 702 1347 730 ecce
1379 687 1432 729 de
1465 691 1647 743 experta
1678 687 1776 737 fide,
1810 692 1910 729 nota
1933 688 2145 730 industria
2167 693 2210 731 et
2233 690 2359 731 solita

176 757 560 812 circumspectione
600 757 672 798 R.‘¹
710 758 834 812 plene
882 757 1051 803 confisi,
1101 758 1196 812 quir
1233 771 1288 798 ex
1334 756 1463 798 officii
1500 757 1634 797 nostri
1675 755 1821 797 debito
1865 757 1956 798 iura
1996 758 2165 813 imperii
2204 772 2355 799 manu-

177 831 323 866 tenere
356 832 569 866 tcneinur⁵
607 840 681 881 pro
715 826 874 867 viribus
907 831 949 866 et
981 840 1154 881 augere,
1188 827 1328 881 ipsum
1360 825 1609 880 generalem
1643 824 1850 866 vicarium
1882 826 2071 881 ipsarum
2094 827 2278 881 partium
2304 827 2357 869 de

177 894 311 935 latere
344 900 487 935 nostro
520 895 720 936 duximus
757 895 1040 950 dirigendum,
1073 901 1318 936 concedentes
1351 893 1484 936 eidem
1518 911 1658 935 merum
1690 902 1727 935 et
1757 900 1917 935 mixtum
1946 900 2144 946 imperium
2175 904 2213 937 et
2241 902 2358 948 gladii
2395 909 2428 934 10

176 972 413 1013 potestatem.
465 968 510 1004 Et
543 973 582 1004 ut
615 970 652 1004 in
684 970 913 1005 facinorosos
946 970 1242 1005 animadvertere
1275 962 1429 1005 valeat*
1461 969 1572 1004 acin
1594 980 1656 1004 eos
1687 963 1908 1019 precipue,
1939 969 2003 1014 qui
2030 970 2174 1005 stradas
2196 978 2246 1006 ac
2267 965 2358 1007 vias

176 1032 370 1088 publicas
404 1033 599 1074 nefariist
639 1033 814 1074 ausibus
852 1038 1232 1089 praesumseruntu
1271 1039 1422 1074 violare.
1495 1031 1775 1073 Permisimus
1814 1045 1981 1087 quoque
2014 1033 2082 1073 eiV
2114 1037 2156 1075 et
2186 1034 2358 1089 plenam

176 1101 431 1142 contulimus
455 1101 717 1153 facultatem,
749 1106 796 1142 ut
818 1107 904 1143 tam
914 1109 940 1125 W
971 1108 1180 1143 criminales
1203 1109 1359 1157 quamX
1391 1100 1548 1142 civiles*
1569 1107 1698 1142 audiat
1719 1109 1757 1142 et
1778 1107 2003 1143 determinet
2025 1103 2317 1144 contentiones
2327 1110 2359 1155 Y,

174 1188 329 1220 quarum
373 1177 556 1222 cognitio,
600 1177 629 1211 si
669 1189 735 1212 nos
772 1180 964 1222 presentes
995 1189 1175 1220 essemus,
1213 1177 1260 1212 ad
1296 1178 1465 1212 nostrum
1501 1176 1679 1212 iudicium
1710 1169 1950 1222 pertineret.*
2010 1177 2169 1212 Decreta
2206 1178 2361 1223 utiquez

176 1246 412 1290 interponat.
445 1258 516 1291 que
547 1246 586 1280 in
617 1247 845 1282 alienatione
877 1259 998 1284 rerum
1031 1246 1367 1282 ecclesiasticarum
1395 1248 1433 1281 et
1453 1245 1639 1280 minorum
1669 1239 1890 1291 *interponi
1921 1246 2147 1281 secunduma
2176 1247 2362 1283 iustitiam
2398 1253 2430 1277 15

178 1309 460 1363 postulantur.
522 1314 570 1349 Et
601 1318 639 1350 ut
678 1315 881 1351 maioribus
913 1318 950 1351 et
981 1315 1204 1358 minoribus,
1245 1315 1380 1360 quibus
1411 1315 1638 1350 universalia
1668 1314 1751 1349 iura
1782 1317 2017 1359 succurrunt,
2057 1327 2169 1350 causa
2199 1316 2361 1362 cognita,

176 1382 301 1431 prout
333 1378 436 1418 iuris
469 1378 610 1420 fuerit.
642 1384 894 1420 restitutionis
926 1385 964 1419 in
996 1385 1185 1430 integrum
1216 1384 1436 1420 beneficium
1466 1384 1659 1430 largiatur.
1719 1376 1806 1418 *Ad
1838 1378 1958 1419 Cuius
1981 1378 2109 1419 etiam
2133 1385 2363 1421 audientiam

174 1453 447 1497 appellationes
478 1453 614 1488 deferri
646 1454 833 1497 volumus,
875 1448 996 1499 quasb

1028 1466 1050 1489 a
1082 1454 1304 1489 sententiis⁰
1337 1453 1609 1489 ordinariorum
1646 1453 1809 1488 iudicum
1847 1455 1886 1488 et
1926 1465 2053 1488 eorum
2084 1454 2266 1498 omnium,
2298 1455 2363 1500 qui

174 1515 319 1570 priusd
351 1522 645 1558 iurisdictionem
688 1523 733 1558 ab
774 1523 931 1569 imperio
970 1524 1071 1558 nacti
1112 1525 1214 1566 sunt,
1260 1523 1358 1558 infra
1396 1517 1582 1572 partium
1620 1516 1909 1572 predictarum
1952 1522 2131 1558 terminos
2161 1524 2363 1570 contigerit

174 1590 379 1635 interponi,
424 1591 496 1626 nisi
536 1592 632 1627 forte
674 1604 782 1628 cause
825 1593 987 1637 qualitas
1019 1593 1101 1628 vele
1134 1592 1431 1638 appellationum
1468 1603 1643 1627 numerus
1676 1585 1915 1626 subsidium
1945 1592 2088 1627 adimat
2118 1586 2361 1638 appellanti.*
2397 1605 2432 1630 20

174 1658 331 1694 Creandi
368 1655 546 1705 quoque*
586 1662 770 1705 notarios,
813 1655 943 1697 dandi
982 1660 1146 1697 tutores
1188 1661 1230 1697 et
1271 1654 1522 1697 curatores2
1554 1660 1597 1696 et
1627 1655 1797 1696 demum
1830 1655 1971 1696 omnia
2013 1656 2205 1711 plenarie
2238 1670 2362 1698 exer-

175 1722 313 1773 cendi,
347 1737 428 1778 que
462 1724 516 1765 ad
547 1739 710 1766 merum
745 1728 788 1767 et
817 1725 999 1766 mixtum
1031 1725 1257 1781 imperium
1289 1729 1485 1780 spectare
1515 1728 1765 1775 noscuntur,
1798 1723 1989 1779 predicto
2012 1724 2169 1766 vicario
2191 1725 2364 1780 plenam

178 1793 470 1834 concessimus
502 1797 775 1848 potestatem.
895 1793 1108 1841 Quocirca
1139 1793 1419 1835 devocionem
1441 1798 1632 1835 vestram
1664 1792 1947 1848 requirimusf
1977 1793 2059 1835 hoo
2092 1797 2258 1836 attente
2292 1798 2364 1837 et*3

176 1861 352 1902 firmiter
384 1863 659 1919 precipiendo
691 1863 959 1916 mandantes,
992 1867 1203 1918 quatenus
1235 1863 1280 1904 in
1310 1863 1506 1904 omnibus
1540 1867 1583 1904 et
1613 1862 1808 1918 singulis7
1842 1876 1926 1918 que
1959 1862 2013 1903 ad
2043 1862 2180 1918 ipsius
2213 1862 2362 1904 vicarii

176 1931 363 1972 officium
395 1937 589 1987 spectare
626 1937 870 1985 noscuntur,
904 1932 1059 1974 devote
1090 1931 1309 1988 pareatish
1342 1936 1384 1974 et
1416 1932 1650 1974 efficaciter
1681 1931 1906 1974 intendere
1939 1931 2163 1974 studeatis.
2397 1948 2430 1974 25

754 2365 885 2433 345.
935 2361 1782 2435 TESTAMENTUM.

1131 2488 1274 2536 1254.
1312 2488 1422 2536 Mai.

317 2628 502 2671 Nonnisi
534 2628 820 2683 fraymentum
858 2631 946 2672 cius
978 2630 1161 2683 proponi
1192 2631 1300 2682 licet,
1336 2644 1387 2672 ex
1430 2630 1470 2686 1)
1502 2630 1634 2672 codice
1663 2630 1864 2673 Vaticano
1888 2631 2002 2672 4957
2032 2642 2133 2672 saec,
2157 2628 2253 2680 XV,
2291 2628 2363 2671 ubi

174 2697 443 2739 inscribitur:
487 2697 813 2740 Testamentum
864 2699 978 2754 regis
1028 2699 1216 2741 Conradi
1253 2698 1523 2741 MCCLIIII.
1568 2713 1719 2741 mense
1763 2699 1915 2751 Madii‚
1964 2699 2109 2741 indict.
2137 2698 2240 2752 XII,
2283 2711 2362 2751 quo

174 2766 325 2807 scilicet
355 2779 489 2807 mense
520 2767 584 2808 dic
613 2769 669 2808 20
704 2768 819 2820 apud
846 2767 1064 2810 Lavellum
1095 2769 1213 2819 obiit,-
1254 2770 1298 2823 2)
1330 2768 1504 2810 editione
1535 2781 1660 2821 qnam
1692 2769 1894 2810 instruxit
1924 2767 2234 2811 Solam-macher
2267 2765 2362 2808 ‘Die
2396 2784 2430 2810 so

174 2835 318 2875 Ietzten
349 2834 676 2887 Holzcnstanfcn'
702 2850 748 2888 p.
772 2837 855 2877 597
883 2851 902 2878 e
933 2837 1063 2878 codice
1093 2836 1413 2879 Vratislaviensi
1445 2837 1489 2879 S.
1520 2836 1789 2878 Elisabethae
1818 2837 1929 2878 inter
1958 2835 2287 2890 Rliediycrianos
2306 2837 2364 2877 47

168 2902 244 2956 fol.
267 2904 322 2944 32
333 2902 361 2953 ³,
393 2903 465 2956 qni
490 2903 619 2956 plane
651 2917 742 2946 cum
771 2904 971 2947 Vaticano
1002 2905 1230 2949 concordat.
1264 2931 1318 2935 -—-
1349 2905 1543 2956 Bo'lnner,
1575 2904 1676 2959 ΒΘΗ.
1709 2906 1804 2958 imp.
1839 2905 1883 2957 V,
1904 2907 2030 2948 4632.

2003 2973 2075 3028 (Ρ.
2096 2974 2216 3025 361.)

319 3073 426 3115 Cum
459 3076 502 3116 in
534 3090 580 3118 se
613 3076 773 3119 habeat
804 3077 988 3119 humane
1021 3082 1172 3118 nature
1204 3077 1397 3120 condicio
1430 3082 1474 3120 et
1503 3078 1808 3119 universaliter
1837 3081 1986 3120 teneat
2016 3081 2105 3119 tam
2135 3078 2178 3119 in
2200 3077 2356 3119 iuvene

176 3156 301 3196 quam
333 3144 375 3184 in
410 3158 534 3196 sene⁷
568 3145 680 3200 quod
713 3146 968 3201 quandoque
1001 3146 1144 3188 divine
1176 3147 1389 3189 maiestati
1421 3147 1648 3203 placuerit,
1680 3147 1854 3188 vitalem
1887 3146 2096 3202 spiritum,
2130 3159 2258 3201 quem
2289 3145 2354 3186 in-
2392 3166 2424 3192 35

311 3278 396 3314 344.
427 3282 470 3323 ¹¹²)
498 3283 584 3316 Vero
612 3283 640 3315 1.
728 3283 761 3325 n)
787 3295 864 3317 cum
890 3285 1127 3318 individuitate
1151 3284 1182 3317 2.
1270 3284 1302 3328 0)
1328 3290 1600 3328 representarent
1628 3285 1657 3317 1.
1745 3284 1779 3327 Ρ)
1804 3285 1952 3327 quietam
1976 3282 2009 3316 2.
2080 3283 2113 3327 q)
2137 3285 2176 3318 R.
2197 3284 2250 3317 vel
2270 3285 2309 3318 P.
2327 3283 2360 3317 1.

174 3342 200 3377 λ“)
226 3338 314 3378 quod
341 3337 370 3370 1.
464 3338 491 3381 Β)
517 3345 671 3372 tenemus
698 3340 728 3372 1.
822 3341 848 3382 t)
874 3346 997 3374 stratas
1022 3347 1055 3374 et
1079 3341 1201 3374 itinera
1225 3342 1363 3385 publica
1388 3343 1574 3374 temerariis
1598 3339 1630 3374 2.
1726 3340 1759 3384 ¹1)
1785 3341 2030 3384 presumserint
2053 3339 2084 3374 2.
2178 3340 2211 3384 v)
2236 3341 2301 3374 sibi
2326 3339 2358 3374 2.

174 3399 214 3434 W)
253 3395 341 3426 circa
369 3395 397 3427 1.
531 3394 565 3438 ¹)
603 3403 634 3429 et
661 3397 690 3429 1.
820 3399 852 3439 y)
891 3399 1084 3440 questiones
1109 3397 1141 3431 2.
1272 3399 1301 3441 z)
1339 3410 1487 3441 namque
1513 3399 1548 3440 13
1585 3400 1698 3442 itaque
1715 3397 1753 3450 2.
1883 3401 1913 3440 ⁸)
1942 3409 2011 3440 pro
2036 3399 2115 3431 min.
2142 3398 2202 3431 int.
2228 3409 2294 3431 sec.
2321 3397 2358 3430 1:

175 3451 342 3484 minorum
367 3453 411 3484 in.
535 3453 566 3492 1)’)
593 3465 658 3495 que
686 3454 717 3486 1.
845 3454 876 3498 c)
901 3456 1034 3489 iudiciis
1059 3455 1088 3489 1.
1217 3454 1250 3499 d)
1275 3467 1333 3500 per
1357 3456 1387 3490 2.
1507 3456 1537 3498 e)
1562 3462 1621 3490 aut
1646 3455 1676 3488 1.
1792 3454 1822 3497 f)
1848 3461 1881 3489 et
1905 3455 1986 3488 add.
2004 3453 2036 3488 2.
2157 3456 2189 3495 8)
2214 3455 2304 3489 deest
2325 3453 2357 3488 2.

176 3506 208 3548 h)
235 3519 349 3551 parere
374 3507 406 3541 2.
2390 3518 2424 3544 4ο

312 3611 345 3653 1)
372 3609 472 3645 Haec
496 3611 640 3654 sapiunt
664 3622 773 3655 neque
798 3613 1008 3648 „mactatum
1032 3624 1086 3648 nr.
1105 3618 1181 3649 343.
1286 3615 1321 3657 2)
1349 3613 1447 3649 Hcaec
1471 3614 1677 3648 conveniunt
1702 3624 1781 3648 enm
1806 3613 1976 3648 mandato
1998 3623 2054 3649 nr.
2072 3617 2142 3648 217.
2236 3613 2271 3657 3)
2300 3612 2354 3656 Cf.

177 3665 332 3699 ‘Archiv'
359 3665 445 3709 VII,
467 3670 541 3701 891.
