2558 3970
191 163 271 203 338
659 158 900 192 FRIDERICI
927 158 970 191 H.
998 157 1424 192 CONSTITUTIONES.
1474 158 1574 192 1244.
1624 157 1686 193 Nr.
1703 159 1908 193 247—249.

189 276 306 316 Petri
349 274 400 315 de
435 273 597 314 Vinea⁰
631 278 673 313 et
712 273 907 325 magistri
941 272 1130 313 Thadcif
1169 272 1221 313 de-
1256 272 1421 314 Suessa
1463 287 1617 327 magne
1664 274 1778 314 curie
1819 278 1964 314 nostre
2011 274 2185 323 iudicis,
2234 273 2379 315 dilecti

189 344 323 384 fidelis
357 343 512 383 nostri.
546 347 934 382 consummationemg
967 341 1084 395 pacis
1116 347 1280 382 ciusdem
1312 347 1411 383 inter
1443 347 1695 383 venerabilem
1726 350 1873 392 patrem
1904 348 2165 384 Innocentium
2197 360 2379 384 summum

188 418 412 462 pontificem.
446 416 651 450 Romanam
684 415 878 450 ecclesiam
911 417 1067 449 matrem
1099 417 1265 449 nostram
1298 427 1342 450 ex
1374 419 1479 461 parte
1512 428 1596 457 una,
1629 428 1696 451 nos
1728 418 1766 450 et
1798 427 1942 451 sacrum
1972 416 2171 461 imperium
2192 429 2236 452 ex
2259 417 2379 452 altera

189 498 298 530 super
330 484 500 519 omnibus
533 487 568 518 et
602 484 757 529 singulis
790 483 957 518 articulis
990 485 1102 526 atque
1135 483 1320 527 capitulis,
1355 495 1465 529 super
1496 484 1630 528 quibus
1653 486 1691 518 et
1718 486 1872 529 propter
1893 496 1964 528 que
1987 485 2172 520 discordia
2192 485 2291 520 inter
2311 497 2379 520 nos

188 560 223 591 et
262 556 473 595 eeclesiam,
515 550 686 589 inimico
726 549 844 603 pacis
886 548 1258 602 superseminante
1293 549 1499 589 zizaniam
1512 547 1544 595 ¹².
1585 554 1657 589 fuit
1688 554 1869 589 hactenus
1901 556 1939 588 et
1970 553 2090 588 adhuc
2122 565 2201 589 esse
2232 553 2378 599 dignos·
2434 557 2448 580 5

187 625 283 659 citur
315 627 350 659 et
384 636 450 669 per
487 636 557 667 que
603 634 675 667 pai-x
709 617 762 658 eti
795 623 995 658 concordia
1032 616 1241 668 poteruntk
1272 623 1486 667 provenire,
1527 623 1665 658 eisdem
1705 625 1885 667 tanquam
1925 623 2034 667 plene
2065 624 2192 658 nostre
2224 622 2381 658 consciis

188 693 392 728 voluntatis
434 696 563 727 tenore
604 692 832 737 presentium
875 692 1047 727 duximus
1090 692 1416 733 mnnnistendunu
1458 691 1613 727 firmiter
1651 691 1933 736 promittentes,
1978 692 2077 736 quod
2110 691 2287 736 quicquid
2317 704 2382 737 per

187 774 248 796 eos
282 774 390 806 super
423 761 592 795 omnibus
625 764 660 795 et
695 761 849 804 singulis
883 761 1106 805 supradict-is
1139 755 1300 795 factum
1334 760 1514 802 extiterit,
1548 763 1672 795 ratum
1705 763 1742 795 et
1773 762 1919 794 firmum
1950 760 2129 795 habemus
2159 762 2197 795 et
2225 760 2380 796 inviola-

187 831 312 865 biliter
344 842 409 865 nos
442 830 695 875 promittimus
729 832 951 865 servaturos.
985 842 1027 864 uc
1056 830 1087 863 si
1109 829 1280 873 quolibet
1302 829 1460 864 articulo
1484 841 1547 864 seu
1574 829 1739 874 capitulo
1761 828 1957 874 designato
1981 828 2141 873 speciale
2164 829 2381 864 mandatum

186 900 223 933 in
268 899 423 944 singulis
462 902 588 934 nostre
628 899 859 933 celsitudinis
901 899 1129 934 habuissent.
1191 899 1297 933 Unde
1336 899 1382 932 ad
1420 898 1585 933 suturam
1621 897 1839 933 memoriam
1871 902 1910 933 et
1940 897 2053 932 robur
2084 893 2126 932 in
2157 896 2379 947 posterum
2417 901 2450 926 10

187 967 388 1002 valiturum
420 979 571 1012 presens
604 967 783 1012 scriptum
816 967 971 1013 proinde
1003 968 1083 1003 fieri
1117 967 1375 1002 mandavimus
1408 966 1531 1012 sigillo
1564 969 1691 1002 nostre
1723 966 1937 1002 celsitudini
1968 961 2233 1001 roboratum.

331 1029 490 1070 Datum
524 1029 636 1085 apud
670 1030 1117 1084 Aquampendentem,
1151 1029 1358 1070 vicesimo
1391 1029 1561 1070 octavo¹
1594 1029 1753 1080 Martii.
1789 1029 1977 1071 secunde
2012 1029 2309 1071 indictionism.

289 1233 391 1276 248.
434 1234 761 1277 FACULTAS
804 1233 1188 1277 NUNTIORUM
1218 1232 1656 1276 IMPERATORIS
1691 1233 1784 1275 DE
1817 1233 2275 1278 IUREIURANDO.

1096 1304 1217 1344 1244.
1250 1302 1384 1344 Mart.
1408 1304 1477 1344 28.

326 1388 607 1430 Adhibuimiis
658 1388 697 1439 1)
738 1387 911 1430 codicem
943 1388 1193 1430 Parisinnm
1214 1389 1327 1429 8990
1364 1401 1467 1430 saec.
1490 1388 1670 1432 XVIII.
1698 1389 1776 1443 fot.
1802 1390 1883 1429 141
1916 1388 2035 1441 (Rot.
2062 1387 2226 1440 VII.)¹,
2266 1403 2384 1442 quem
2421 1399 2451 1424 15

184 1457 356 1499 contidit
394 1457 624 1507 Moliniem
673 1457 716 1511 2)
755 1457 1021 1509 aponi-aplion
1065 1472 1102 1498 α.
1136 1460 1248 1498 1413
1297 1457 1502 1498 tabularii
1538 1457 1755 1507 Vaticani,-
1802 1456 1846 1511 3)
1889 1456 2106 1498 editionem
2147 1457 2386 1499 Annalium

185 1525 528 1567 Placentinorum
574 1525 653 1568 SS.
683 1524 861 1575 XVIII,
890 1528 996 1577 487;
1046 1525 1091 1582 4)
1138 1526 1356 1567 editionem
1402 1525 1567 1567 Mathai·
1611 1525 1871 1567 Parisiensis
1915 1525 1995 1567 SS.
2035 1525 2259 1576 XXVIII,
2288 1527 2384 1584 239.

186 1595 468 1637 Snmmariicm
509 1595 658 1636 codicis
699 1594 966 1636 Ottoboniani
1005 1608 1108 1636 saec.
1144 1594 1282 1637 XIII.
1311 1608 1372 1637 ex.
1418 1608 1454 1637 v.
1496 1595 1540 1634 in
1579 1594 1793 1635 Martenei
1837 1593 2078 1636 Collectione
2125 1595 2386 1646 amplissima

183 1663 244 1713 ΙΙ,
270 1664 392 1707 1245,
427 1687 480 1693 —-
512 1662 963 1705 Hziillarcl-Bre‘lzollcs
994 1662 1067 1714 VI,
1091 1665 1185 1706 171.
1247 1662 1441 1713 Bo'hmci‘,
1476 1662 1575 1716 Req.
1598 1663 1696 1714 imp.
1730 1662 1772 1713 V,
1790 1664 1915 1705 3423.
2029 1662 2100 1716 (Ρ.
2122 1665 2241 1718 344.)

329 1800 601 1842 Fridericusa
641 1800 726 1843 Dei
766 1802 905 1856 gratia
943 1800 1238 1842 Romanorum
1279 1802 1513 1856 imperator
1554 1814 1725 1856 semper
1766 1805 1996 1856 augustus,
2040 1800 2308 1842 Ierusalemb
2341 1803 2384 1842 et
2419 1814 2453 1840 20

188 1869 335 1911 Sicilie
369 1884 458 1911 rex.
570 1869 656 1911 Per
685 1884 865 1926 presens
890 1871 1094 1925 scriptum
1118 1873 1266 1910 notum
1289 1870 1468 1911 facimus
1491 1870 1715 1921 universis,
1749 1869 1862 1925 quod
1884 1883 1963 1910 nos
1986 1869 2038 1911 R.
2061 1869 2217 1910 illustri
2242 1869 2385 1910 comiti

189 1938 471 1990 Tholosan00.
505 1938 662 1979 dilecto
695 1938 852 1990 affinid.
887 1943 930 1980 et
960 1938 1208 1993 magistrise
1240 1938 1370 1979 Petro
1400 1937 1453 1979 de
1476 1938 1618 1979 Vinea
1651 1942 1693 1979 et
1724 1937 1899 1979 Taddeo
1931 1937 1984 1979 de
2015 1937 2176 1979 Suessa
2205 1937 2385 1993 magnef

187 2007 303 2048 curie
336 2011 482 2048 nostre
515 2007 743 2058 iudicibus,
777 2007 974 2048 dilectisg
1005 2006 1203 2049 fidelibus
1227 2007 1400 2059 nostris,
1433 2007 1671 2062 specialem
1705 2012 1748 2048 et
1769 2007 1942 2062 plenam
1965 2006 2239 2048 concedimus
2261 2010 2384 2062 pote-

188 2080 342 2117 statem
374 2075 542 2117 iurandi
574 2076 617 2116 in
653 2076 797 2117 anima
830 2076 899 2118 eth
931 2090 1007 2132 pro
1041 2080 1162 2131 parte
1195 2080 1359 2129 nostra.
1391 2080 1507 2118 stare
1540 2076 1754 2117 mandatis
1787 2076 1947 2117 domini
1980 2089 2090 2131 pape
2124 2080 2167 2117 et
2199 2075 2382 2117 ecclesie

189 2159 317 2201 super
357 2145 553 2186 omnibus
595 2145 803 2195 articulis.
842 2145 1027 2197 iniuriis,
1066 2145 1264 2200 dampnis
1295 2148 1337 2186 et
1370 2145 1546 2186 offensis
1589 2149 1689 2186 ante
1724 2149 1766 2186 et
1796 2149 1893 2199 post
1926 2143 2381 2185 excommunicationis
2418 2155 2450 2182 25

188 2214 448 2256 sententiam
482 2213 672 2254 ecclesiis
708 2218 750 2255 et
780 2213 996 2269 personisi
1029 2213 1336 2255 ecclesiasticis
1368 2214 1513 2265 illatis,
1546 2228 1623 2269 pro
1657 2214 1810 2268 quibus
1842 2227 1922 2269 per
1944 2214 2042 2255 olim
2067 2212 2142 2255 G.k
2173 2227 2385 2254 summum

187 2282 434 2338 pontificem
492 2286 640 2322 contra
686 2295 764 2323 nos
815 2282 909 2337 ipsa
955 2282 1410 2323 excommunicationis
1459 2282 1674 2324 sententia
1722 2281 1977 2323 dinoscitur-1
2018 2281 2152 2323 fuisse
2191 2282 2383 2337 prolata3

190 2355 327 2392 ratum
360 2349 572 2391 habentes
606 2354 649 2391 et
681 2350 885 2391 firmumm
916 2351 1115 2406 quicquid
1147 2365 1276 2406 super
1309 2351 1390 2391 hoc
1427 2351 1610 2406 predicti
1642 2350 1793 2392 fideles
1827 2351 1960 2392 nostri
1984 2350 2186 2392 duxerint
2216 2350 2381 2392 facien-

189 2419 301 2460 dum.
364 2418 432 2459 Ad
473 2418 591 2459 cuius
631 2420 692 2460 rei
729 2420 981 2461 memoriam
1022 2424 1064 2461 et
1098 2420 1287 2461 debitam
1330 2420 1603 2462 firmitatemn
1644 2435 1822 2475 presens
1864 2420 2070 2475 scriptum
2102 2433 2235 2461 aurea
2266 2420 2383 2463 bulla

194 2488 359 2543 typario
392 2491 536 2528 nostre
568 2488 806 2529 maiestatis
840 2489 1049 2544 impressa
1081 2489 1284 2530 iussimus
1318 2489 1587 2531 communiri.
2213 2498 2218 2505 “
2419 2497 2451 2522 3⁰

335 2556 522 2597 DatumO
555 2556 666 2610 apud
699 2556 1149 2612 Aquampendentem.
1184 2558 1390 2599 vicesimo
1425 2561 1576 2598 octavo
1610 2557 1797 2607 Martiil‘.
1832 2557 2020 2598 secunde
2054 2557 2309 2598 indictionis.

305 2762 407 2804 249.
449 2763 803 2806 ENCYCLICA
846 2763 1277 2805 IMPERATORIS
1313 2762 1404 2803 DE
1437 2762 1603 2804 PACE
1637 2762 1813 2804 INITA
1850 2763 1935 2803 ET
1967 2762 2058 2803 DE
2088 2763 2276 2806 OURJA

789 2831 1085 2874 VERONAE
1110 2831 1433 2873 HABENDA.
1495 2833 1639 2884 (1244.
1663 2832 1792 2883 Apr.)

332 2917 610 2958 Adhibuimus
654 2920 695 2970 1)
727 2917 898 2959 codicem
940 2918 1200 2959 bibliothecae
1222 2917 1428 2959 Athenaei
1463 2917 1738 2958 Tam-inensis
1768 2917 1824 2959 H.
1850 2916 1943 2959 III.
1966 2918 2033 2966 38,
2067 2916 2146 2970 fol.
2170 2917 2235 2967 50,
2266 2930 2384 2969 quem

186 2990 351 3038 practer
392 2985 542 3026 codices
572 2987 600 3025 2
636 2988 673 3026 ct
709 2988 735 3024 4
776 2999 823 3026 ac
864 2985 1195 3038 Plzittipsianiim
1229 2987 1340 3026 8390
1383 2986 1506 3027 etiam
1546 2986 1736 3027 adhibuit
1772 2985 2078 3035 Huillardns²‚·
2127 2984 2171 3037 2)
2211 2985 2381 3027 codicem
2417 2998 2448 3023 35

193 3055 439 3095 Pari-§inimi
476 3054 547 3095 lai.
579 3054 718 3093 13059
760 3054 823 3099 (S.
862 3055 1066 3096 Germain
1096 3055 1266 3109 Harlay
1293 3056 1398 3106 455)
1438 3067 1545 3107 pars
1577 3054 1670 3105 ΙΙΙ,
1713 3068 1778 3097 nr.
1803 3056 1857 3095 70
1888 3053 1968 3108 fol.
1990 3055 2046 3094 38
2059 3049 2085 3104 ’,·
2133 3053 2176 3108 3)
2214 3053 2386 3094 codicem

197 3122 567 3176 Guelferbytanum
599 3123 708 3174 Aua.
730 3123 785 3162 4Ο
819 3123 957 3163 XIII.
981 3126 1008 3163 3
1039 3137 1098 3175 cp.
1130 3125 1228 3167 ms),-
1270 3124 1311 3177 4)
1346 3124 1517 3165 codicem
1549 3123 1884 3165 Vallicetlianiim
1916 3123 1955 3164 J
1967 3123 2024 3163 29
2049 3121 2125 3176 fol.
2147 3123 2203 3162 29
2230 3135 2290 3173 ep.
2308 3124 2364 3162 36
2372 3135 2385 3171 ;

329 3246 413 3301 ἓ47.
446 3254 475 3289 0)
501 3249 569 3280 Vin
596 3247 624 3280 2.
780 3248 810 3289 fl)
849 3250 974 3282 'raddei
1000 3250 1031 3282 2.
1185 3252 1217 3291 g)
1254 3251 1545 3283 consumationem
1571 3249 1602 3282 ⁶2.
1755 3247 1789 3291 ¹¹)
1824 3250 1985 3292 gganiam
2010 3248 2040 3282 2.
2181 3248 2204 3292 i)
2238 3249 2328 3282 deest
2350 3247 2382 3281 2.

193 3304 225 3334 ks
260 3312 349 3347 potet
373 3304 404 3337 ’2.
522 3304 546 3348 ¹)
573 3307 729 3338 XXVIII.
758 3305 786 3338 2.
908 3308 949 3348 ΠἹ)
977 3308 1156 3340 indicionis
1181 3306 1210 3340 2.

329 3372 413 3407 248.
448 3380 477 3403 «Ἣ
506 3376 558 3407 Fr.
578 3374 614 3415 23
656 3376 869 3408 Fretherieus
895 3376 923 3408 4.
1066 3375 1097 3417 b)
1131 3376 1233 3409 Ihiim
1259 3376 1289 3408 ⁶2.
1433 3376 1462 3416 c)
1496 3376 1681 3408 Tholosani
1708 3374 1741 3413 1;
1782 3375 1998 3407 Tholosanefl
2022 3374 2052 3407 2.
2172 3373 2201 3414 d)
2227 3386 2268 3408 ac
2292 3375 2383 3407 fideli
2417 3379 2450 3404 4ο

193 3438 306 3464 nostro
333 3432 413 3463 add.
432 3430 462 3464 4.
604 3432 634 3473 Θ)
672 3434 834 3475 magistro
859 3432 889 3465 3.
1032 3433 1061 3475 s)
1099 3434 1188 3467 deest
1212 3432 1242 3466 3.
1384 3434 1416 3473 8)
1444 3439 1476 3465 et
1501 3431 1539 3465 4:
1581 3437 1613 3465 et
1638 3431 1770 3464 adds2.
1912 3430 1946 3472 l¹)
1974 3432 2063 3464 deest
2079 3431 2118 3473 43
2157 3436 2273 3465 nost-ra
2298 3436 2331 3464 et
2354 3430 2384 3464 3.
2435 3431 2438 3435 ’

194 3487 217 3525 ἶ)
245 3495 276 3520 et
302 3489 450 3530 personis
477 3489 523 3520 bis
549 3490 587 3522 2:
614 3490 692 3521 wel.
721 3501 804 3531 pers.
832 3488 862 3522 3.
982 3489 1014 3532 k)
1040 3502 1099 3532 per
1124 3493 1162 3523 G.
1190 3492 1267 3522 olim
1295 3490 1332 3523 3:
1359 3492 1437 3523 olim
1464 3501 1521 3532 per
1547 3492 1586 3521 G.
1604 3487 1635 3520 4.
1748 3487 1772 3520 Ῑ)
1800 3489 1950 3520 noscitur
1975 3487 2005 3520 3.
2032 3488 2063 3520 4.
2172 3488 2214 3529 m)
2242 3494 2274 3520 et
2298 3489 2383 3519 firm.

197 3546 357 3578 habentes
384 3544 415 3577 3.
533 3552 564 3572 Πν
592 3547 830 3579 firmitudinem
857 3546 887 3578 =l.
1005 3554 1038 3581 0)
1065 3549 1192 3580 Datum
1222 3566 1261 3569 —
1288 3549 1484 3581 indictionis
1509 3548 1577 3579 (les.
1595 3545 1626 3578 4.
1746 3546 1777 3583 ¹¹)
1805 3546 1963 3577 XXVIII.
1991 3547 2106 3578 marcii
2132 3546 2161 3577 2.

335 3648 363 3687 ly
394 3645 444 3687 Cf.
476 3645 595 3679 ibidem
622 3657 674 3679 ην.
691 3652 742 3680 411.
861 3649 895 3692 2)
925 3648 994 3692 φιιί
1018 3658 1091 3681 eam
1113 3658 1298 3691 peiperam
1323 3649 1380 3683 Ἰ).
1402 3650 1455 3682 38’
1479 3647 1636 3691 sinnarit.
