2558 3970
189 172 269 209 410
564 164 779 199 HEINRICI
806 163 944 198 REGIS
971 163 1396 198 CONSTITUTIONES.
1447 163 1545 197 1226.
1584 161 1680 196 1227.
1730 162 1791 195 Nr.
1809 161 1886 196 294.
1911 162 1989 195 295.

189 283 273 321 tine
317 281 498 321 invicem
540 279 808 333 obligarunt.
850 278 1036 319 rescindi
1078 278 1247 333 penitus
1288 282 1331 319 et
1368 278 1408 318 in
1452 278 1613 317 irritum
1655 277 1858 318 revocari.
1920 275 2045 323 Quod
2078 281 2123 317 ut
2156 283 2290 318 ratum
2325 282 2367 318 et

190 349 434 389 inviolabile
469 347 735 389 observetur.
768 347 968 401 paginam
1001 347 1126 386 istam
1159 351 1305 387 nostro
1339 346 1479 400 sigillo
1513 344 1694 386 fecimus
1726 344 1932 386 roborari.

302 417 434 458 Cuius
475 416 575 457 facti
620 420 753 457 testes
787 420 903 456 sunt:
946 414 1238 456 Theodericus
1271 414 1569 457 Treuerensis,
1608 413 1824 454 Henricus
1857 413 2122 454 Coloniensis
2155 413 2364 468 archiepi-

188 486 316 540 scopi.
350 485 622 525 Hermannus
657 484 998 539 Herbipolensis.
1032 482 1265 524 Bertoldus
1299 482 1653 537 Argentinensis‚
1688 481 1871 522 Sifridus
1906 481 2211 536 Augusteusis,
2242 481 2364 522 Hen-

188 555 298 594 ricus
332 552 604 594 Eistetensis.
638 552 853 593 Heni-icus
878 551 1245 595 wormatiensis&
1279 550 1569 605 Engilhardus
1602 549 1999 604 NuwinburgensiS,
2037 582 2045 590 .
2070 581 2078 589 .
2113 550 2365 591 Basiliensis

187 622 396 677 episcopi:
431 620 655 661 cunradus
690 620 930 666 Fuldensis,
964 620 1219 661 Ludewicus
1253 619 1602 664 Hersfeldensis,
1638 618 1861 659 Cunradus
1892 618 2153 660 Laurensisb
2186 618 2366 661 abbates

188 691 377 744 regales:
410 690 508 730 laici
532 689 789 730 Ludewicus
822 690 1037 744 palatinus
1070 703 1214 730 comes
1238 689 1348 730 Reni
1373 693 1415 729 et
1438 688 1525 729 dux
1549 688 1790 733 Bauwarie,
1824 686 2080 728 Ludewicus
2103 687 2368 742 lantgravius

187 758 436 812 Thuringie.
470 763 512 799 et
546 759 618 799 alii
653 771 776 813 quam
811 758 956 813 plures
990 762 1076 798 tam
1110 758 1326 799 seculares
1360 771 1486 812 quam
1520 757 1816 798 ecclesiastice
1848 769 2047 811 persone.

332 828 442 867 Acta
474 832 569 867 sunt
605 827 682 867 hec
716 826 829 881 apud
862 826 1133 881 Herbipolim
1168 841 1279 867 anno
1304 825 1515 867 dominice
1548 825 1851 867 incarnationis
1874 824 2162 875 MOOXXVI,
2194 823 2247 866 V.
2269 823 2366 866 Kal.

192 895 456 936 Decembris.
492 895 762 949 pontificatus
796 895 957 935 nostri¹
990 909 1100 936 anno
1133 895 1296 936 XXVI.

879 1303 1008 1370 295
1066 1299 1685 1371 SENTENTIA

254 1415 393 1485 DE
448 1414 1046 1485 LIBERTATE
1101 1414 1564 1485 CIVITATI
1618 1413 2319 1499 IRREQUISITO

539 1528 1049 1601 EPISOOPO
1105 1527 1324 1599 NON
1370 1528 2018 1600 TRIBUENDA.

1094 1665 1236 1711 1227.
1276 1665 1393 1724 Apr.
1423 1667 1467 1711 6.

330 1810 545 1851 Declcrzmt
575 1824 664 1851 cam
711 1810 746 1864 l)
777 1810 1073 1852 Wiukelmamz
1109 1810 1152 1850 in
1173 1810 1290 1850 Actis
1321 1810 1486 1861 <aimerii
1516 1810 1685 1851 ineditis
1707 1810 1743 1860 Ι,
1765 1811 1847 1850 391
1879 1823 1944 1850 nr.
1962 1811 2045 1850 459
2067 1824 2117 1851 ex
2137 1809 2372 1862 apoqrapho

187 1878 420 1927 Hzce'llardi,
453 1879 560 1931 qaod
585 1879 742 1933 fecerat
773 1894 792 1917 c
823 1879 1079 1920 chartulario
1110 1878 1365 1920 Virdzmensi
1396 1878 1653 1920 bibliothecae
1676 1878 1913 1928 Parisinac,
1951 1878 2050 1920 Coa.
2079 1878 2127 1919 de
2148 1878 2268 1919 Lorr.
2292 1879 2374 1918 716

179 1947 255 2001 fol.
276 1949 354 1989 27:
398 1947 442 2002 2)
474 1947 587 1988 haud
624 1948 825 1999 intem-am
871 1947 1017 1989 Clou'ct
1049 1947 1248 1988 ‘Histoire
1287 1947 1335 1988 de
1368 1947 1545 1988 Vei-dm&
1579 1948 1642 1997 II,
1665 1949 1749 1988 388
1786 1949 1867 1989 not.
1894 1950 1917 1986 1
1955 1961 1974 1988 e
2004 1947 2262 1989 chartulario
2292 1947 2375 2001 epi-

185 2020 374 2068 scopatus
404 2030 469 2059 nr.
494 2018 589 2059 142.
622 2041 676 2045 —
707 2016 899 2066 Bolmaer,
932 2015 1030 2069 Rey.
1066 2016 1160 2068 imp.
1194 2016 1235 2066 V,
1257 2018 1381 2057 4053.
1997 2015 2067 2069 (P.
2090 2015 2232 2070 deest.)

329 2141 384 2185 H.
416 2142 526 2183 Dei³
561 2143 700 2197 gratia
722 2141 1012 2184 Romanorum
1036 2157 1113 2184 rex
1139 2146 1180 2184 et
1210 2157 1382 2198 semper
1404 2147 1613 2198 augustus
1643 2142 1843 2184 fidelibus
1867 2143 1955 2184 suis
1977 2142 2188 2184 universis
2211 2141 2372 2183 civibus

187 2211 528 2253 Virdunensibus
562 2212 742 2266 gratiam
779 2226 898 2252 suam
934 2216 976 2253 et
1007 2225 1130 2253 omne
1164 2212 1339 2254 bonum.

329 2279 567 2331 Noveritis,
610 2280 721 2335 quod
753 2294 831 2321 nos
864 2280 917 2320 ad
949 2281 1198 2322 instantiam
1230 2285 1273 2323 et
1305 2281 1556 2337 petitionem
1589 2282 1835 2322 nuntiorum
1869 2281 2056 2336 episcopi
2088 2278 2374 2321 Virdunensis

188 2363 354 2390 necnon
396 2348 583 2389 dictante
634 2350 851 2390 sententia
894 2350 1129 2404 principum
1175 2350 1288 2404 apud
1337 2364 1413 2391 nos
1457 2350 1735 2391 existentium
1786 2350 2083 2391 revocavimus
2126 2349 2169 2389 in
2207 2347 2374 2389 irritum

190 2422 231 2458 et
274 2417 579 2459 denunciamus
623 2432 705 2458 non
747 2423 893 2459 tenere
925 2418 1170 2460 libertatem
1202 2423 1244 2459 et
1276 2419 1626 2470 constitutiones,
1672 2433 1776 2474 quas
1811 2433 1835 2460 a
1867 2419 2010 2470 nobis,
2055 2432 2151 2460 cum
2184 2429 2374 2459 essemus

196 2487 470 2542 Aquisgrani,
503 2486 829 2541 dignosciminib
864 2487 1145 2536 obtinuisse²‚
1178 2489 1277 2542 quia
1309 2488 1545 2529 secundum
1577 2489 1834 2529 sententiam
1866 2487 2106 2543 principum
2128 2485 2373 2541 irrequisito

189 2556 392 2610 episcopo
425 2559 566 2596 vestro
611 2555 661 2596 de
702 2557 792 2597 iure
835 2557 977 2597 facere
1017 2571 1101 2597 non
1148 2561 1409 2611 poteramus.
1484 2556 1757 2612 Quapropter
1799 2557 2053 2598 auctoritate
2093 2556 2216 2611 regia
2254 2554 2373 2596 vobis

190 2624 448 2665 inhibemus.
481 2639 534 2665 ne
568 2625 741 2666 easdem
766 2626 1095 2667 constitutiones
1119 2639 1252 2667 novas
1275 2630 1424 2667 tenere
1448 2626 1649 2666 minime⁰
1672 2626 1946 2680 presumatis.
1998 2625 2208 2666 Mittimus
2230 2624 2374 2678 itaque

189 2693 393 2733 dilectum
437 2693 688 2734 familiarem
731 2694 967 2748 principem
1006 2699 1201 2734 nostrum
1241 2693 1294 2734 ad
1339 2708 1410 2734 vos
1456 2694 1826 2749 archiepiscopum
1864 2691 2205 2734 Treverensem‘1
2246 2705 2375 2747 super

191 2762 350 2802 eisdem
392 2775 441 2802 ac
474 2762 566 2802 aliis
599 2761 778 2816 agendis
813 2763 1021 2817 imperiie.
1092 2762 1304 2817 Quicquid
1337 2763 1457 2803 vobis
1498 2762 1655 2803 dixerit
1689 2777 1744 2803 ex
1781 2767 1905 2818 parte
1937 2766 2105 2813 nostra,
2137 2760 2265 2802 fidem
2299 2759 2372 2801 ad-

191 2830 374 2871 hibeatis
415 2829 719 2874 indubitatam.
765 2836 838 2871 aut
884 2829 1103 2886 [quicquid
1137 2830 1274 2887 vobis]
1310 2832 1544 2872 iniunxerit
1576 2831 1842 2883 faciendum,
1883 2845 2011 2887 opere
2045 2829 2296 2885 compleatis
2329 2832 2373 2871 et

191 2899 330 2940 eidem
362 2899 683 2955 archiepiscopo
716 2900 919 2940 familiari
953 2905 1097 2941 nostro
1131 2901 1250 2941 velut
1281 2900 1405 2942 nobis
1438 2900 1690 2941 obedientes
1724 2901 1934 2941 existatis.

331 2967 492 3008 Datum
524 2967 636 3022 apud
669 2967 973 3024 oppenheimf,
1006 2968 1129 3009 VIII.
1163 2968 1266 3010 Idus
1300 2970 1479 3024 Aprilis,
1514 2969 1750 3010 indictione
1784 2969 1881 3010 XV.

326 3080 411 3115 294.
447 3082 478 3123 h)
505 3084 623 3115 latire—n
649 3095 697 3115 or.

327 3150 412 3185 *295-
444 3152 475 3191 ³)
496 3163 563 3193 pro
588 3152 650 3184 Dei
669 3169 711 3173 —
729 3152 817 3194 quod
843 3163 903 3184 nos
919 3151 955 3183 2:
982 3157 1042 3184 etc.
1140 3151 1171 3192 b)
1199 3153 1230 3185 in
1257 3153 1513 3195 Aquisgranum
1539 3153 1752 3185 dinoscimini
1779 3152 1805 3184 l.
1903 3152 1932 3193 ⁰)
1961 3152 2049 3184 deest
2074 3150 2105 3183 2.
2201 3149 2233 3191 d)
2258 3150 2374 3183 Trevi-

193 3219 320 3240 rensem
346 3208 376 3240 ⁵2.
495 3215 523 3250 ρ)
550 3210 678 3252 imperii
706 3228 747 3231 —
773 3215 886 3242 nostro
913 3210 981 3242 cles.
999 3208 1030 3242 2.
1150 3209 1182 3250 f)
1209 3211 1395 3253 Openheim
1425 3210 1452 3242 1.

331 3310 363 3351 1)
402 3309 531 3352 Nempe
568 3309 699 3353 Sifricli
725 3309 940 3353 Moyantini.
1080 3311 1115 3352 2)
1154 3310 1378 3355 Privileyz'um
1406 3310 1538 3354 reyiam
1573 3309 1693 3344 datum
1724 3313 1869 3344 exeunte
1905 3319 2016 3343 meme
2046 3308 2180 3343 Martio
2212 3307 2374 3349 (Rohmer
2407 3314 2438 3340 35
2478 3339 2479 3342 ,

202 3364 237 3405 V,
258 3369 361 3407 4043)
394 3366 465 3398 iam
497 3377 566 3399 non
594 3369 722 3409 eoestat,
762 3367 839 3400 ems
871 3370 966 3400 tenor
998 3371 1114 3401 autem
1144 3371 1292 3410 apparet
1317 3378 1333 3401 e
1359 3371 1545 3410 praecepto
1567 3367 1655 3410 reyis
1679 3367 1768 3410 Apr.
1791 3371 1833 3401 26
1856 3366 1956 3408 dato,
1992 3364 2374 3400 Haillard·Breholles

198 3421 241 3454 II
243 3422 268 3463 L
286 3426 349 3455 330
373 3422 538 3456 (Bolaner
565 3423 599 3465 V,
619 3428 731 3467 40:38).

2405 904 2437 929 10

2408 1819 2439 1845 15

2409 2564 2440 2590 25

2489 2610 2512 2687 Δια
