2558 3970
85 1488 159 1511 12ζῖ9.

47 1519 128 1545 Mari.
143 1526 183 1545 τι».

216 150 296 189 310
748 144 988 179 FR-IDERICI
1018 144 1058 177 ll.
1087 143 1515 178 CONSTITUTIONES.
1566 143 1664 179 1240.
1714 144 1871 178 Nr.2·24.

216 262 386 301 fix-imus
429 260 595 300 denuoa
625 272 701 315 per
742 258 929 300 eosdem.
1052 258 1142 313 (10)
1175 257 1312 304 Quam
1347 272 1440 298 cum
1474 259 1658 299 libenter
1689 259 1894 300 affectare
1919 274 1964 299 se
1997 259 2159 300 diceret
2191 260 2398 301 cautionis

214 329 412 369 moduin¹¹
447 334 488 369 et
522 328 701 369 formam
734 327 890 368 iudicio
925 331 1071 368 nostro
1105 328 1397 377 committens,
1439 327 1602 367 nunciis
1635 327 1793 367 nostris
1835 331 1877 367 et
1909 328 1997 368 suis
2030 342 2125 369 eum
2157 329 2325 370 unionis
2359 336 2402 370 et

215 399 330 452 pacis
378 410 580 438 concesse
630 396 777 437 fidutia
822 396 874 436 ad
921 409 997 436 nos
1041 396 1241 436 alacriter
1283 395 1583 437 venientibusc
1621 395 1790 435 omnino
1833 396 2002 448 celatis,
2056 396 2314 452 Gregorio&
2346 398 2399 440 de

214 466 508 520 Montelongo.
562 479 690 520 quem
735 464 898 519 pridem
953 465 995 504 in
1045 463 1347 505 Lombardiam
1402 466 1649 518 suspectum
1699 463 1822 504 nobis
1871 467 1913 504 et
1958 465 2116 505 nostris
2161 466 2401 521 simplicem

214 535 414 575 nuncium
460 534 726 574 habebamus
773 538 814 574 et
855 547 980 587 quem
1023 532 1075 574 de
1117 533 1294 587 regione
1345 533 1438 587 ipsa
1479 532 1735 586 promiserat
1777 546 2005 583 revocare,
2050 537 2198 575 contra
2237 549 2315 576 nos
2359 539 2402 576 et

213 608 379 643 nostros
421 602 648 657 legationis
689 602 874 642 officium
916 601 957 641 in
997 601 1148 642 eadem
1187 599 1437 656 provinciad
1475 601 1603 655 plene
1644 599 1868 642 commisit.
1931 600 1998 641 Ad
2038 602 2210 642 maioris
2245 603 2400 644 etiame

213 671 614 725 coaggerationems
651 671 860 725 nequitie.
906 670 1006 711 dum
1048 684 1126 711 nos
1167 673 1343 725 propter
1375 669 1546 710 unionis
1585 669 1796 724 promisse
1829 669 2022 710 fidutiam
2054 674 2306 725 reputaretg
2336 671 2400 712 in-

214 746 376 781 cautos.
410 754 485 795 per
518 739 725 794 quosdam
760 740 975 794 principes
1009 744 1051 780 et
1082 738 1232 780 fideles
1266 743 1434 779 nostros
1469 737 1689 779 admoneri
1729 737 1949 778 mandavit
1982 752 2110 793 super
2142 739 2402 794 quibusdam

212 809 549 863 gravaminibus.
584 823 666 863 que
698 809 739 848 in
773 821 905 862 regno
938 812 1085 848 nostro
1119 807 1265 848 Sicilie
1300 810 1342 847 et
1377 806 1483 848 urbe
1516 806 1711 847 Romana
1744 810 1891 847 contra
1923 807 2063 862 ipsum
2096 811 2138 848 et
2171 808 2401 850 ecclesiam

213 891 287 932 per
327 877 532 918 officiales
574 876 770 917 nostros¹¹
811 882 853 917 et
897 877 1068 917 nuntios
1109 874 1337 930 attemptai
1380 875 1562 916 dicebat.
1682 873 1776 929 (11)
1809 874 1879 915 Ad
1916 889 1997 930 que
2036 876 2179 917 omnia
2216 891 2311 918 eum
2349 877 2402 920 de

213 946 399 1000 ipsorum
444 945 757 987 admonitorum
800 945 909 986 neck
949 946 1087 985 minus
1127 945 1310 985 aliorum
1350 943 1667 998 quamplurium
1715 944 2017 998 religiosorum
2057 945 2212 986 iudicio
2255 949 2403 987 nostra

213 1014 440 1055 serenitasl
479 1015 728 1070 plenissime
769 1014 1085 1069 respondisset,
1128 1012 1481 1068 responsionibus
1527 1012 1707 1067 singulis
1746 1012 1799 1053 ad
1845 1012 2033 1068 capitula
2071 1014 2276 1068 singulam
2318 1028 2404 1056 non

213 1084 429 1123 contenti11
462 1084 640 1125 verbum
673 1084 876 1138 generale
910 1083 1225 1132 subiunximus,
1258 1081 1371 1136 quod
1405 1082 1672 1122 voluntatem
1705 1085 1747 1122 et
1778 1081 2105 1136 responsionem
2138 1087 2329 1124 nostram
2361 1084 2404 1125 in

216 1152 393 1206 singulis
427 1160 533 1193 suo⁰
565 1152 722 1194 iudicio
757 1151 1086 1193 comittebamus
1121 1151 1194 1191 inv
1227 1154 1377 1201 totum,
1410 1155 1536 1206 prout
1557 1149 1637 1191 hec
1661 1149 1976 1205 quamplurium
2000 1151 2264 1205 prelatorum
2287 1153 2403 1194 omni

212 1220 295 1261 fide
327 1221 554 1275 dignorum
586 1222 741 1263 litteris
774 1225 815 1261 et
844 1220 1118 1261 testimonioq
1149 1218 1496 1274 comprobantur.
1549 1217 1605 1258 Et
1629 1231 1725 1258 cum
1748 1231 1877 1272 super
1899 1217 1978 1258 hiis
2002 1219 2200 1260 omnibus
2223 1221 2403 1261 nuncios

213 1294 399 1332 nostros.
446 1304 574 1345 super
620 1289 970 1345 responsionibus
1028 1288 1134 1343 ipsis
1181 1292 1223 1327 et
1272 1287 1566 1328 satisfactione
1610 1286 1803 1341 plenarie
1851 1285 2048 1327 facienda
2091 1287 2221 1342 plena
2268 1289 2405 1330 nostri

212 1357 406 1398 culminis
449 1359 704 1399 auctoritate
742 1358 951 1409 munitos,
992 1357 1045 1397 ad
1088 1357 1270 1397 curiamr
1301 1356 1591 1406 mitteremus,
1633 1355 1716 1396 iste
1756 1358 1899 1396 rector
1929 1355 2187 1397 universalis
2221 1359 2405 1400 ecclesie

212 1440 293 1466 non
335 1427 577 1482 expectatis
618 1427 801 1472 eisdem.
844 1441 921 1482 per
960 1440 1137 1481 quorum
1178 1425 1410 1466 adventum
1452 1425 1717 1480 presciverat
1757 1423 2027 1477 iniquitatem
2068 1439 2297 1480 processus
2339 1428 2404 1468 sui

212 1495 398 1536 faciente
440 1496 630 1536 iusticiaS
669 1495 995 1551 precidendam,
1035 1499 1184 1536 eontra
1227 1508 1304 1535 nos
1346 1493 1415 1534 die
1459 1493 1720 1548 palmarum,
1761 1493 1833 1547 qui
1875 1492 1991 1533 diest
2023 1497 2089 1534 est
2129 1495 2403 1549 processibus

211 1563 369 1604 talibus
403 1578 579 1619 prorsus
612 1565 851 1616 insolitusu,
893 1578 1122 1620 perperam
1156 1567 1199 1604 et
1238 1563 1447 1604 iniuriose
1479 1562 1705 1617 processit.
1826 1561 1915 1616 (12)
1948 1561 2039 1602 Nos
2071 1567 2235 1614 autem,
2277 1564 2401 1619 quiaV

211 1646 460 1686 processum
494 1633 738 1675 huiusmodi
771 1634 1014 1674 temeritate
1046 1633 1222 1688 plenum
1256 1636 1299 1673 et
1328 1632 1500 1672 iusticia
1529 1644 1711 1672 vacuum
1742 1630 2023 1682 habebamus,
2056 1631 2107 1672 ad
2133 1632 2405 1674 confratresW

212 1715 309 1741 suos
351 1702 512 1743 litteras
547 1707 588 1742 et
625 1703 793 1757 legatos
831 1702 1145 1743 transmisimus
1188 1701 1392 1755 generale
1431 1704 1631 1755 petentes
1674 1699 1902 1740 convocari
1935 1700 2205 1751 conciliumx,
2242 1702 2285 1742 in
2319 1716 2402 1757 quo

213 1770 360 1811 iudicis
395 1772 578 1825 corrupti
610 1772 844 1826 nequitiam
877 1786 926 1812 ac
958 1771 1127 1826 imperii
1151 1770 1288 1811 nostri
1311 1770 1527 1810 iusticiam
1552 1772 1594 1809 et
1616 1768 1902 1809 innocentiam
1925 1772 2116 1808 nostram
2140 1771 2404 1824 argumentis

211 1852 392 1891 arguere
424 1840 519 1880 luce
554 1840 806 1880 clarioribus
841 1839 1176 1894 spondebamus.
1239 1838 1380 1892 Super
1411 1851 1494 1892 quo
1527 1836 1712 1877 nedumy
1745 1835 1855 1890 quod
1888 1836 2056 1877 iusticie
2089 1841 2230 1877 nostre
2254 1837 2399 1879 delata

214 1908 317 1947 ratio
353 1908 517 1949 fuerit²³.
552 1909 679 1948 immo
715 1913 861 1949 eontra
894 1914 1147 1949 communea
1180 1908 1242 1948 ius
1275 1907 1482 1960 gentium,
1517 1905 1630 1960 quod
1665 1904 1811 1945 violari
1843 1905 2011 1958 legatos
2046 1911 2088 1946 et
2110 1907 2282 1947 nuntios
2315 1921 2400 1947 non

211 1977 438 2031 permittit.
479 1978 733 2033 episcoposb
767 1981 811 2018 et
842 1977 1020 2018 nuncios
1054 1976 1322 2031 supradictos
1356 1989 1469 2030 papa
1502 1974 1750 2029 turpissimo
1784 1974 1946 2015 carceri
1977 1973 2199 2016 mandavit
2230 1975 2400 2017 intrudi.

211 2045 303 2099 1⁸13)
337 2046 559 2087 Attendite
591 2047 723 2100 igitur
753 2050 796 2086 et
827 2045 983 2096 videte,
1018 2045 1053 2086 si
1085 2048 1182 2086 sunt
1212 2045 1298 2085 ista
1329 2044 1443 2084 facta
1474 2044 1661 2099 papalia,
1695 2043 1730 2083 si
1762 2047 1860 2083 sunt
1891 2042 1969 2083 hec
1993 2056 2125 2098 opera
2148 2045 2403 2097 sanctitatis,

212 2113 415 2154 mundum
439 2122 694 2170 exponerec,
718 2114 938 2156 nostramd
963 2114 1215 2155 conculcare
1238 2112 1450 2154 iusticiam
1476 2117 1543 2154 et‘³
1563 2110 2226 2153 secundumeediolanensium
2246 2113 2405 2154 faeiem

212 2181 419 2224 iudicare!
485 2184 558 2223 Set
591 2198 668 2224 nec
702 2185 743 2224 in
777 2184 860 2224 hiis
893 2184 1106 2235 omnibus,
1141 2197 1235 2223 cum
1266 2189 1410 2237 papag
1442 2186 1590 2222 contra
1612 2195 1689 2221 nos
1715 2180 2023 2235 spiritualiter¹¹
2054 2181 2154 2221 licet
2177 2195 2404 2236 perperam

212 2251 487 2305 procedebat.
521 2252 593 2292 adi
626 2253 861 2307 imperialis
896 2252 1084 2293 vindicte
1117 2251 1323 2292 iudicium
1356 2250 1648 2301 movebamur,
1682 2263 1904 2304 quousque
1929 2249 1983 2290 ad
2008 2255 2247 2291 extremam
2270 2252 2402 2295 inter-

212 2321 471 2374 emptionem
506 2326 693 2362 nostram
718 2326 761 2362 et
782 2321 1054 2362 manifestam
1078 2319 1461 2361 exheredationem
1484 2319 1650 2374 imperii
1674 2318 1964 2374 persensimus
1988 2317 2159 2373 ipsumk
2183 2323 2402 2374 tempora-

212 2389 308 2429 liter
339 2390 553 2444 prosilire,
594 2390 715 2441 dum,
759 2391 880 2432 nobis
914 2392 955 2431 in
988 2391 1178 2432 marchia
1210 2389 1443 2431 Trivisina¹
1476 2390 1742 2430 morantibus
1775 2389 1828 2430 ad
1859 2389 2169 2444 pacificandam
2202 2390 2399 2441 eandem,

212 2458 366 2498 euiusm
410 2464 567 2499 terram
606 2459 656 2499 ob
700 2459 992 2501 dissensiones
1037 2460 1262 2500 continuas
1297 2464 1339 2500 et
1370 2459 1567 2513 antiquas
1611 2458 1885 2499 invenimusn
1917 2458 2133 2513 stragibus
2167 2459 2402 2500 occisorum

212 2532 254 2566 et
287 2528 493 2581 sanguine
527 2527 824 2579 madefactam,
858 2529 1148 2569 marchionem
1181 2528 1436 2569 Estensem0
1469 2532 1512 2569 et
1545 2527 1742 2568 comitem
1777 2526 1920 2567 Sancti
1943 2526 2152 2568 Bonifacii
2183 2535 2262 2568 acp
2293 2528 2399 2570 alios

212 2595 375 2636 nobiles
410 2597 613 2650 regionis,
659 2597 730 2651 qui
762 2597 814 2637 ad
846 2597 1136 2638 inductionem
1170 2596 1393 2638 eiusdemq
1427 2597 1552 2637 simul
1584 2597 1627 2636 in
1659 2609 1810 2636 necem
1844 2599 2034 2636 nostram
2069 2597 2403 2638 coniuraverant

212 2677 304 2703 cum
350 2665 520 2705 civitate
555 2665 763 2708 'ri-ivisiir.
805 2666 905 2706 data
947 2680 1031 2706 non
1075 2666 1266 2706 modicaS
1298 2666 1479 2721 pecunie
1513 2665 1785 2719 quantitatet,
1829 2664 1951 2705 nobis
1987 2669 2030 2704 et
2061 2664 2241 2719 imperio
2274 2665 2403 2706 fecit¹¹

347 2789 432 2824 224.
459 2797 491 2829 a,
517 2793 592 2825 den.
612 2804 679 2835 rep.
697 2792 729 2826 2.
748 2792 778 2825 3.
875 2792 905 2835 b)
933 2794 1019 2826 mod.
1038 2798 1128 2826 caut.
1147 2792 1178 2825 2.
1196 2792 1227 2826 3.
1323 2791 1351 2833 0)
1369 2793 1591 2825 redeuntibus
1607 2792 1651 2824 ad
1666 2802 1728 2823 nos
1744 2791 1901 2823 alacriter
1917 2790 1948 2823 2.
1966 2790 1997 2823 3.
2086 2790 2137 2833 o'‘)
2155 2792 2357 2834 Gregorium
2377 2791 2405 2826 l.

211 2845 242 2884 d)
267 2854 397 2880 nostros
423 2850 456 2880 in
482 2850 554 2881 ead.
581 2862 673 2893 prov.
701 2851 764 2893 leg.
792 2852 942 2883 officium
967 2851 999 2883 2.
1026 2850 1058 2883 3.
1176 2854 1206 2892 e)
1231 2861 1366 2893 quoquc
1391 2848 1423 2882 2.
1450 2848 1482 2882 3.
1599 2848 1631 2890 s)
1658 2849 1930 2891 coaggerationis
1957 2848 1986 2881 1.
2103 2848 2136 2890 g)
2162 2853 2347 2891 reportaret
2372 2848 2405 2883 2.

213 2902 242 2932 1ἰ
268 2912 370 2936 nostr.
398 2906 451 2937 off.
471 2906 501 2938 2.
520 2906 550 2938 3.
645 2906 668 2947 ἱ)
695 2908 787 2940 illata
803 2906 834 2940 2.
853 2907 884 2940 3.
978 2907 1011 2946 k)
1038 2912 1075 2939 ut
1092 2907 1124 2941 2.
1218 2905 1242 2948 l)
1269 2918 1332 2940 ser.
1359 2913 1474 2939 nostra
1490 2905 1521 2939 2.
1540 2906 1571 2939 3.
1666 2906 1707 2947 ¹¹¹)
1734 2907 1819 2948 sing.
1839 2916 1912 2948 cap.
1930 2905 1962 2939 2.
1981 2904 2012 2938 3.
2106 2906 2139 2947 11)
2166 2907 2349 2949 contempti
2374 2906 2405 2939 1.

212 2970 227 2986 0
269 2966 359 2997 deest
386 2964 414 2997 1.
533 2970 566 3003 11)
593 2971 624 2997 ct
650 2964 680 2996 2.
814 2965 847 3005 q)
874 2966 1050 2998 manifeste
1076 2965 1158 2997 add.
1177 2963 1208 2997 2.
1234 2963 1265 2998 3.
1396 2966 1422 3005 r)
1448 2965 1540 2996 eius
1575 2964 1841 3006 presenciam
1867 2962 1903 3001 3;
1930 2963 2003 2995 eius
2028 2961 2059 3001 2,
2085 2963 2139 2995 cui
2163 2963 2232 2996 des.
2257 2963 2403 2995 mittere-

212 3033 286 3053 mus
312 3040 353 3043 —
380 3023 601 3063 iniquitatem.
742 3027 769 3063 S)
806 3023 937 3054 astucia
962 3022 992 3054 2.
1140 3022 1164 3063 t)
1201 3022 1290 3053 deest
1315 3020 1346 3054 2.
1373 3021 1403 3054 3.
1544 3020 1578 3063 ¹¹)
1615 3026 1764 3053 contra
1803 3031 1954 3052 morem
1993 3020 2177 3052 ecclesie
2209 3020 2290 3052 add.
2313 3019 2345 3053 2.
2372 3019 2404 3052 3.

213 3084 243 3117 V)
269 3079 325 3119 qui
352 3077 382 3110 2.
409 3077 439 3110 3.
558 3084 597 3119 W)
624 3081 743 3111 fratres
768 3078 798 3111 2.
825 3079 856 3110 3.
971 3085 1004 3119 X)
1031 3090 1124 3111 cone.
1150 3089 1335 3111 convocare
1361 3078 1391 3110 2.
1419 3077 1451 3110 3.
1569 3079 1600 3118 y)
1628 3077 1773 3109 necdum
1803 3076 1831 3109 1.
1955 3076 1984 3116 Ζ)
2010 3077 2099 3118 quod
2126 3077 2275 3109 delatum
2301 3078 2403 3110 fuerit

212 3143 321 3167 nostre
348 3136 480 3168 Iusticie
508 3135 544 3174 13
571 3136 721 3168 delatum
747 3137 845 3168 etiam
870 3135 901 3169 2.
1017 3135 1048 3178 a)
1075 3147 1173 3168 omne
1197 3136 1227 3168 2.
1254 3135 1285 3168 3.
1405 3134 1435 3177 b)
1460 3136 1532 3167 loco
1557 3135 1732 3177 episcopos
1757 3151 1802 3156 —
1826 3144 1916 3176 papa
1941 3132 1972 3165 2.
1997 3132 2036 3166 3:
2062 3134 2281 3175 predictos
2306 3134 2406 3167 nun-⁷

212 3194 492 3225 cio>1iostros
519 3194 736 3236 episcopos
769 3194 846 3226 istc
872 3194 942 3236 qui
975 3194 1186 3225 scribitur
1211 3194 1440 3236 episcopus
1471 3190 1576 3235 (deest
1602 3190 1636 3233 2)
1663 3202 1811 3224 servus
1837 3201 2055 3223 servorum
2080 3191 2155 3223 dei.
2275 3191 2303 3233 c)
2331 3192 2404 3224 loco

212 3250 374 3281 mundum
407 3261 574 3293 exponere
599 3249 630 3283 2.
656 3250 692 3281 3:
731 3256 767 3282 ct
793 3252 825 3282 si
859 3251 1086 3293 composite
1120 3250 1408 3292 predicacioni
1435 3249 1511 3290 (sue
1536 3249 1617 3281 add.
1636 3248 1670 3288 3)
1698 3249 1941 3289 conveniat,
1975 3249 2016 3280 in
2042 3249 2272 3282 interitum
2297 3260 2404 3282 mun-

213 3307 305 3338 dum
332 3307 460 3346 (mundi
480 3306 514 3347 2)
542 3308 759 3340 deducere.
878 3306 909 3348 d)
946 3308 1036 3340 deest
1059 3306 1090 3339 2.
1116 3307 1147 3339 3.
1266 3305 1295 3349 e)
1331 3307 1626 3339 dissimulatis
1657 3306 1860 3338 fidelium
1892 3305 2123 3338 oculorum
2160 3311 2405 3340 nostrorum

213 3364 386 3395 iudiciis
413 3364 491 3395 mm.
511 3364 540 3396 2.
566 3363 597 3396 3.
692 3363 720 3404 s)
746 3365 991 3397 infidelium
1018 3364 1097 3396 add.
1118 3363 1148 3396 2.
1174 3363 1204 3397 3.
1300 3362 1332 3404 Β)
1357 3363 1448 3396 deest
1472 3362 1502 3395 2.
1528 3362 1558 3395 3.
1652 3361 1685 3404 h)
1711 3363 1831 3404 spiritu
1856 3363 1923 3394 oris
1948 3363 2001 3394 sui
2018 3361 2048 3395 2.
2068 3362 2099 3395 3.
2194 3361 2217 3405 i)
2243 3364 2405 3397 iustum

213 3420 291 3451 add.
312 3419 340 3452 2,
367 3419 396 3451 3.
514 3419 547 3462 k)
575 3422 646 3453 loco
671 3433 755 3464 pers.
782 3423 892 3463 ipsum
918 3421 949 3454 2.
975 3420 1012 3453 3:
1040 3422 1185 3454 ostendit
1212 3433 1257 3454 se.
1396 3419 1421 3463 l)
1447 3421 1626 3452 Tervisina
1649 3418 1680 3451 2.
1705 3418 1751 3453 3..
1874 3420 1915 3460 ¹¹¹)
1940 3419 2012 3451 loco
2038 3421 2136 3453 euius
2162 3425 2285 3453 terram
2310 3419 2342 3453 2.
2367 3419 2403 3454 3:

212 3488 324 3518 quam.
443 3483 475 3515 Π)
510 3478 580 3509 loa-0
615 3479 806 3511 invenimus
832 3497 870 3500 >v
901 3480 1121 3511 madefactam
1146 3477 1177 3511 2.
1203 3477 1238 3509 3:
1279 3478 1432 3520 passim
1465 3477 1687 3519 stragibus
1721 3477 1956 3508 occisorum
1995 3477 2238 3510 invenimus
2271 3478 2405 3511 rubri-

209 3541 357 3566 catam.
498 3540 529 3576 0)
567 3541 738 3567 extense-m
765 3536 801 3576 13
837 3543 1010 3569 extensam
1036 3534 1068 3569 2.
1209 3539 1241 3575 1')
1279 3540 1312 3566 et
1336 3533 1368 3567 2.
1394 3533 1425 3566 3.
1566 3532 1597 3575 q)
1629 3534 1671 3565 ad
1696 3533 1948 3574 suggestionem
1974 3535 2097 3566 summi
2122 3535 2288 3576 pontificis
2313 3534 2344 3568 2.
2369 3533 2399 3568 3.

208 3597 235 3629 r)
263 3592 405 3623 Tei-visii
432 3590 462 3623 2.
489 3591 519 3623 3.
637 3598 663 3632 ⁵³)
691 3593 858 3625 modicum
887 3594 913 3625 1.
1008 3593 1034 3635 2)
1061 3605 1126 3625 non
1153 3593 1237 3624 mod.
1265 3593 1341 3624 data
1367 3603 1437 3634 pcc.
1464 3592 1655 3633 quantitate
1679 3590 1710 3623 2.
1736 3589 1767 3622 3.
1862 3590 1894 3631 ιι)
1922 3591 2001 3623 feeit
2026 3591 2123 3624 nobis
2148 3597 2182 3625 et
2207 3594 2285 3636 imp.
2309 3591 2341 3626 2.
2367 3591 2400 3635 3,

213 3649 266 3679 nbi
292 3649 425 3690 publice
452 3648 549 3680 deest.

2442 890 2473 914 10

2441 1238 2472 1262 15

2441 1573 2478 1605 26

2440 1928 2472 1953 25

2440 2263 2475 2289 30'

2439 2610 2472 2634 35

2439 2961 2473 2996 40'

2439 3256 2471 3282 45

2439 3540 2472 3565 50
