2558 3970
89 1375 122 1400 lo

91 1721 120 1746 15

93 2476 124 2502 25

95 2822 128 2847 30

99 3165 132 3191 35

702 152 945 188 FRIDERICI
974 153 1017 188 11.
1045 152 1478 189 CONSTl'rUTIONES.
1527 152 1626 186 1220.
1678 151 1739 186 Nr.
1759 152 1812 185 76.
2306 155 2358 193 93

157 271 407 313 theloneum
444 268 562 325 apud
594 268 804 310 Arnheim
838 269 906 309 vel
939 267 1214 309 Osterbeked
1255 281 1331 309 seu
1365 266 1573 309 Lobedde
1606 267 1672 307 vel
1717 267 1756 307 in
1797 279 2069 320 quocumque
2104 266 2196 306 loco
2231 279 2359 320 super

158 339 358 381 Rhenum
391 338 596 393 deinceps
629 338 829 392 accipiat,
863 350 946 377 non
980 336 1179 378 obstante
1212 337 1354 391 aliqua
1379 335 1610 383 warandiu,
1645 336 1679 375 si
1712 349 1839 390 quani
1863 349 1908 376 se
1934 334 2035 375 dicit
2070 334 2245 376 babere.
2281 348 2358 374 nec

157 409 314 450 litteris
347 407 564 462 aliquibus
596 406 867 446 obviantibus
901 420 923 446 a
959 406 1082 446 nobis
1117 406 1182 446 vel
1216 405 1568 446 antecessoribus
1603 405 1760 444 nostris
1794 404 2047 459 impetratis.

301 475 461 517 Datum
495 475 609 530 apud
634 474 998 516 Frankenvordee
1033 476 1074 515 in
1108 475 1225 515 curia
1257 480 1402 514 nostra
1425 474 1722 528 sollempniter
1753 472 1924 518 indicta,
1957 471 2009 512 ΙΙ.
2035 471 2216 512 Kalend.
2246 471 2360 511 Maii.

529 884 620 952 76.
679 880 1141 952 PAUTUM
1197 880 1428 951 CUM
1483 876 1995 949 VENETIS.

1050 1006 1192 1052 1220.
1233 1006 1367 1064 Sept.
1398 1004 1478 1051 20.

301 1154 475 1207 Layitw·
506 1154 551 1194 in
589 1153 630 1208 1)
664 1153 808 1194 Libris
834 1154 1050 1204 pactorum
1075 1151 1143 1191 lib.
1169 1150 1203 1200 I,
1230 1149 1310 1205 sol.
1340 1145 1424 1199 192·
1458 1148 1501 1203 2)
1528 1148 1672 1189 Libris
1697 1150 1915 1200 pactorum
1940 1147 2006 1188 lib.
2030 1146 2092 1194 II,
2120 1146 2200 1200 fol.
2224 1142 2298 1186 ὅδ’
2331 1148 2369 1184 el

158 1223 203 1279 3)
225 1223 354 1264 Libro
384 1223 528 1264 blanco
549 1222 629 1277 fol.
647 1219 720 1260 ὅθ’
742 1235 809 1264 nr.
829 1223 897 1271 24,
920 1221 991 1261 ubi
1014 1220 1280 1261 *insci-ibitur:
1314 1218 1596 1273 Privilegium
1621 1216 1838 1258 Frederici
1865 1215 2043 1258 secundi
2068 1215 2364 1256 Romanorum

158 1293 272 1348 regis
321 1292 481 1333 factum
529 1291 701 1332 domino
742 1290 872 1331 Petro
912 1289 1034 1330 Ziani
1081 1288 1179 1329 duci
1213 1287 1499 1329 Venetiarum
1547 1286 1774 1327 occasione
1825 1284 2086 1340 supradicta.
2164 1284 2245 1336 Qui
2285 1286 2368 1324 tres

157 1360 310 1402 codices
340 1363 495 1401 textum
519 1360 640 1412 pacti
670 1374 721 1401 esc
752 1359 911 1400 notarii
942 1359 1217 1399 instrumento
1238 1356 1480 1397 anni1238
1511 1354 1769 1409 (indictione
1792 1353 1868 1405 XI,
1904 1368 2053 1395 mense
2079 1353 2367 1409 Septembris.

157 1430 199 1471 in
231 1429 346 1472 felici
378 1429 483 1471 urbe
516 1429 718 1480 Rivoalti,
758 1429 799 1470 in
832 1429 995 1485 palatio
1030 1425 1234 1482 ducatus)
1266 1426 1314 1467 de
1341 1425 1539 1466 mandato
1570 1425 1711 1466 Iacebi
1747 1424 1924 1476 Teupuli
1956 1423 2219 1465 l'enetiarum
2251 1423 2368 1463 ducis

155 1512 182 1539 a
217 1498 414 1540 Gabriele
444 1498 648 1539 Seribano
679 1497 868 1549 consecto,
899 1496 1028 1546 hodie,
1070 1498 1112 1537 ut
1144 1495 1316 1544 videtur,
1354 1494 1518 1548 perdito
1550 1496 1826 1545 sumpserunt.
1890 1492 1961 1533 Ea,-
1993 1492 2113 1533 libris
2149 1491 2365 1532 Paetorum

156 1567 478 1619 transscriptum
523 1569 582 1608 est
624 1567 670 1607 in
712 1566 884 1608 coclieem,
940 1565 1208 1606 Trivisanum
1248 1562 1325 1619 fol.
1347 1566 1444 1612 310,
1495 1576 1614 1614 quem
1660 1561 2121 1603 Huillurd-Breleolles
2164 1560 2366 1601 adhibuit.

159 1635 335 1678 Paetum
376 1639 565 1677 nostrum
602 1636 712 1677 ill-uc]
745 1635 907 1677 Olto‘nis
937 1634 1020 1678 IV.
1061 1635 1213 1687 (supra
1244 1646 1309 1674 nr.
1332 1634 1407 1681 32)
1440 1633 1682 1673 verbotenus
1714 1632 1870 1684 repetit.
1945 1630 2066 1671 Voces
2106 1636 2148 1671 et
2190 1644 2367 1684 regnum

160 1710 355 1747 nostrum
388 1708 449 1746 ter
470 1705 651 1746 insertae
682 1709 733 1758 (e.
759 1707 799 1746 1.
824 1706 887 1745 10.
910 1705 987 1752 23)
1018 1702 1221 1752 indicant,
1246 1716 1327 1755 per
1349 1714 1519 1754 reanum
1541 1702 1663 1742 etiam
1687 1700 1857 1741 Siciliae
1879 1700 1950 1740 hoc
1977 1702 2145 1751 paetum
2170 1698 2371 1742 valuisse,-

159 1773 238 1830 cfr.
267 1774 567 1817 Winlcelmcmn
611 1773 782 1815 ‘Kaiser
813 1772 1054 1815 Friederieh
1098 1772 1171 1813 Il?
1213 1772 1248 1821 I,
1276 1786 1319 1823 p.
1345 1772 1398 1808 99
1436 1773 1518 1813 not.
1541 1772 1578 1811 ft.
1622 1796 1669 1799 --—
1716 1767 2175 1809 Isurium-d-Breholles
2213 1767 2248 1812 I,
2274 1768 2369 1808 830⁴.

162 1843 357 1894 Belem»,
392 1842 492 1896 Req.
527 1844 625 1895 imp.
659 1842 703 1893 V,
727 1845 852 1883 1163.
1989 1836 2058 1881 (P.
2083 1837 2225 1888 deest.)

295 1970 409 2026 (C.)a
431 1971 449 2025 ξ
470 1970 519 2012 In
543 1970 713 2011 nomine
737 1974 884 2010 sancte
907 1973 948 2009 et
972 1967 1192 2009 individue
1210 1967 1450 2008 Trinitatis.
1501 1965 1777 2006 Frislericusb
1799 1963 2015 2005 secundus
2035 1964 2179 2005 divina
2200 1965 2372 2004 favente

160 2039 390 2081 clementia
420 2040 715 2081 Romanorum
759 2051 836 2079 rex
877 2042 919 2079 ot
958 2052 1132 2094 semper
1171 2040 1394 2092 augustus
1426 2051 1443 2067 ν
1520 2040 1702 2082 Quoniam
1743 2040 1917 2074 stabilem
1950 2040 2237 2074 christianorum
2273 2039 2371 2084 prin-

159 2115 282 2160 cipum
313 2115 517 2151 karitatem
550 2115 697 2161 operari
728 2114 891 2160 plurima
922 2113 1021 2149 bona
1043 2114 1088 2148 ad
1110 2114 1315 2148 multorum
1344 2111 1551 2146 utilitatem
1583 2109 1777 2145 evidenter
1805 2109 1976 2144 novimus
1999 2112 2037 2144 et
2061 2109 2158 2144 viros
2182 2108 2371 2153 sapientes

160 2196 202 2220 ac
233 2185 414 2221 discretos
446 2187 610 2220 rectores
648 2196 848 2230 regnorum
882 2195 1033 2219 suorum
1075 2185 1185 2218 notos
1223 2182 1362 2217 habere
1394 2183 1432 2216 et
1473 2179 1612 2215 amicos
1646 2190 1793 2223 semper
1825 2177 2046 2221 curavimus,
2089 2178 2239 2213 Petrum
2271 2177 2372 2211 Ziani

160 2248 374 2290 illustrem
407 2248 615 2300 Venecie,
661 2247 888 2299 Chroacie,
923 2246 1155 2298 Dalmatie,
1188 2249 1340 2300 quarte
1374 2244 1510 2300 partis
1544 2248 1587 2284 et
1620 2241 1799 2283 dimidie
1833 2242 1964 2282 totius
1999 2240 2206 2282 Romanie
2241 2247 2368 2282 ducem

161 2322 204 2360 et
236 2317 567 2369 dominatorem,
600 2335 711 2369 quem
742 2324 824 2359 luce
854 2323 1040 2369 sapientie
1074 2324 1110 2358 et
1144 2321 1262 2357 totius
1293 2319 1505 2355 honestatis
1537 2318 1738 2353 hubertate
1770 2316 2052 2362 p1·edi5;abiliter
2083 2316 2224 2361 pollere
2257 2316 2372 2350 mani-

161 2394 299 2429 festum
331 2396 398 2437 est,
431 2393 568 2429 habere
601 2395 734 2428 notum
766 2396 804 2429 et
835 2393 1103 2428 amicissimum
1136 2391 1193 2426 ad-
1215 2391 1326 2427 decus
1365 2389 1514 2435 imperii
1546 2381 1757 2422 Romanic
1791 2386 2001 2421 stabilitate
2035 2389 2217 2430 perpetuat
2250 2385 2372 2420 ‹lecre-

163 2462 293 2498 vimus.
359 2463 418 2498 Ad
457 2463 560 2498 cuius
597 2463 651 2498 rei
684 2463 913 2498 evidentiam
944 2462 1186 2498 dilectionem
1224 2460 1341 2506 ipsius
1374 2462 1456 2495 toto
1489 2457 1609 2493 cordis
1642 2456 1778 2491 affectu
1811 2449 2084 2490 intendentes
2116 2455 2304 2500 amplecti,
2338 2455 2372 2488 in

161 2532 422 2568 confirmandis
461 2532 548 2576 illis,
589 2544 661 2577 que
699 2533 746 2567 ab
787 2531 1088 2568 antecessoribus
1126 2529 1266 2566 nostris
1306 2529 1381 2563 suis
1422 2530 1510 2562 sunt
1549 2527 1688 2562 collata
1728 2528 1765 2560 et
1807 2526 2023 2560 confirmata
2065 2524 2374 2562 antecessoribus,

161 2601 296 2637 libenti
333 2601 459 2637 animo
492 2601 681 2637 voluntati
717 2613 760 2637 ac
800 2601 978 2646 petitioni
1017 2600 1145 2646 ipsius,
1188 2599 1286 2634 sicut
1325 2597 1515 2633 karissimi
1557 2595 1667 2631 amici
1705 2594 1835 2636 nostri,
1877 2605 1944 2639 per
1976 2593 2098 2628 omnia
2133 2586 2375 2628 satisfacere-‘¹

163 2670 383 2707 studuimus.
443 2671 522 2707 Hac
560 2671 677 2718 igitur
707 2671 856 2706 ratione
889 2671 1040 2706 omnino
1083 2670 1181 2705 uniti
1218 2671 1388 2705 nostram
1426 2667 1621 2711 utriusque
1660 2664 1901 2700 dilectionem
1942 2662 2220 2698 rationabiliter
2252 2663 2374 2697 obser-

165 2741 331 2776 vavimus
373 2742 410 2776 et
450 2741 490 2775 in
526 2741 657 2775 multis
694 2740 916 2786 magnisque
955 2739 1119 2786 negotiis
1157 2738 1317 2784 publicis
1358 2739 1472 2782 atque
1513 2735 1671 2782 privatis
1713 2734 1791 2769 eius
1835 2733 2016 2767 sinceram
2054 2731 2293 2767 dilectionem
2334 2744 2375 2765 at·

163 2810 369 2854 preclaram
402 2809 629 2856 sapientiam
658 2809 816 2855 imperio
848 2811 977 2845 nost-ro
1011 2818 1061 2845 ac
1092 2808 1200 2844 nobis
1232 2807 1447 2852 nostrisque
1480 2805 1650 2841 fidelibus
1679 2803 1811 2838 utilem
1834 2802 1994 2837 existere
2027 2801 2276 2846 probavimus.
2329 2799 2372 2833 Et

164 2879 253 2924 quia
282 2879 400 2925 ipsius
438 2879 493 2915 rei
525 2879 689 2915 efficatia
728 2882 767 2914 et
798 2879 1009 2924 sapientum
1048 2878 1186 2913 iudicio
1219 2877 1368 2923 sapiens
1401 2879 1515 2921 atque
1547 2875 1729 2910 discretus
1763 2871 1867 2917 regni
1891 2871 2049 2906 Venetie
2081 2873 2203 2905 rector
2236 2869 2374 2905 «extitit.

165 2951 203 2985 et
249 2949 400 2995 egregia
448 2949 538 2984 fides
588 2952 626 2984 et
674 2960 765 2994 pure
811 2948 1024 2984 dilectionis
1073 2947 1274 2990 exhibitio,
1323 2958 1436 2992 quam
1486 2956 1632 2990 semper
1681 2953 1769 2987 erga
1822 2953 1889 2976 nos
1936 2940 2066 2974 habuit
2120 2943 2375 2987 nostrumque

164 3018 381 3064 imperium,
428 3029 513 3053 eum
551 3017 590 3052 in
634 3017 806 3053 omnibus
844 3017 952 3053 nobis
995 3017 1290 3053 comendabilem
1333 3015 1514 3057 exhibuit,
1559 3013 1693 3059 dignus
1733 3011 1811 3046 eius
1849 3013 1884 3045 et
1924 3010 2102 3044 honestus
2143 3009 2376 3044 interventus

166 3088 265 3133 apud
295 3089 464 3123 nostram
495 3087 661 3133 regalem
691 3089 942 3133 magestatem
973 3087 1096 3122 locum
1128 3088 1262 3132 utpote
1284 3085 1396 3120 amici
1424 3082 1613 3119 karissimi
1637 3084 1675 3117 et
1699 3081 1767 3115 viri
1790 3078 2057 3124 sapientissimi
2081 3077 2247 3112 obt-inuit
2271 3089 2375 3111 vem·-

167 3156 348 3192 rabiliter.
408 3156 530 3202 Igitur
558 3156 713 3191 nuntios
747 3150 942 3192 eiusdem
977 3150 1089 3191 Viros
1122 3150 1292 3191 nobiles
1326 3153 1368 3190 et
1401 3147 1638 3204 prudentes
1670 3149 1857 3185 Marinum
1890 3148 2125 3182 Dandolum⁰
2157 3147 2198 3181 et
2232 3140 2375 3181 Benc-

169 3219 331 3260 dictum
363 3219 590 3265 Falletrof,
624 3237 717 3270 quos
749 3226 796 3260 ad
827 3228 995 3261 nostram
1026 3224 1233 3261 destinavit
1264 3223 1505 3269 presentiam,
1539 3233 1582 3256 eo
1616 3231 1689 3264 quo
1712 3217 1836 3253 decuit
1865 3217 2006 3252 honore
2040 3215 2296 3260 suscipientes,
2331 3214 2377 3247 ol»

169 3294 352 3330 sinceram
384 3296 423 3330 et
444 3294 697 3330 venerabilem
730 3294 808 3330 eius
841 3295 1083 3330 dilectionem
1114 3293 1293 3339 quiequid
1323 3293 1404 3338 ipse
1426 3292 1500 3326 dux
1524 3293 1561 3325 et
1585 3287 1755 3324 Venetici
1777 3286 1944 3327 ducat-us,
1979 3284 2133 3319 ecclesie
2158 3286 2195 3319 et
2217 3283 2377 3330 populus

171 3375 216 3398 ex
246 3364 403 3409 antiquo
434 3376 502 3409 per
532 3364 672 3399 multos
704 3375 822 3399 annos
853 3364 919 3398 ing
950 3363 1099 3409 imperii
1139 3362 1259 3398 nostri
1290 3363 1481 3407 potestate
1511 3357 1713 3394 secundum
1745 3355 1845 3400 quod
1876 3354 1915 3388 in
1945 3353 2132 3399 preceptis
2165 3355 2375 3388 nost-rorum

171 3434 459 3475 antecessorum,
490 3432 761 3477 imperatorum
793 3435 831 3468 et
863 3444 1004 3478 regum,
1038 3432 1253 3467 continetur
1285 3429 1413 3478 atque
1446 3429 1485 3463 in
1516 3429 1627 3472 pacto
1661 3424 1822 3466 Ottonis,
1856 3416 2063 3464 Hainrieih,
2097 3421 2265 3456 Lotharii
2300 3428 2376 3454 nec

311 3552 369 3587 75.
404 3551 437 3594 d)
464 3554 615 3586 Arnbem
642 3554 696 3586 vel
722 3553 930 3587 Oesterbeke
955 3551 986 3585 2.
1106 3552 1136 3593 Θ)
1161 3551 1398 3584 frankenvode
1423 3549 1460 3589 1;
1486 3546 1726 3581 frankenvoirt
1750 3543 1781 3576 2.

312 3621 370 3656 '⁴¹6-
402 3621 435 3663 a)
463 3634 525 3655 om.
551 3621 581 3655 2.
611 3621 643 3655 3.
798 3620 831 3663 b)
856 3622 1057 3655 Fredericus
1082 3619 1113 3653 2.
1139 3619 1171 3653 3.
1314 3620 1344 3659 0)
1376 3619 1481 3652 nostri
1506 3618 1542 3650 iu
1566 3613 1796 3648 anterioribus
1823 3612 1947 3654 pactis.
2065 3609 2097 3653 ⁴1)
2126 3614 2234 3644 faeere
2262 3609 2376 3641 1-5-5.

172 3677 204 3722 θ)
228 3679 427 3712 Dandulum
453 3678 484 3712 3.
603 3677 634 3722 f)
659 3679 794 3713 Faletro
820 3679 852 3712 3.
972 3678 1005 3719 g)
1033 3690 1094 3712 om.
1122 3677 1153 3711 3.
1271 3675 1303 3717 h)
1331 3676 1486 3709 Heinrici
1510 3673 1540 3707 3.
