2558 3970
95 949 128 972 10

92 1292 124 1316 15

88 1694 122 1719 20

90 2037 124 2063 25

91 2380 124 2405 30

90 2730 123 2755 35

89 3073 125 3098 40

89 3436 124 3462 45

888 194 982 228 PAX
1012 194 1283 230 BAWARICA.
1334 196 1430 229 1244.
1482 195 1638 230 N1·.4·27.
2280 199 2360 236 573

310 312 346 352 8.
380 317 475 359 (5.I,
496 317 544 358 8.)
577 309 685 351 Item
719 311 753 351 si
788 309 964 351 contra*
997 310 1250 351 violatorem
1285 315 1533 365 treugarum
1567 310 1840 352 necessarius
1865 315 1930 350 est
1954 311 2075 351 testis
2101 311 2254 365 aliquis
2279 325 2356 351 cx·
2395 330 2419 345 c.

165 379 505 420 communicatus
539 379 606 420 vel
639 379 919 434 proscriptus,
953 392 1060 433 pace
1093 384 1136 419 et
1169 381 1404 420 securitate
1437 379 1516 420 sibi
1552 394 1628 435 per
1660 379 1841 420 eandem
1875 379 1988 420 diem
2024 380 2137 420 facta
2171 380 2225 420 ab
2249 379 2362 419 cinni

165 448 442 502 impeticione
475 452 518 489 et
550 462 575 488 a
608 447 749 489 iudice
782 447 882 488 dato
915 447 997 488 sibi
1032 447 1247 488 conductu
1272 448 1324 489 de
1351 448 1440 489 loco
1466 448 1517 489 ad
1550 449 1687 489 locum
1722 449 2003 503 probationis.
2039 463 2114 489 uec
2140 448 2362 489 attestatio

165 517 259 558 eius
292 530 424 572 super
455 530 557 557 casu
591 515 1069 558 excommunicationis¹
1102 520 1145 557 et
1177 517 1504 572 proscriptionis
1537 517 1668 558 debet
1701 517 1930 572 repudiari.

307 587 346 628 9.
379 592 429 632 (6.
450 592 476 634 1,
497 592 546 633 9.)
578 585 688 626 Item
722 585 877 636 nullus,
910 589 1138 640 postquam
1171 589 1323 639 treuge
1356 586 1468 627 facte
1503 586 1676 635 fuerint.
1710 587 1773 627 eis
1807 587 2061 627 renunciare
2096 586 2226 627 debet
2259 591 2359 627 ante

164 654 392 696 terminum
425 657 645 695 statutum.
709 652 793 701 Qui
827 657 970 694 autem
1003 654 1168 703 fecerit,
1201 668 1351 708 pacem
1385 655 1529 695 violat.

310 727 373 766 10.
407 728 597 772 (7.1‚10.)
629 721 740 764 Item
782 736 877 763 cum
918 721 1001 762 duo
1040 721 1201 763 inimici
1245 728 1458 777 t1·eugas¹¹¹
1493 723 1603 764 inter
1642 738 1687 764 se
1728 723 1927 773 fecerint,
1968 729 2009 763 ct
2050 736 2157 763 unus
2192 723 2359 763 illorum

163 792 351 847 aliquem
391 791 608 833 fautorum
642 791 709 832 vel
749 790 969 832 hominum
1008 805 1182 832 suorum
1216 791 1269 832 dc
1312 792 1512 846 treugis¹¹‘
1547 793 1803 843 excluserit,
1848 806 1923 847 pro
1957 806 2038 846 quo
2073 792 2182 832 forte
2218 792 2361 846 nequit

163 861 232 902 vel
267 875 351 901 non
384 860 475 901 vult
517 864 729 915 treugasm
763 860 978 909 stabilire,
1019 859 1149 901 debet
1191 873 1289 901 eum
1330 874 1354 900 a
1395 875 1441 901 sc
1484 874 1703 901 removere
1738 865 1780 901 et
1812 860 2044 901 excludere
2079 861 2249 914 penitus
2284 875 2361 900 nec

164 928 342 970 eontrak
374 942 486 979 eum,
520 942 616 970 cum
641 942 723 984 quo
748 933 960 984 treugasm
993 929 1100 980 iniit,
1133 928 1305 984 aliquod
1329 929 1382 981 ei,
1415 929 1617 984 quamdiu
1641 934 1793 983 treuge
1817 929 1987 979 durant,
2021 929 2229 969 auxilium
2266 943 2358 983 prc-

163 1002 292 1040 stare.
353 997 476 1046 Quod
510 998 544 1039 si
579 998 742 1049 fecerit,
776 1004 954 1053 pacemu
988 998 1136 1040 violat.

310 1070 373 1110 11.
405 1073 599 1116 (8.1,11.)
631 1066 743 1108 Item
776 1067 812 1108 si
844 1067 939 1122 quis
972 1067 1051 1108 sub
1084 1067 1286 1122 treugis¹¹¹
1319 1067 1437 1109 lesus
1471 1066 1614 1119 fuerit,
1649 1067 1741 1108 sine
1775 1066 2043 1121 querimonia
2075 1082 2120 1107 sc
2160 1081 2244 1107 non
2271 1068 2359 1107 vin-

161 1135 290 1178 dicet.
353 1134 507 1183 Qu0d⁰
539 1135 575 1176 si
607 1135 770 1187 fecerit,
803 1149 956 1190 pacem
989 1136 1162 1177 violatP.

309 1206 372 1246 12.
406 1210 485 1252 (10.
505 1210 530 1253 Ι,
554 1210 630 1251 12.)
669 1203 779 1245 Item
823 1204 859 1245 si
898 1207 1052 1259 treuge
1094 1204 1208 1246 inter
1249 1203 1357 1245 duos
1401 1204 1597 1245 inimicos
1637 1204 1751 1244 facte
1791 1203 1951 1244 fuerint
1992 1207 2035 1244 et
2075 1217 2183 1244 unus
2217 1218 2360 1245 eorum
2459 1220 2482 1240 υ.

163 1274 292 1316 alicui
317 1273 426 1314 infra
450 1273 679 1314 terminum
704 1277 954 1328 treugarum
978 1273 1207 1315 occasione
1232 1273 1620 1328 consanguinitatis
1639 1272 1704 1313 vel
1729 1271 1932 1328 stipendii
1957 1271 2130 1313 contrak
2155 1273 2364 1327 reliquum

160 1342 429 1398 prestiteritq
462 1342 686 1395 auxilium,
720 1355 872 1398 pacem
905 1342 1049 1384 violat.

921 1410 1192 1466 Explicitr
1228 1410 1320 1453 der
1356 1409 1610 1452 hantfrid.

631 1525 742 1567 Hec
774 1529 854 1567 est
884 1524 1049 1566 forma
1080 1525 1139 1567 de
1171 1525 1417 1581 generali
1451 1538 1584 1580 pace
1617 1524 1909 1580 provincie.

309 1607 373 1649 13.
406 1612 566 1654 (11.11.)
600 1604 676 1646 De
717 1605 907 1647 nociva
944 1605 1106 1648 domo.
1170 1605 1216 1647 Si
1250 1619 1334 1661 qua
1366 1605 1516 1647 domus
1548 1605 1617 1647 vel
1651 1609 1838 1646 castrum
1871 1604 2201 1646 denunciatum¹³
2235 1605 2363 1645 fucrit
2460 1618 2482 1639 κ.

162 1674 335 1731 publice
368 1689 498 1731 super
530 1675 675 1730 aliqua
705 1675 871 1730 rapina,
905 1675 1152 1731 specialiter
1174 1675 1358 1731 exprimi
1382 1675 1528 1726 debet,
1563 1675 1658 1729 quis
1688 1675 1839 1715 feccrit
1874 1674 1939 1714 vel
1966 1673 2179 1728 quomodo
2204 1673 2362 1714 factum

159 1745 227 1786 sit.
289 1744 411 1786 Tunc
445 1744 643 1786 dominus
676 1743 830 1785 domus
862 1744 976 1785 hunc
1008 1744 1252 1786 removebit
1284 1744 1355 1799 qui
1387 1743 1511 1794 fecit,
1556 1743 1740 1798 decuplo
1773 1743 1967 1798 rapinam
2003 1743 2264 1793 restituens,
2300 1743 2365 1783 vcl

160 1813 424 1870 puniendum
463 1814 601 1869 ipsum
643 1812 775 1854 iudici
817 1812 986 1855 offeret.
1049 1812 1094 1854 Si
1127 1813 1325 1854 dominus
1358 1812 1510 1853 domus
1544 1816 1668 1854 extra
1705 1812 1971 1867 provinciam
2013 1815 2097 1863 cst,
2138 1811 2290 1852 domus
2325 1812 2364 1852 in

160 1896 244 1938 qua
274 1882 426 1938 rapina
456 1882 570 1923 facta
602 1885 669 1924 est
701 1882 883 1923 eiciatur
915 1881 967 1923 de
1001 1886 1143 1923 castro
1177 1886 1220 1924 et
1252 1885 1472 1924 exuratur.

308 1954 370 1993 14.
404 1957 565 2001 (12.111‚
590 1957 636 1999 1.)
678 1950 753 1993 De
794 1951 900 1993 hiis
940 1951 1026 2007 qui
1066 1955 1290 1994 servant
1321 1950 1716 1993 malefactores.
1778 1950 1890 1992 Item
1924 1950 2181 2005 quicumque
2216 1963 2361 1990 serva-

161 2020 271 2062 verit
311 2019 448 2062 malos
488 2020 685 2062 homines
727 2024 771 2062 et
809 2021 1030 2062 convictus
1072 2020 1202 2063 fuerit
1238 2020 1291 2061 dc
1335 2020 1460 2076 ipsis,
1504 2020 1676 2076 plenam
1710 2019 1763 2060 ab
1797 2019 1860 2061 eis
1894 2018 2101 2060 exhibeat
2133 2018 2363 2059 iusticiam.

158 2095 237 2139 (III,
257 2095 306 2138 2.)
338 2088 414 2131 Set
451 2088 486 2130 si
528 2089 582 2131 ab
623 2103 673 2131 eo
718 2089 1003 2141 recesserint,
1043 2089 1347 2131 nichilominus
1389 2089 1483 2145 ipse
1524 2089 1606 2130 erit
1651 2087 1951 2130 satisfacturus
1986 2101 2117 2143 super
2147 2088 2362 2128 universis

159 2172 243 2214 que
275 2158 495 2210 fecerunt,
528 2158 629 2200 dum
663 2172 809 2200 secum
842 2163 1013 2207 essent;
1054 2172 1134 2200 1166
1172 2157 1286 2199 idem
1319 2157 1520 2200 dominus
1554 2161 1787 2213 propterea
1819 2156 1899 2198 crit
1931 2156 2102 2198 infamis
2136 2156 2204 2197 vel
2237 2156 2364 2196 homo

159 2226 421 2283 dampnosus
453 2226 818 2281 denunciabiturt,
850 2227 996 2270 taliter
1029 2227 1314 2270 satisfaciens.

2398 740 2422 754 ι’.
2442 735 2479 756 lu.

2399 1081 2483 1103 1:11.

2400 1962 2424 1979 c.
2444 1957 2483 1982 Η.

307 2299 370 2338 15.
403 2303 562 2347 (13.IV‚
585 2304 632 2345 1.)
663 2296 736 2338 De
768 2297 1100 2353 raptoribus.
1151 2296 1262 2339 Item
1296 2296 1350 2338 de
1381 2296 1624 2353 raptoribus
1648 2295 1932 2346 denunciatis,
1968 2295 2002 2336 si
2026 2294 2093 2337 die
2126 2295 2263 2350 prima
2284 2293 2362 2334 sibi
2411 2306 2425 2322 ··
2459 2301 2483 2322 f·-

161 2365 187 2407 a
217 2365 359 2408 iudice
391 2365 493 2407 data
525 2380 620 2408 cum
654 2366 742 2407 suis
782 2366 1109 2409 fideiussoribus
1143 2381 1190 2408 se
1231 2365 1389 2407 iudicio
1424 2365 1769 2415 absentaverint,
1811 2363 1943 2406 iudex
1977 2378 2053 2405 eos
2087 2365 2230 2405 statim
2264 2376 2361 2418 pro-

159 2435 336 2488 scribet,
370 2440 414 2477 et
446 2436 675 2492 episcopus
708 2436 829 2478 cuius
862 2440 961 2478 sunt
991 2435 1228 2492 dyocesani
1260 2449 1332 2477 eos
1364 2434 1755 2477 exconmunicabit.
1882 2439 1956 2483 (IV,
1979 2439 2027 2481 2.)
2062 2432 2148 2474 Sed
2182 2432 2216 2473 si
2250 2432 2362 2473 diem

159 2507 366 2546 statutum
408 2518 455 2547 se
497 2519 583 2546 non
626 2506 877 2562 percepisse
910 2505 978 2547 vel
1019 2505 1262 2561 legitimum
1304 2503 1646 2560 inpedimentum
1687 2502 1990 2559 probaverint,
2036 2501 2121 2543 alia
2164 2501 2258 2542 dies
2299 2501 2361 2542 eis

158 2573 452 2629 assignabitur
484 2573 537 2615 ad
571 2574 825 2617 statuendos
859 2588 1008 2616 eorum
1040 2578 1087 2616 ut
1119 2578 1247 2616 antea
1278 2573 1568 2615 fideiussores.

306 2644 369 2684 16.
402 2649 481 2690 (14.
500 2649 557 2691 V.)
589 2642 663 2686 De
695 2644 883 2685 nociva
913 2642 1070 2685 domo.
1132 2643 1243 2684 Item
1278 2643 1313 2684 si
1344 2643 1386 2684 in
1419 2642 1511 2684 foro
1543 2642 1611 2684 vel
1643 2642 1685 2682 in
1709 2641 1810 2682 villa
1831 2655 1917 2681 una
1940 2640 2092 2681 domus
2115 2639 2181 2679 vel
2214 2639 2359 2694 plures

160 2711 549 2764 denunciabuntur,
587 2713 711 2754 exuri
748 2712 912 2755 debent
955 2712 1045 2754 sine
1088 2711 1274 2768 dampno
1307 2711 1490 2753 aliorum
1523 2710 1745 2762 domuum,
1785 2709 1852 2750 vel
1886 2709 1940 2750 de
1972 2709 2149 2749 licentia
2180 2707 2361 2748 iudicis¹¹

158 2780 351 2822 estimari
384 2784 427 2823 et
458 2780 602 2834 vendi,
635 2786 678 2823 et
709 2780 762 2823 de
794 2781 876 2822 hae
910 2781 1095 2837 pecunia
1126 2780 1390 2837 respondere
1423 2779 1769 2835 querelantibus.

306 2852 369 2892 17.
403 2856 576 2898 (15.V1.)
615 2849 690 2892 De
731 2850 939 2892 nocivis
980 2850 1290 2892 hominibus.
1351 2849 1464 2891 Item
1507 2849 1727 2890 hominum
1769 2847 2108 2902 dampnosorum
2149 2845 2214 2885 vel
2256 2858 2354 2899 pro-

159 2918 415 2974 scriptorum
446 2933 527 2961 nec
559 2918 647 2961 dux
678 2934 759 2962 nec
791 2920 1022 2976 episcopus
1047 2920 1236 2975 aliquem
1269 2933 1348 2975 per
1370 2922 1652 2970 contractum,
1687 2916 2024 2972 resignationem
2049 2913 2270 2955 feodorum
2294 2913 2360 2953 vel

159 2987 542 3029 contradictionem
567 2988 822 3031 allodiorum
841 2988 972 3030 debet
994 3002 1092 3030 eum
1115 3001 1352 3040 assumere,
1376 2991 1424 3029 ut
1446 2988 1587 3044 ipsum
1605 2986 1659 3028 ab
1684 2985 1810 3027 huius
1833 2983 1977 3026 iudicii
2003 2983 2157 3024 liberet
2176 2981 2359 3022 statutis.

2395 2660 2419 2679 ‹·.
2440 2655 2480 2678 Ισῑ.

2392 2859 2477 2884 [²17.

309 3057 372 3097 18.
403 3063 483 3104 (16.
501 3062 594 3105 VII.)
633 3056 709 3099 De
742 3057 1035 3099 homicidis.
1096 3056 1209 3099 Item
1242 3057 1312 3112 qui
1351 3056 1567 3098 hominem
1601 3054 1831 3105 occiderit,
1875 3066 1950 3109 pro
1984 3066 2035 3093 eo
2070 3051 2209 3106 capite
2242 3050 2358 3105 plec-
2417 3081 2422 3086 .
2456 3080 2479 3086 ..

158 3128 287 3176 tatur,
320 3125 403 3166 nisi
435 3125 598 3167 tercius
631 3126 746 3181 quod
779 3140 825 3168 se
858 3125 1134 3168 defendendo
1166 3126 1344 3168 fecisset
1376 3124 1640 3181 probaverit.

309 3196 369 3235 19.
403 3200 614 3243 (17.VIII.)
651 3194 728 3237 De
771 3195 926 3237 raisa.
986 3194 1126 3236 Item¹
1159 3195 1230 3250 qui
1263 3194 1540 3235 manifestam
1574 3192 1729 3234 reisam
1763 3191 1938 3241 fecerit,
1972 3189 2116 3244 eapite
2148 3188 2357 3243 privetur.

302 3265 371 3305 20.
403 3269 483 3310 (18.
500 3269 563 3313 IX,
584 3270 631 3312 1.)
669 3263 744 3305 De
777 3263 1073 3305 advocatia.
1135 3263 1248 3305 Item
1280 3264 1315 3304 si
1349 3263 1432 3304 duo
1464 3275 1664 3318 guerram
1696 3261 1807 3301 inter
1840 3274 1886 3300 se
1920 3258 2172 3308 habuerint,
2205 3260 2360 3297 neuter

160 3332 338 3374 alterius
370 3332 640 3375 advocatiam
670 3332 893 3382 invadat2;
926 3332 1119 3388 alioquin
1150 3346 1306 3388 pacem
1338 3331 1488 3374 violat.

297 3423 384 3460 427·
416 3424 450 3469 k)
475 3421 514 3460 ὀᾶ
535 3438 562 3460 6.
660 3424 686 3467 1)
712 3426 831 3459 exesis
857 3437 883 3458 6.
972 3425 1014 3466 m)
1041 3426 1142 3468 treug
1167 3435 1192 3457 c.
1280 3422 1315 3466 11)
1341 3435 1373 3466 p.
1399 3422 1494 3455 uiol'.
1520 3434 1547 3455 6.
1636 3421 1668 3462 0)
1695 3430 1722 3462 q,
1750 3419 1772 3452 l'.
1798 3422 1820 3453 s.
1847 3431 1877 3463 p.
1903 3431 1935 3451 v.
1962 3430 1988 3451 6.
2075 3416 2109 3460 1))
2134 3418 2187 3450 hic
2212 3417 2362 3459 seqnitur

157 3482 195 3514 in
218 3483 330 3516 codice
354 3489 457 3525 caput
485 3485 544 3516 De
573 3483 774 3526 pignore,
806 3482 898 3524 qaod
921 3482 1019 3521 infra
1043 3494 1069 3515 6.
1090 3485 1131 3515 59
1158 3480 1347 3523 posuimus.
1394 3479 1475 3512 Vide
1495 3478 1762 3521 praefationem.
1870 3475 1902 3518 (1)
1929 3475 2057 3518 Ρςῐίῐςιῖ
2082 3486 2108 3506 c.
2203 3474 2231 3511 Γ)
2258 3474 2357 3516 Expl.

158 3540 218 3573 der
240 3541 273 3573 h.
299 3552 362 3573 om.
389 3552 417 3574 6.
533 3539 562 3582 ⁹)
587 3540 662 3573 den.
689 3540 792 3573 fuerit
815 3540 933 3572 eadem
957 3550 1064 3571 manu
1087 3539 1124 3571 in
1148 3538 1304 3580 mar-qim
1328 3537 1441 3579 suppl.
1467 3547 1492 3568 6.
1611 3535 1638 3575 t)
1664 3534 1903 3567 denuciabitur
1928 3544 1954 3565 6.
2074 3533 2106 3573 u)
2134 3532 2202 3564 iud'
2229 3544 2256 3564 6.

299 3619 334 3661 1)
359 3618 440 3652 Hoc
464 3621 572 3661 caput
595 3617 830 3652 oblitteratum
852 3618 894 3651 in
909 3617 1032 3661 codice,
1051 3620 1173 3661 postea
1191 3619 1336 3650 (nectum
1352 3618 1383 3648 et
1401 3613 1620 3648 emendatum
1636 3615 1683 3647 est
1708 3613 1749 3645 in
1773 3622 1800 3646 6.
1819 3616 1878 3652 87;
1903 3611 1946 3653 cf.
1966 3610 2092 3645 Pacem
2111 3622 2144 3645 a.
2161 3614 2246 3644 1256
2263 3620 2290 3644 c.
2306 3614 2359 3643 20.

163 3674 214 3717 Cf.
241 3675 346 3709 etmm
377 3674 504 3709 Pacem
533 3674 750 3709 Samonieam
778 3685 891 3719 swpra
922 3685 978 3710 nr.
992 3679 1062 3709 280
1084 3685 1111 3708 6.
1130 3679 1180 3708 17.
1319 3673 1356 3716 2)
1388 3671 1442 3714 Cf.
1469 3670 1640 3706 Heinrici
1670 3669 1760 3713 reyis
1787 3679 1911 3712 pacem
1935 3671 2074 3703 (ι.1224
2099 3678 2156 3701 nr.
2177 3671 2242 3701 284
2266 3676 2292 3700 6.
2309 3672 2359 3709 18,

93 3742 127 3768 50
162 3732 291 3767 Pacem
315 3732 570 3776 Moyzmtimmz
593 3742 650 3765 nr.
666 3736 729 3766 196
751 3742 778 3766 6.
794 3737 825 3767 2.

2395 3267 2479 3292 (·.21.
