2558 3970
111 906 144 932 10

113 1251 144 1276 15

115 1961 146 1988 25

122 2313 155 2339 ³0

125 2851 157 2878 ³5

127 3202 161 3227 40

130 3545 163 3571 45

687 149 898 185 OTTONIS
925 149 987 184 IV.
1013 148 1447 184 CONs'rl'rUTIONEs.
1500 150 1597 184 1198.
1648 149 1710 184 Nr.
1732 150 1783 184 19.
1810 151 1863 184 ⁴20.
2322 155 2373 192 Ψ)

2324 181 2358 192 -1

174 269 316 326 potius
358 268 495 322 gratie
537 281 665 321 quam
706 266 794 306 suis
839 265 1001 306 meritis
1043 265 1280 309 ascribens,
1328 265 1536 319 primitias
1579 265 1705 306 liuius
1741 265 1911 305 lionoris
1953 267 2139 306 offerens
2178 266 2373 307 Domino.

173 337 345 394 propria
385 336 605 377 voluntate
652 336 893 376 iuramento
945 334 1131 374 firmavit
1176 334 1369 388 inprimis
1414 340 1684 375 sacrosancte
1731 334 1924 375 Romane
1975 335 2172 378 ecclesie,
2222 334 2375 375 deinde

178 406 369 449 omnium
408 405 691 446 ecclesiarum
736 404 827 444 iura
870 403 983 443 bona
1023 401 1106 443 fide
1141 416 1314 443 servare
1347 417 1394 443 ac
1430 410 1710 443 manutenere
1753 410 1795 443 ct
1829 403 2047 443 subiectos
2082 404 2266 457 imperii,
2299 419 2374 443 cx-

177 473 410 517 heredatos
444 473 632 514 maxime
666 477 709 514 et
740 486 765 513 a
798 472 884 513 suis
923 471 1272 527 possessionibus
1309 472 1517 512 violenter
1551 472 1724 516 eiectos,
1766 473 1804 512 in
1839 487 1917 512 sua
1949 472 2110 511 iustitia
2144 486 2218 526 pro
2253 486 2375 526 posse

178 544 325 586 iuvare
359 547 403 584 et
435 555 708 583 conservare.
770 540 953 582 Pravam
994 541 1172 595 insuper
1212 540 1327 580 illam
1362 540 1736 585 consuetudinem,
1776 554 1903 595 quam
1940 541 2221 595 imperatores
2254 548 2375 580 ante-
2405 561 2410 586 ι

177 625 370 655 cessores
410 610 475 652 sui
515 611 557 652 in
598 609 861 666 occupandis
904 610 1033 651 rebus
1067 609 1301 650 mobilibus
1336 609 1402 649 vel
1437 623 1532 650 sese
1567 609 1838 650 moventibus
1871 608 2174 650 decedentium
2207 610 2373 664 cpisco-

176 694 330 738 porum
362 681 431 722 vel
471 680 678 722 abbatum
722 680 963 735 principum
1006 678 1088 719 huc
1130 692 1266 733 usque
1301 684 1592 722 servaverant.
1636 679 1805 734 penitus
1847 679 2083 733 extirpatis.
2129 693 2202 718 nos
2239 679 2377 718 cccle-

177 749 374 792 siasticos
420 749 637 805 principes
679 748 732 789 ab
776 749 856 789 hac
905 747 1098 789 indebita
1139 747 1367 788 vexatione
1410 747 1543 800 regali
1595 747 1889 788 benivolentia
1932 747 2089 787 liberos
2133 747 2294 788 dimisit
2339 753 2380 786 et

179 817 483 861 decedentium
527 818 643 859 bona
686 818 773 858 suis
822 816 1147 858 successoribus
1194 815 1407 857 servanda
1456 816 1695 856 liberaliter
1736 817 1897 856 statuit.
1976 816 2232 857 l'aternitati
2279 830 2380 867 crgo

179 891 324 930 vestre
356 887 532 942 dignum
572 887 819 942 supplicare
853 885 1068 931 duximus,
1110 885 1312 939 quatinus
1352 883 1479 925 fidem
1521 889 1563 925 ct
1596 884 1869 925 devotionem
1903 884 2061 924 domini
2097 885 2230 924 nostri
2267 885 2379 937 regis

177 955 466 1008 attendentes,
511 956 662 998 merita
701 969 870 1011 quoque
911 954 1191 996 illustrissimi
1229 954 1365 1009 patris
1400 954 1465 994 sui
1500 953 1553 995 ΙΙ.
1589 953 1711 993 ducis
1748 954 1950 1002 Saxonic,
1985 954 2055 1008 qui
2089 954 2141 994 ab
2176 953 2380 1007 cbscquio
2424 953 2426 958 '

179 1030 453 1068 sacrosancte
491 1025 689 1066 Romane
733 1025 921 1066 ecclesie
965 1037 1183 1078 nunquam
1233 1022 1425 1071 recessit,
1472 1022 1720 1063 memoriter
1761 1028 1974 1067 tenentes,
2023 1023 2116 1077 paci
2165 1028 2207 1062 et
2247 1022 2379 1076 quieti

177 1099 319 1137 vestre
353 1100 397 1136 et
427 1098 575 1136 nostre
608 1094 766 1135 intuitu
793 1093 875 1135 Dei
909 1107 957 1134 ac
991 1093 1123 1134 nostri
1157 1092 1353 1147 obsequii
1389 1091 1680 1147 providentes.
1715 1091 1846 1146 ipsius
1881 1091 2136 1132 electionem
2162 1097 2203 1131 ct
2227 1105 2379 1131 conse-

180 1164 414 1206 crationem
447 1164 708 1205 auctoritate
741 1168 884 1204 vestra
917 1162 1171 1204 confirmare
1203 1167 1246 1203 et
1278 1161 1488 1216 imperiali
1514 1161 1781 1201 coronationi
1807 1174 1996 1200 annuere
2021 1166 2198 1214 paterna
2226 1160 2384 1214 pictate

182 1233 429 1289 dignemini.
492 1231 776 1274 Sanctitatem
809 1233 987 1288 insuper
1020 1236 1209 1272 vestram
1234 1231 1393 1272 obnixe
1418 1244 1629 1285 rogamus,
1664 1230 1863 1285 quatinus
1891 1230 2106 1284 principes
2131 1245 2178 1269 ac
2203 1229 2383 1268 barones

179 1317 204 1344 a
235 1307 323 1344 tam
363 1301 609 1343 rationabili
651 1302 864 1343 electione
898 1300 1198 1342 discordantes
1232 1300 1531 1342 ecclesiastica
1567 1313 1747 1340 censura
1781 1298 1833 1339 ad
1869 1298 2137 1338 concordiam
2174 1297 2385 1338 remu-ctis

179 1375 222 1414 et
254 1371 307 1413 ab
340 1371 489 1412 illicita
521 1370 729 1412 fidelitate
763 1371 897 1426 partis
931 1370 1111 1412 adverse
1136 1370 1258 1411 clave
1283 1369 1399 1411 Petri
1425 1369 1640 1410 resolutos
1664 1368 1715 1409 ad
1741 1367 2015 1424 prestandum
2041 1367 2212 1408 domino
2241 1372 2383 1406 nostru

178 1441 271 1496 regi
309 1440 562 1482 fidelitatem
601 1444 643 1482 et
686 1440 1002 1482 subiectionem
1043 1440 1305 1481 auctoritate
1345 1443 1490 1480 vestra
1529 1438 1815 1493 compellatis.
1879 1437 1936 1477 Ut
1979 1444 2121 1477 autem
2157 1451 2180 1476 a
2213 1435 2384 1475 domino

178 1524 283 1566 rege
315 1514 462 1551 nostro
496 1510 590 1551 iura
621 1509 815 1551 Romane
849 1510 1046 1560 ecclesie,
1080 1514 1125 1550 ut
1159 1508 1400 1564 predictum
1435 1512 1515 1549 est.
1563 1508 1728 1562 integra
1762 1511 1804 1548 et
1836 1506 2001 1547 illibata
2035 1511 2273 1546 serventur.
2309 1518 2385 1544 nos

180 1580 223 1622 in
256 1580 369 1621 bona
399 1579 483 1620 fide
517 1579 781 1634 spondemus
815 1584 858 1621 et
891 1594 965 1635 pro
997 1579 1170 1620 domino
1204 1593 1307 1633 rege
1341 1582 1487 1619 nostro
1521 1576 1819 1618 fideiubcmus.

265 1671 292 1721 †
325 1671 420 1727 Ego
468 1671 653 1713 Adolfus
703 1671 977 1714 Coloniensis
1033 1672 1248 1727 arehiepi-
1408 1670 1434 1717 ἢ·
1467 1670 1561 1724 Ego
1606 1669 1855 1710 Berhardus
1902 1666 2252 1709 Padeburncnsis
2296 1664 2385 1718 epi-

182 1755 341 1797 scopus
373 1741 487 1796 elegi
520 1746 563 1783 et
595 1742 844 1798 subscripsi.
1325 1754 1482 1796 scopus
1517 1739 1631 1794 elegi
1665 1742 1707 1780 ct
1740 1737 1988 1793 subscripsi.

267 1810 294 1859 †
327 1809 421 1865 Ego
464 1809 685 1852 Germ-dus
725 1811 927 1853 Indensis
969 1811 1104 1852 abbas
1138 1811 1251 1867 elegi
1408 1807 1435 1856 ἦ*
1467 1807 1561 1863 Ego
1585 1807 1861 1848 Thietmarus
1889 1805 2125 1847 Mindensis
2159 1803 2388 1857 episeopus

182 1884 224 1920 et
256 1879 506 1935 subscripsi.
1325 1878 1439 1932 elegi
1475 1882 1517 1918 ct
1551 1876 1865 1918 consecrationi
1901 1875 2188 1929 colioperatus
2222 1873 2295 1912 fui.

273 1947 300 1997 ’l'
332 1947 427 2004 Ego
469 1948 730 1990 Heribertus
770 1949 1073 1991 Werdinensis
1115 1950 1251 1992 abbas
1410 1946 1436 1995 †
1469 1945 1562 2001 Ego
1602 1944 1883 1986 widikindus
1932 1942 2209 1985 Corbeicnsis
2257 1939 2388 1980 abbas

185 2017 300 2073 elegi
332 2022 375 2058 et
407 2018 659 2074 subscripsi.
1327 2015 1442 2070 elegi
1475 2019 1517 2056 et
1550 2014 1801 2068 subscripsi.

271 2085 366 2142 Ego
399 2087 615 2128 Henricus
649 2087 738 2128 dux
769 2087 1065 2144 Lotharingie,
1108 2088 1180 2143 qui
1212 2092 1257 2129 et

186 2154 439 2206 Brabantie,
479 2156 669 2198 marchio
708 2155 895 2198 Romani
933 2158 1101 2213 imperii
1141 2157 1254 2212 elegi

189 2229 233 2266 et
265 2225 518 2281 subscripsi.

278 2293 372 2348 Ego
393 2294 612 2336 Henricus
645 2309 791 2338 comes
825 2295 878 2337 de
900 2295 1030 2337 Kuke
1055 2295 1255 2337 consensi

189 2366 234 2404 et
265 2362 516 2418 subscripsi.

463 2541 538 2584 20.
567 2541 874 2585 EPISTOLA
906 2541 1151 2585 ADOLFI
1174 2538 1668 2584 ARCHIEPISCOPI
1698 2534 2115 2581 COLONIENSIS.

332 2629 525 2671 Indidem
559 2629 633 2682 fol.
662 2633 690 2671 3
729 2645 788 2683 ep.
814 2632 852 2681 9,
894 2645 999 2684 qnae
1036 2630 1284 2672 inscribitur
1315 2629 1479 2670 Littere
1523 2625 1793 2668 Coloniensis
1839 2621 2172 2677 archiepiscopi:
2221 2619 2393 2660 contulit

190 2712 278 2740 mm
308 2712 400 2740 cum
429 2699 592 2740 duabus
621 2700 884 2752 sequentibus
910 2700 977 2741 vir
996 2700 1034 2741 cl.
1064 2699 1210 2753 Tanyl.
1244 2723 1298 2729 -
1330 2697 1524 2745 ΒϋΙιιηεν,
1549 2695 1646 2748 Rcy.
1672 2694 1766 2746 imp.
1800 2692 1842 2741 V,
1866 2694 1962 2733 2204.
2043 2689 2113 2742 (P.
2136 2690 2277 2741 deest.)

341 2837 622 2880 Sanctissimo
655 2839 767 2895 patri
799 2854 848 2881 ac
882 2839 1053 2881 domino
1076 2837 1368 2894 I(nnocentio)
1394 2838 1667 2877 sacrosancte
1691 2832 1889 2872 Romane
1921 2829 2035 2871 sedis
2060 2840 2225 2869 summo
2251 2827 2389 2881 ponti-

191 2906 260 2948 fici
292 2906 516 2962 A(dolfus)
555 2907 640 2950 Dei
678 2909 818 2964 gratia
860 2913 1009 2950 sancte
1043 2907 1315 2950 Coloniensis
1359 2905 1543 2947 ecclesie
1583 2903 1780 2943 minister
1819 2899 1992 2940 humilis
2026 2897 2228 2938 devotum
2265 2895 2390 2935 obse-

194 2976 340 3031 quium
372 2981 415 3018 et
446 2978 663 3020 orationes
695 2979 738 3019 in
769 2978 972 3020 Domino.

336 3045 446 3088 Post
484 3047 648 3089 obitum
688 3047 867 3090 Henrici
904 3047 1176 3104 imperatoris
1217 3060 1296 3086 nos
1328 3058 1415 3085 una
1447 3056 1543 3084 cum
1575 3041 1671 3082 aliis
1710 3036 1975 3094 principibus
2008 3034 2061 3075 de
2097 3030 2392 3075 substituendo

195 3129 297 3170 rege
340 3116 486 3172 sepius
532 3120 785 3170 tractantes,
830 3117 930 3173 quid
975 3121 1122 3158 sancte
1165 3115 1360 3156 Romane
1403 3111 1590 3154 ecclesie
1632 3107 1860 3163 expediret
1901 3103 2170 3157 subditisque
2211 3101 2393 3155 imperii.

199 3185 384 3240 qualiter
415 3199 586 3241 quoque
618 3187 810 3242 priorum
841 3187 1152 3242 imperatorum
1176 3183 1480 3240 oppressiones
1506 3180 1670 3222 evitare
1700 3189 1940 3231 possemus
1975 3172 2161 3213 sollicite
2185 3169 2393 3210 delibera-

196 3253 350 3295 vimus.
411 3254 715 3297 Protendimus
747 3256 882 3310 igitur
913 3256 1078 3296 animos
1110 3259 1281 3295 nostros
1314 3251 1368 3292 ad
1399 3250 1595 3291 diversos
1627 3245 1794 3300 imperii
1826 3243 2043 3298 principes
2078 3246 2133 3290 et,
2168 3239 2281 3279 sicut
2304 3237 2392 3277 Do-

197 3322 313 3364 mino
345 3324 523 3379 placuit,
557 3325 883 3366 serenissimum
916 3324 1133 3365 dominum
1159 3321 1377 3370 Ottonem,
1410 3317 1590 3360 Henrici
1623 3315 1745 3356 ducis
1772 3311 1959 3353 saxonie
1989 3310 2137 3356 filium,
2170 3308 2210 3347 in
2238 3306 2393 3346 Roma-

198 3404 351 3432 norum
382 3406 531 3447 regem
564 3393 879 3435 rationabiliter
910 3393 1135 3448 elegimus,
1167 3389 1442 3446 postmodum
1476 3400 1577 3427 vero
1609 3385 1651 3424 in
1685 3386 1966 3436 augustorum
2000 3377 2102 3419 sede
2133 3374 2393 3430 Aquisgrani

198 3461 436 3504 locavimus
483 3468 539 3514 et,
584 3463 696 3504 sicut
741 3463 981 3513 debuimus,
1027 3475 1080 3503 ea
1120 3474 1204 3515 qua
1248 3458 1393 3500 decuit
1435 3453 1754 3508 sollempnitate
1796 3447 2142 3490 consecravimus
2185 3458 2233 3485 ac
2276 3456 2394 3484 coro-

198 3532 409 3573 navimus.
477 3532 579 3587 Ipse
612 3546 714 3573 vero
755 3531 953 3573 dominus
987 3544 1064 3571 rex
1105 3530 1147 3570 in
1185 3529 1338 3569 timore
1370 3526 1455 3566 Dei
1488 3527 1531 3565 et
1571 3519 1815 3563 reverentia
1849 3520 1999 3558 sancte
2032 3513 2216 3555 ecclesie
2252 3510 2396 3552 omnia

199 3599 294 3642 iura
324 3601 521 3643 Romane
570 3601 756 3643 ecclesie
802 3601 1069 3655 aliarumque
1117 3597 1400 3639 ecclesiarum
1445 3594 1558 3635 bona
1600 3590 1683 3631 fide
1723 3598 1980 3630 conservare
2024 3597 2072 3623 ac
2112 3585 2395 3622 manutenere

201 3670 370 3712 iuravit.
430 3671 569 3712 Nobis
601 3670 732 3711 etiam
771 3670 954 3724 aliisque
988 3667 1206 3723 episcopis
1250 3678 1426 3721 pravam
1459 3663 1576 3703 illam
1611 3655 1966 3700 consuetudinem
2000 3652 2180 3692 aliorum
2212 3649 2395 3702 impera-

337 3756 387 3783 LL.
413 3755 696 3780 cousTlTU'rloNEs
711 3753 744 3779 ll.
2103 3722 2125 3755 4
