2558 3970
95 930 126 954 10

94 1273 124 1298 15

89 1970 121 1995 25

90 2314 124 2339 30

92 2665 125 2691 35

93 3008 127 3034 40

93 3365 126 3390 45

301 180 575 216 CLEMENTIS
604 180 662 216 lv.
690 180 836 215 bjl‘ls'l‘.
866 181 925 215 DE
952 181 1081 215 Nova
1113 180 1253 216 utfinis·
1281 181 1547 215 Era-:v'l'loNlc
1575 180 1899 216 l’ltollllssENvA.
1939 183 2033 216 120⁸.
2070 182 2222 216 Nrsos.
2280 185 2359 221 537

164 295 221 337 Et
252 310 305 337 ne
347 294 448 351 quid
481 294 666 336 deessev
699 297 882 352 ipsorum
927 296 1276 351 predecessoris¹¹
1311 301 1377 337 etr
1409 297 1592 337 ecclesie
1636 297 1911 337 sollicitudini
1945 296 1998 337 ad
2032 296 2358 337 accelerandam

163 364 486 420 expeditionem
520 364 713 406 eiusdem
746 365 907 419 negotii
942 370 1203 420 putaretur‘*.
1238 365 1412 406 eosdem
1449 366 1610 406 electos
1646 367 1958 421 peremptorier
1992 365 2359 407 fe‹·itadce1·tinu

165 433 395 475 terminum
428 436 472 475 et
504 433 583 474 sub
617 437 734 474 certa
767 434 904 474 forma
937 433 1102 474 eitari¹.
1167 434 1243 474 Set
1276 434 1428 475 eodem
1464 434 1683 490 pendente
1719 435 1913 476 termino.
1950 434 2194 475 turbatione
2220 435 2359 475 valida

163 503 205 544 in
239 515 369 557 regno
399 502 555 556 Anglie
588 503 853 557 insurgente,
888 502 1069 555 contigit
1102 502 1287 543 eundem
1319 503 1591 556 lt(ieardum)
1627 503 1826 549 electum,
1862 504 1971 543 siout
2010 504 2111 543 satis
2146 503 2359 544 credimus

164 585 263 613 esse
295 571 525 621 notorium,
559 571 701 612 taliter
733 570 941 626 impediri,
975 570 1089 626 quod
1123 571 1294 612 nemine
1330 586 1404 626 pro
1438 573 1530 627 ipso
1566 573 1605 612 in
1640 572 1754 612 dicto
1786 573 1966 613 termino
1991 578 2280 627 comparente.
2317 573 2358 612 in

161 639 312 681 eodem
345 639 520 693 negotio
555 639 697 680 nullus
731 653 963 694 processus
998 644 1064 680 est
1099 639 1286 682 habitus.
1321 640 1394 680 sed
1429 640 1538 681 idem
1577 641 1797 683 terminus.
1832 642 2030 681 ‹nnnihus
2066 642 2104 681 in
2141 655 2215 681 suo
2246 645 2357 681 statu

161 707 451 759 manentibus,
485 708 650 749 iustitia
683 709 887 763 exigente
920 707 1091 749 dilatus.
1192 709 1257 763 (l)
1293 708 1553 750 Huiusmodi
1587 724 1756 764 quoque
1791 709 1995 750 dilatione
2030 710 2208 750 duranto
2243 709 2357 750 dicto

160 777 492 833 prodecessor-02
524 776 701 818 Urbano
734 777 902 818 sublato
936 777 988 817 de
1022 777 1177 827 medio,
1213 792 1290 818 nos
1323 777 1464 819 eidem
1500 779 1539 818 in
1564 780 1832 833 apostolatus
1857 780 1998 819 officio
2025 785 2147 833 prout
2175 778 2357 818 Domino
2394 771 2497 828 .,“,’·’[Ῐ“-,;,

160 845 322 902 placuit
354 846 596 897 substituti,
639 846 741 887 licet
780 849 926 886 tanton
962 845 1098 899 magis
1141 845 1328 886 celerem
1371 846 1505 900 ipsius
1538 847 1664 886 tinem
1701 847 1859 900 negotii
1895 847 2031 899 plenis
2065 846 2359 886 deshlervnms

163 914 406 967 affectibus,
439 919 598 971 quanto
622 922 705 957 exu
738 915 829 956 eius
851 913 1056 955 dilatione
1090 914 1214 969 plura
1237 915 1343 954 totiv
1377 914 1681 955 christianitati
1710 915 1903 955 novimus
1928 915 2186 955 innninvrew
2210 915 2357 954 ‹liseri-

160 984 275 1025 mina
314 988 358 1026 et
400 984 566 1026 maiora
598 983 650 1025 de
693 983 807 1024 illius
840 982 1118 1038 expeditione
1153 982 1379 1024 commoda
1420 984 1648 1038 provenire
1682 1009 1734 1012 ——
1770 990 1944 1038 propter
1975 984 2084 1038 quod
2120 998 2248 1038 super
2283 985 2360 1024 hm·

162 1056 411 1094 constanter
442 1052 610 1094 firmato
651 1052 871 1108 proposito
912 1051 1244 1093 intendebamus
1279 1056 1322 1093 et
1354 1051 1495 1093 adhue
1537 1052 1796 1092 intendimus
1832 1067 1913 1092 non
1949 1052 2183 1092 deferendo
2218 1059 2362 1092 eontra

159 1135 430 1163 communem
462 1121 694 1163 utilitatem
728 1121 839 1162 votis
874 1120 1166 1176 singularibus
1201 1121 1385 1176 partium
1421 1120 1532 1161 idem
1568 1122 1808 1175 negotium,
1846 1127 1971 1176 prout
2006 1121 2210 1162 Dominus
2245 1121 2364 1161 nohis

162 1205 217 1232 ex
248 1191 336 1232 alto
369 1190 647 1241 concesserit,
681 1190 882 1231 celeriter
915 1189 1121 1245 expedire
1160 1214 1207 1219 —
1242 1194 1388 1231 tamen
1422 1191 1535 1245 quia.
1570 1205 1828 1246 quamquam
1864 1205 1940 1231 nos
1964 1205 2092 1246 supra
2123 1191 2185 1230 ius
2220 1191 2360 1245 provi-

163 1259 310 1301 dentia
353 1258 499 1300 divina
538 1260 756 1311 statuerit,
802 1263 1034 1314 propterea
1077 1259 1285 1300 iustitiam
1327 1259 1549 1300 offendere
1585 1260 1650 1300 vel
1686 1260 1907 1314 negligere
1943 1274 2019 1300 nee
2056 1260 2251 1299 volumus
2288 1274 2363 1299 nv(-

160 1328 365 1370 debemus
405 1328 750 1380 considerantes,
791 1327 904 1383 quod
946 1328 1028 1369 etsi
1062 1328 1202 1369 omnis
1238 1342 1442 1369 numerus
1477 1328 1715 1369 edictorum
1750 1330 1904 1370 fuisset
1935 1329 1990 1369 ab
2023 1328 2173 1369 eodem
2210 1328 2360 1383 prvde-

160 1398 358 1440 cesseret
390 1397 548 1449 finitus,
582 1411 715 1438 unum
747 1401 890 1438 tamen
923 1396 1230 1438 nichilominus
1254 1397 1345 1438 dari
1368 1412 1393 1438 a
1418 1398 1541 1438 nobis
1574 1399 1738 1439 iustitia
1761 1398 1979 1452 exigebat,
2016 1403 2159 1453 partes
2185 1397 2361 1437 easdem

159 1467 452 1524 peremptorie
476 1468 628 1509 iterato
652 1467 879 1509 citavimus
903 1471 1020 1508 certo
1045 1467 1107 1508 eis
1131 1467 1303 1518 iterum,
1337 1472 1464 1523 prout
1486 1467 1736 1522 postulabat
1761 1468 1920 1521 negotii
1945 1467 2142 1521 qualitas.
2179 1467 2362 1507 termino

159 1536 360 1592 prefinito
376 1536 406 1578 ².
466 1535 517 1577 In
555 1550 637 1591 quo
671 1535 904 1578 eorundem
945 1536 1179 1577 electorum
1221 1537 1569 1591 procuratoribus
1602 1536 1953 1592 comparentibus
1988 1551 2128 1576 eoram
2165 1537 2286 1576 nohis
2321 1542 2361 1576 et

91 1625 106 1640 «ι
162 1606 304 1647 varios
336 1605 572 1647 articulosx
604 1605 912 1657 offerentibus,
950 1619 1057 1660 quos
1091 1605 1145 1647 ad
1186 1605 1449 1647 fundandam
1485 1606 1770 1647 intentionem
1802 1620 1922 1646 suam
1957 1620 2002 1646 se
2037 1605 2218 1660 probare
2254 1605 2362 1645 velle

158 1674 382 1726 dicebant,
423 1689 500 1716 nos
540 1675 657 1730 ipsos
700 1674 752 1717 de
791 1675 972 1716 fratrum
1017 1678 1260 1716 nostrorum
1305 1675 1485 1716 consilio
1527 1675 1826 1725 admittentes,
1871 1674 1922 1715 ad
1967 1674 2234 1729 probandum
2271 1675 2362 1715 illos

157 1743 505 1799 procuratoribus
538 1743 643 1799 ipsis
675 1743 790 1786 diem
824 1743 1175 1799 competentem3
1208 1743 1478 1798 prefiximus,
1511 1743 1727 1798 deputatis
1760 1743 2062 1785 nichilominus
2094 1758 2170 1798 per
2196 1750 2362 1784 nostras

158 1813 324 1855 litteras
367 1813 735 1855 examinatoribus
777 1813 953 1854 testium
995 1818 1038 1854 et
1071 1813 1180 1854 alias
1215 1813 1276 1854 sic
1310 1812 1451 1854 eidem
1496 1814 1669 1868 proviso
1701 1814 1899 1867 negotiO,
1944 1812 2056 1868 quod
2090 1813 2251 1853 nullum
2287 1812 2361 1853 ‹lc-

160 1882 348 1924 fectumy
380 1887 588 1938 quantum
619 1883 689 1925 inz
720 1882 845 1924 nobis
882 1886 999 1924 esset
1031 1882 1165 1938 ipsius
1208 1882 1330 1923 iuxta
1362 1889 1558 1923 nostrum
1591 1882 1851 1924 desiderium
1883 1882 2172 1924 acceleranda
2204 1881 2363 1922 decisio

161 1951 251 2007 pati
281 1955 446 2007 posset.
573 1951 639 2008 (5)
671 1952 835 1995 Verum
879 1951 1029 1993 invidit
1061 1955 1237 1993 nostro⁸
1268 1955 1356 1993 tam
1385 1951 1506 1992 utilib
1538 1951 1721 1993 adversa
1748 1952 1919 1993 fortuna
1943 1952 2164 2007 proposito
2189 1956 2231 1992 et
2255 1952 2364 1992 votis

158 2020 316 2063 nostris
340 2035 467 2063 casus
491 2022 655 2064 fortuiti
677 2022 746 2063 vel
769 2022 1021 2063 infortunati
1046 2021 1189 2076 potius
1213 2021 1514 2062 obstiteruntc.
1569 2020 1792 2076 Siquidem
1816 2020 1998 2062 dilectus
2022 2021 2132 2061 filius
2156 2021 2364 2075 magister

157 2089 400 2132 Rodulfus‘1
431 2090 484 2132 de
528 2096 670 2133 castro
702 2091 1002 2143 Podiibonici⁰
1034 2090 1262 2132 memorati
1303 2090 1417 2145 regis
1450 2095 1702 2145 procurator
1735 2094 1777 2132 et
1809 2091 2003 2139 nuntius,
2049 2090 2120 2145 qui
2152 2090 2358 2131 articulos

158 2159 402 2214 predictos4
434 2160 668 2213 obtulerat,
710 2161 921 2216 prefixum
955 2163 1001 2201 ut
1032 2160 1296 2215 premittitur
1328 2158 1381 2200 ad
1422 2158 1692 2214 probandum
1725 2160 1840 2214 ipsos
1874 2164 2097 2215 receperat
2132 2160 2357 2200 terminum

159 2233 204 2270 et
235 2243 382 2271 secum
413 2233 461 2271 ut
491 2229 647 2272 dicitur
676 2230 845 2272 litteras
879 2234 1051 2271 nostras
1074 2243 1203 2284 super
1225 2229 1307 2270 hoc
1332 2229 1553 2270 confectas
1579 2229 1656 2270 acf
1687 2243 1857 2270 omnem
1882 2230 2011 2270 aliam
2036 2230 2358 2270 instructionem

159 2297 214 2339 ad
245 2297 573 2354 productionem
610 2299 786 2342 testium
829 2299 1121 2355 pertinentem
1154 2297 1386 2349 habebatss,
1433 2298 1554 2352 gravi
1588 2297 1731 2339 subito
1771 2298 2021 2340 infirmitate
2054 2313 2285 2354 percussus
2321 2304 2363 2339 et

157 2367 200 2408 in
232 2371 372 2409 castro
405 2368 610 2424 predicto,
644 2368 757 2424 quod
780 2367 1059 2410 carissimush
1091 2368 1134 2408 in
1159 2367 1331 2409 Christo
1355 2367 1469 2408 filius
1493 2371 1642 2408 noster
1665 2366 1887 2422 C(arolus)
1912 2382 1987 2408 rex
2014 2367 2159 2408 Sicilie
2184 2369 2362 2409 illustris

157 2437 293 2492 regali
325 2438 521 2493 potentia
552 2439 729 2480 tenebat
760 2439 1007 2488 obsessum,
1041 2438 1172 2492 longa
1203 2436 1429 2478 obsidione
1463 2436 1683 2487 detentus,
1717 2437 1956 2491 sepefatum
1991 2450 2136 2491 regem
2171 2436 2359 2479 Castelle

158 2521 288 2562 super
319 2506 564 2549 huiusmodi
598 2521 806 2564 processu
840 2521 936 2549 cum
969 2506 1120 2549 eodem
1155 2506 1360 2561 magistro
1394 2520 1472 2561 per
1505 2519 1584 2546 nos
1619 2505 1764 2546 habito
1798 2505 2027 2554 instruere,
2061 2510 2145 2546 tam
2173 2505 2361 2547 evidenti

159 2576 421 2619 necessitate
461 2581 660 2629 vetante,
704 2577 910 2632 nequivit.
1030 2575 1096 2631 (6)
1140 2575 1197 2616 Et
1236 2575 1331 2616 ideo
1377 2574 1636 2616 adveniente
1676 2574 1867 2629 predicto
1909 2588 2037 2629 super
2080 2575 2157 2615 hoc
2199 2580 2360 2615 statuto

162 2645 362 2697 termino,
394 2646 498 2688 licet
529 2646 656 2688 nullii
689 2650 836 2688 essent
867 2645 1063 2701 producti
1087 2649 1224 2687 testes
1247 2658 1326 2686 nec
1349 2643 1643 2685 munimentak
1667 2643 1871 2695 exhibita,
1905 2658 2004 2699 pars
2030 2643 2222 2685 eiusdem
2246 2644 2360 2699 regis

160 2713 352 2756 Castelle
391 2729 611 2768 asserens,
650 2730 727 2772 pro
767 2714 853 2767 eo¹,
899 2714 1012 2771 quod
1056 2718 1218 2756 erantm
1256 2714 1471 2770 premissa
1511 2713 1820 2768 impedimenta
1852 2713 2040 2761 notoria,
2087 2713 2244 2753 nullam
2281 2713 2359 2753 sihi

159 2784 476 2826 contumaciam
508 2785 579 2827 vel
610 2785 921 2841 negligentiam
953 2782 1254 2840 imputandam
1279 2808 1332 2813 —
1358 2783 1586 2839 presertim
1611 2796 1707 2823 eum
1741 2782 1854 2823 bone
1878 2782 2112 2822 memorie¹¹
2148 2781 2359 2823 Siluensis

159 2853 465 2909 episcopus⁰·⁵,
506 2855 577 2909 qui
610 2855 744 2896 citrap
777 2852 963 2895 eundem
997 2853 1230 2895 terminum
1261 2866 1337 2907 pro
1380 2855 1501 2907 parte
1534 2851 1648 2905 regis
1682 2850 1873 2892 Castelle
1907 2850 2086 2905 predicti
2119 2850 2173 2890 ad
2206 2850 2357 2892 sedem

161 2921 346 2964 eandem
388 2937 485 2964 cum
524 2923 742 2964 nonnullis
783 2922 1080 2963 instrumentis
1114 2921 1166 2963 ad
1210 2920 1509 2977 probationem
1554 2920 1658 2960 iuris
1691 2920 1824 2974 ipsius
1857 2923 1903 2959 ut
1935 2920 2072 2960 fertur
2104 2919 2360 2961 facientibus

163 2991 420 3044 accedebat,
461 2993 504 3033 in
542 2993 739 3048 partibus
772 2991 930 3033 Tuscie
964 3006 989 3033 a
1021 2991 1278 3046 quibusdam
1319 2990 1638 3033 nefandissimis
1671 2989 1957 3031 inuinaniterq
1992 2989 2274 3042 interemptus
2307 3014 2360 3019 —

296 3128 384 3165 408.
415 3131 450 3173 P)
476 3132 608 3166 deesset
631 3131 663 3164 3.
713 3148 719 3154 ‹
769 3131 803 3174 q)
829 3130 952 3174 predec
973 3130 1007 3170 l;
1033 3132 1136 3174 pretff:
1161 3131 1193 3164 3.

1300 3131 1328 3173 ¹')
1353 3131 1445 3164 deest
1469 3130 1499 3163 3.

1597 3129 1625 3171 s)
1651 3129 1741 3163 deest
1765 3128 1798 3161 2.
1824 3128 1862 3168 3;
1899 3129 2026 3161 lacuna
2052 3128 2087 3159 ἰη
2111 3127 2143 3159 2.
2239 3127 2264 3167 2)
2291 3138 2360 3169 pre-

1430 3189 1464 3231 x)
1489 3195 1550 3223 art.
1579 3190 1694 3221 uarios
1719 3188 1751 3221 3.

1443 3247 1473 3290 c)
1500 3248 1680 3280 astiterunt
1705 3245 1737 3278 3.

159 3189 223 3223 defi
242 3188 272 3224 1.
367 3188 400 3231 u)
426 3191 516 3224 deest
541 3190 571 3224 1.
691 3189 725 3233 V)
751 3192 822 3224 noti
850 3190 879 3224 1.
997 3190 1038 3232 w)
1065 3192 1209 3224 iminere
1237 3190 1334 3224 1—3.

159 3245 191 3290 z)
216 3248 484 3290 superscriptum
508 3247 537 3281 1.
679 3247 711 3289 a)
739 3252 784 3281 no
809 3246 842 3281 3.
972 3247 1004 3290 b)
1037 3254 1152 3282 nostro
1177 3248 1259 3281 add.
1279 3247 1309 3281 3.

161 3303 192 3346 θ)
217 3305 438 3339 Podiobonici
462 3304 494 3338 3.
635 3304 664 3344 f)
690 3306 733 3338 ad
758 3304 789 3338 3.
931 3304 964 3347 8)
989 3306 1115 3339 habeat
1139 3305 1171 3338 3.
1313 3304 1346 3344 h)
1373 3306 1547 3338 carissimo
1576 3303 1603 3336 l.

162 3363 375 3396 munimenta
399 3375 488 3397 corr.
513 3364 550 3396 in
574 3364 783 3396 monimenta
807 3361 838 3394 2.
864 3361 896 3395 3.
1038 3361 1063 3403 l)
1090 3374 1150 3405 pro
1175 3374 1214 3396 eo
1240 3362 1308 3395 des.
1327 3361 1359 3395 3.

162 3430 286 3463 scopus
311 3420 475 3453 Siluenefi
499 3419 530 3453 3.
648 3420 682 3462 P)
709 3421 800 3453 eirca
823 3418 855 3452 3.
988 3418 1020 3462 (1)
1045 3420 1253 3453 imanimiter
1277 3418 1308 3452 2.

1501 3361 1542 3402 m)
1569 3361 1659 3394 (lec-st
1683 3360 1714 3392 3.

1846 3187 1879 3227 y)
1906 3186 1939 3217 in
1966 3185 2048 3217 aelel.
2075 3185 2134 3217 secl
2159 3184 2304 3216 deletum
2333 3184 2361 3217 l.

1867 3241 1899 3283 d)
1925 3243 2006 3275 nod.
2037 3241 2069 3282 1;
2104 3242 2303 3283 1ἰο(1ι11μ11ως
2329 3242 2359 3274 3.

1744 3301 1765 3343 i)
1792 3302 1839 3334 ini
1866 3300 1897 3333 3.

1851 3358 1885 3399 n)
1913 3383 1947 3390 ..

2030 3297 2064 3338 k)
2091 3300 2296 3332 monimenta
2324 3299 2362 3338 l;

1974 3356 2054 3388 (ald.
2074 3356 2103 3388 2,
2235 3357 2267 3395 0)
2294 3357 2362 3398 epi-

303 3532 338 3578 1)
363 3532 426 3567 Ad
457 3532 548 3567 diem
572 3537 602 3567 2.
630 3532 726 3566 Maii
756 3544 789 3566 a.
811 3537 919 3575 1264;
952 3533 993 3575 ef.
1026 3533 1191 3576 epistolas
1223 3532 1359 3568 Urbani
1386 3532 1453 3566 IV.
1485 3531 1534 3566 acl
1560 3529 1784 3566 Richarclum
1807 3531 1839 3562 ct
1864 3527 2054 3569 Alfonsum
2084 3525 2189 3560 (latas
2219 3538 2250 3559 ιι.
2272 3530 2358 3560 1263.

165 3587 258 3634 Any.
281 3593 333 3633 27,
360 3589 566 3634 Rodenbery
590 3590 667 3633 ΙΙΙ,
692 3600 747 3624 nr.
763 3594 830 3625 560
845 3596 870 3621 1.
887 3596 930 3622 I!-
1025 3591 1062 3632 2)
1089 3589 1163 3624 Die
1188 3595 1215 3625 7.
1235 3589 1407 3623 Ιαηιαινίἱ
1431 3602 1464 3623 a.
1484 3593 1584 3627 1267;
1608 3587 1653 3629 cf.
1678 3585 1886 3628 Roclenbery
1911 3584 1986 3625 III,
2012 3594 2068 3617 nr.
2087 3588 2157 3618 653.
2199 3583 2360 3625 Bo‘hmer,

166 3645 250 3690 Rey.
275 3646 356 3690 imp.
381 3646 421 3689 V,
443 3652 535 3682 9675.
566 3651 660 3682 9676.
777 3647 813 3690 3)
839 3647 943 3681 Diem
968 3652 1018 3681 26.
1045 3647 1176 3681 Martii
1199 3658 1232 3681 α.
1251 3651 1355 3686 1268;
1386 3647 1431 3688 cf.
1459 3645 1665 3687 Roclenberq
1692 3643 1764 3686 III,
1793 3652 1846 3676 nr.
1865 3646 1935 3676 661.
1985 3640 2141 3683 Bolzmer,
2172 3641 2252 3684 Rey.
2278 3641 2359 3683 imp.

97 3709 131 3736 50
173 3702 216 3748 V,
232 3708 330 3740 9775.
447 3704 483 3747 4)
514 3703 568 3746 Cf.
596 3715 653 3738 eos
675 3714 790 3748 supra
814 3709 953 3739 nvn-105
976 3714 1002 3738 c.
1019 3709 1155 3739 11—14.

303 3778 352 3803 121..
378 3777 662 3802 CONSTITUTIONES
680 3778 715 3802 11.

1273 3705 1310 3747 5)
1343 3703 1483 3738 Garsia.

2044 3760 2088 3794 68
