2558 3970
190 131 270 170 282
670 127 911 162 FRIDERICI
935 127 979 162 II.
1006 126 1435 162 CONSTITUTIONES.
1485 128 1582 163 1238.
1631 128 1695 164 Nr.
1711 129 1788 164 209.
1814 129 1892 164 210.

190 250 335 294 igiturg
368 250 403 283 in
436 248 554 283 nostri
587 248 748 283 nominis
781 242 1003 282 inilnicos¹¹
1035 249 1153 283 nostri
1186 243 1377 283 culminisi
1408 249 1645 285 excandescit
1667 250 1883 293 auctoritas,
1917 250 1947 284 si
1968 262 2050 286 reos
2071 251 2148 286 lese
2169 250 2378 286 maiestatis

188 319 225 353 in
258 318 425 363 personis
458 329 584 351 eorum
617 321 653 351 et
686 317 888 352 liberorum
919 328 1068 352 suorum
1101 318 1391 353 exheredatione
1423 319 1678 363 dampnamus,
1711 319 1829 353 multo
1861 318 1995 353 fortius
2017 318 2226 363 iustiusque
2248 321 2379 354 contra

188 380 284 421 Deik
327 386 645 430 blasphematores
687 385 848 420 nominis
887 389 923 420 et
957 387 1140 422 catholice
1178 388 1263 423 fidei
1294 388 1524 424 detractores
1566 400 1832 434 provocamur,
1879 389 2081 424 eorundem
2116 388 2377 434 hereticorum,

189 457 476 499 recept-ntorum.
510 455 698 488 fautorum
730 456 765 488 et
799 455 1064 490 advocatorum
1096 468 1244 491 suorum
1275 457 1429 492 heredes
1461 460 1499 492 et
1530 459 1699 502 posteros
1728 468 1844 501 usque
1866 457 1913 491 ad
1935 456 2133 492 secundam
2160 457 2378 503 progeniem

187 523 374 557 beneficiis
406 522 548 557 cunctis
581 516 884 567 temporalitms¹⁷
918 524 1077 568 publicis
1111 524 1241 559 officiis
1274 527 1311 560 et
1343 526 1545 560 honoribus
1577 525 1763 570 imperiali
1784 525 2010 560 auctoritate
2041 525 2244 570 privantes,
2276 526 2378 561 utin

187 591 333 636 paterni
365 591 540 626 memoria
575 591 738 625 criminis
771 591 948 626 continuo
977 604 1119 627 merore
1148 593 1354 637 tabescant,
1389 606 1473 629 vere
1497 594 1668 637 seientes,
1701 594 1800 639 quod
1822 595 1920 629 Deus
1943 594 2080 629 zelotes
2100 594 2194 629 est111
2225 596 2380 639 peccata

186 663 335 705 patrum
367 660 404 694 in
436 660 530 694 filios
564 661 765 704 potenter¹¹
798 660 989 696 ulciscens.
1050 661 1124 697 Nec
1166 656 1335 711 quidem
1375 674 1397 697 a
1436 663 1688 698 misericordie
1727 662 1861 698 finibus
1892 662 2064 697 duximus
2097 663 2378 707 excludendum,

187 733 225 764 ut
260 729 288 763 si
321 729 384 773 qui
417 732 573 773 paterne
606 729 745 763 heresis
778 741 850 764 non
885 742 1060 774 sequaces
1084 731 1265 766 latentem
1294 734 1443 776 patrum
1466 732 1657 777 perfidiam
1679 731 1940 775 revelaverint,
1972 732 2232 776 quacumque⁰
2253 733 2379 767 reatus

188 798 335 832 illorum
369 797 693 832 aniumdvorsione
726 798 948 842 plectantur,
981 799 1147 844 predicte
1180 794 1391 848 punitioni
1423 812 1498 835 non
1530 801 1723 835 subiaceat
1753 800 1970 835 innocentia
2000 800 2170 835 filiorum.

330 861 367 899 9.
407 866 461 899 Ad
498 865 565 900 hec
609 868 737 900 notum
777 867 855 901 fieri
897 868 1082 910 volumus,
1126 862 1310 902 fratresp
1342 862 1645 904 predicatores
1679 863 1732 904 de
1772 862 1920 904 ordine
1953 862 2276 903 Predicatorum
2307 880 2374 913 pro

187 933 270 967 fidei
308 934 463 978 negocio
502 934 567 968 inq
605 934 774 980 partibus
817 930 984 984 imperii
1022 930 1155 970 nostri
1195 938 1326 971 contra
1362 937 1547 972 hereticos
1578 938 1795 982 deputatos,
1841 939 1984 972 ceteros
2015 938 2197 982 quoquer,
2237 937 2302 981 qui
2332 937 2380 972 ad

187 1002 371 1037 hereticos
416 1002 632 1039 iudicandos
673 1004 897 1039 accesserint
931 997 983 1039 ad
1021 997 1234 1047 eosdems,
1279 1005 1351 1039 nisi
1389 1005 1506 1050 aliqui
1544 1018 1670 1041 eorum
1703 1006 1748 1041 ab
1787 1005 1943 1051 imperio
1978 999 2138 1041 fuerint
2167 1005 2378 1051 proscripti,

187 1071 324 1107 eundo.
369 1072 546 1107 morando
591 1075 626 1107 et
666 1069 873 1108 redeundot
917 1073 984 1107 sub
1024 1073 1179 1108 nostrau
1211 1073 1360 1118 imperii
1392 1074 1546 1120 speciali
1577 1075 1792 1111 defensione
1824 1076 2031 1120 receptosv‚
2073 1076 2111 1110 et
2142 1082 2248 1124 quos
2280 1075 2379 1120 apud

187 1152 312 1175 omnes
347 1141 413 1174 sub
446 1152 514 1185 ope
547 1152 588 1175 ac
628 1142 991 1177 recommendatione
1023 1142 1188 1177 fidelium
1227 1142 1376 1188 imperii
1414 1155 1493 1179 esse
1526 1145 1696 1180 volumus
1728 1144 1948 1186 inoffensos;
1985 1143 2225 1179 universitati
2256 1145 2378 1179 vestre

186 1209 422 1244 mandantes.
465 1209 640 1253 quatinus
682 1221 914 1253 quocumque
957 1213 994 1245 et>
1031 1211 1130 1256 apud
1161 1213 1466 1256 quemcumqueW
1497 1215 1661 1248 vestrum
1692 1213 1947 1258 pervenerint,
1987 1212 2147 1257 benigne
2184 1211 2375 1257 recipiatis

187 1277 333 1311 eosdem
366 1280 401 1312 et
434 1288 611 1322 personas
644 1279 803 1312 60111111Χ
835 1278 880 1312 ab
912 1279 1061 1313 incursu
1090 1279 1340 1315 hereticorum
1362 1281 1414 1316 eis
1442 1281 1700 1316 insidiantium
1724 1284 1988 1317 conservantes
2015 1281 2244 1326 indempneS,
2269 1292 2378 1316 0111116

187 1346 397 1381 consilium.
445 1346 620 1381 ducatum
659 1348 694 1381 et
734 1346 914 1381 auxilium
952 1347 1179 1392 impendatis
1219 1361 1286 1393 pro
1328 1351 1405 1384 tam
1444 1350 1607 1395 acceptis
1646 1362 1769 1385 coram
1802 1344 1896 1386 Deo
1934 1349 2097 1395 negotiis
2129 1349 2375 1394 exequendis;

185 1414 369 1449 hereticos
403 1427 504 1456 vero.
539 1409 654 1459 quos*
686 1418 723 1450 et
756 1416 1014 1451 ostenderint-y
1045 1417 1117 1462 ipsi
1149 1417 1264 1460 vobis,
1298 1418 1335 1452 in
1367 1418 1625 1454 iurisdictione
1658 1421 1782 1454 vestra
1814 1419 1952 1464 singuli
1983 1418 2174 1464 capientes
2205 1417 2379 1464 diligenti

187 1483 353 1517 custodia
387 1483 618 1526 detinendos,
652 1485 768 1520 donec
800 1488 886 1530 post
917 1486 1169 1522 ecclesiastice
1194 1487 1473 1532 dampnationis
1504 1488 1683 1523 iudicium
1705 1500 1840 1533 penam
1863 1488 2021 1523 subeant
2043 1499 2156 1532 quam
2176 1488 2377 1522 merentur.

186 1551 336 1588 Scituri.
377 1553 475 1596 quod
507 1553 545 1587 in
577 1554 795 1589 executione
835 1554 951 1599 ipsius
983 1555 1127 1600 negotii
1165 1558 1315 1601 gratum
1347 1557 1424 1591 Deo
1454 1559 1494 1592 et
1525 1557 1712 1592 laudabile
1751 1557 1858 1592 nobis
1891 1556 2111 1601 obsequium
2141 1556 2376 1600 conferetis²‚

187 1620 216 1653 si
249 1620 295 1654 ud
328 1615 631 1669 expellendam
663 1623 708 1657 de
740 1623 909 1667 partibus
941 1618 1076 1657 nostri
1109 1618 1275 1673 imperii
1306 1637 1441 1660 novam
1473 1628 1511 1661 et
1542 1626 1732 1661 insolitam
1763 1625 1926 1661 heretice
1958 1625 2156 1671 pravitatis
2187 1624 2381 1659 infamiam

186 1700 293 1733 opem
340 1693 375 1724 et
424 1701 574 1734 operam
618 1702 691 1725 una
738 1703 820 1726 cum
867 1692 1006 1727 eisdem
1050 1692 1253 1727 fratribusa
1295 1694 1539 1738 prestiteritis
1582 1694 1779 1729 efficacem.
1850 1693 1899 1729 Et
1935 1694 1966 1728 si
1997 1693 2079 1739 quis
2119 1694 2217 1729 foret
2248 1693 2380 1729 exinde

186 1757 378 1802 negligens
419 1760 454 1793 ct
495 1759 684 1802 remissus,
728 1769 776 1795 ae
814 1761 958 1796 inutilis
990 1773 1114 1796 coram
1145 1755 1266 1797 Deo¹'
1299 1765 1337 1797 et
1368 1763 1406 1797 in
1448 1766 1651 1808 conspectu
1682 1767 1811 1799 nostro
1843 1764 1985 1809 poterit
2015 1764 2149 1800 merito
2182 1763 2379 1809 culpabilis

188 1837 378 1871 apparere.

331 1888 489 1930 Datum
524 1889 748 1944 Cremone,
782 1891 930 1934 XIIII.
964 1892 1110 1945 Madii,
1143 1893 1221 1936 XI.
1256 1894 1527 1936 indictionec.

465 2082 565 2128 210.
608 2083 907 2128 EDICTUM
937 2085 1009 2127 IN
1044 2086 1257 2130 REGNO
1295 2087 1574 2130 SICILIAE
1606 2089 2104 2133 PROMULGATUM.

334 2164 404 2204 1211·
434 2164 486 2205 Α.
512 2164 562 2206 Β.
589 2164 635 2205 C.
697 2165 893 2207 Edictum
918 2167 1103 2218 primum
1134 2170 1277 2210 eontra
1306 2168 1530 2211 haereticos
1551 2170 1689 2223 Requi
1716 2170 2021 2223 pronzulyatwn
2042 2173 2080 2212 et
2100 2170 2184 2212 icem
2204 2170 2252 2211 in
2276 2168 2381 2211 Con-

188 2232 420 2273 stitutione-s
452 2233 588 2285 Requi
619 2233 687 2275 lib.
712 2234 747 2284 I,
780 2235 841 2276 tit.
865 2236 918 2275 11
948 2252 986 2277 α.
1013 2239 1122 2277 1231
1154 2240 1373 2289 receptum,
1414 2238 1485 2279 hoc
1516 2241 1690 2290 tempore
1720 2239 1772 2280 ab
1802 2239 2047 2293 imperatore
2077 2238 2291 2290 repetitum
2321 2239 2381 2279 est

189 2302 226 2340 et
256 2300 293 2340 ei
326 2301 385 2341 ris
417 2301 515 2353 Iegis
545 2302 669 2343 etiam
693 2316 771 2354 per
803 2306 932 2345 totum
965 2305 1181 2359 imperium
1212 2306 1368 2348 tributa
1399 2320 1482 2348 esse
1513 2307 1688 2350 videtur.
1748 2307 1905 2349 Exstat
1934 2308 1980 2349 in
2012 2308 2242 2349 collectione
2262 2306 2380 2348 Petri

189 2368 236 2409 de
272 2369 410 2410 Vincis
443 2370 510 2412 lib.
534 2370 571 2420 I,
592 2372 660 2412 26.
693 2397 746 2400 —
777 2372 972 2424 Bo'hmer,
1004 2373 1105 2427 ΒΘΗ.
1137 2375 1236 2426 imp.
1268 2374 1313 2425 V,
1334 2377 1460 2417 2346.
1493 2377 1619 2418 2363.
1650 2378 1776 2419 2421.
2015 2376 2085 2429 (P.
2118 2377 2237 2430 327.)

332 2483 601 2525 Fridericus³
632 2485 715 2526 Dei
746 2487 887 2540 gratia
918 2487 1020 2528 etc.b
1129 2488 1438 2530 Inconsutilem
1460 2491 1653 2532 tunicam
1676 2490 1761 2532 Dei
1789 2490 1926 2532 nostri
1951 2490 2145 2532 dissuere
2170 2493 2381 2532 conantur

190 2552 381 2603 heretici,
415 2558 457 2593 et
489 2553 688 2594 vocabuli
712 2555 814 2595 vitio
849 2556 1102 2608 sevientesc,
1137 2557 1247 2612 quod
1271 2559 1630 2613 significationem
1653 2559 1876 2601 divisionis
1908 2559 2144 2610 enuntiatd,
2177 2559 2219 2600 in
2242 2559 2378 2615 ipsius

191 2620 489 2662 indivisibilise
530 2622 628 2663 fidei
669 2623 834 2664 unitate
877 2625 1068 2665 nituntur
1106 2626 1310 2668 inducere
1355 2628 1590 2668 sectionem
1625 2631 1668 2668 et
1700 2642 1805 2669 oves
1840 2642 1864 2668 a
1896 2627 2017 2669 Petri
2050 2628 2267 2679 custodia,
2311 2628 2379 2669 cui

191 2690 407 2744 pascendo
443 2704 467 2730 a
499 2695 671 2744 pastore
712 2691 822 2732 bono
856 2697 953 2733 sunt
985 2694 1165 2745 credite,
1208 2710 1451 2750 segregare.
1520 2696 1596 2736 Hii
1637 2700 1736 2737 sunt
1766 2697 1857 2751 lupi
1889 2710 2071 2751 rapaces
2103 2696 2378 2748 intrinsecus,

191 2771 240 2797 co
264 2771 398 2812 usque
423 2759 796 2800 mansuetudinem
820 2761 1127 2815 pretendentes
1150 2763 1306 2815 ovium,
1336 2778 1558 2819 quousque
1584 2765 1695 2806 ovile
1718 2765 1888 2819 possint
1911 2764 2176 2805 subintraref
2195 2764 2377 2805 domini-

192 2839 307 2872 cum;
356 2826 413 2866 hii
461 2832 559 2867 sunt
602 2827 743 2882 angeli
785 2830 980 2883 pessimi,
1030 2830 1089 2871 hii
1128 2835 1226 2871 sunt
1266 2832 1341 2872 filii
1380 2833 1641 2887 pravitatum
1685 2847 1709 2873 a
1747 2837 1868 2887 patre
1911 2833 2102 2888 nequitie
2135 2837 2178 2874 et
2215 2832 2379 2874 fraudis

326 2939 413 2975 209.
449 2947 481 2982 8)
508 2942 596 2974 deest
620 2942 662 2974 B.
683 2942 717 2974 C.
812 2941 845 2985 h)
872 2949 1184 2989 contemptores
1213 2947 1246 2979 C.
1340 2946 1362 2987 i)
1389 2948 1533 2980 nominis
1558 2948 1601 2981 B.
1695 2946 1728 2990 k)
1753 2948 1892 2980 divini
1917 2948 1950 2980 B
1973 2953 2008 2980 ut
2031 2960 2086 2981 nr.
2105 2951 2179 2982 158.
2250 2947 2274 2991 1)
2299 2953 2380 2982 tem-

191 2999 327 3040 poribus
354 3000 395 3030 A.
536 3005 577 3040 ¹¹1)
604 3005 654 3032 est
678 3001 801 3034 zelotes
828 3002 870 3033 A.
1010 3004 1043 3044 Π)
1075 3009 1230 3046 patenter
1248 3005 1291 3037 A.
1431 3005 1462 3045 ⁰)
1489 3017 1693 3047 quecunque
1717 3006 1761 3038 A.
1902 3005 1934 3045 P)
1960 3017 2029 3047 pro
2055 3007 2174 3039 fratres
2197 3025 2240 3030 —
2267 3005 2380 3039 Predi-

190 3063 340 3087 catorum
368 3056 415 3087 B.-
452 3058 612 3089 dictum
651 3059 891 3102 principum
928 3067 1117 3093 nostrum
1155 3063 1446 3095 venerabilem
1472 3064 1768 3097 Arelatensem
1803 3064 2189 3107 archiepiscopum,
2222 3064 2379 3097 fratres

191 3113 492 3146 Predicatores
518 3121 557 3146 et
581 3116 690 3147 alios
716 3117 906 3149 eiusdem
932 3119 1251 3162 archiepiscopi
1276 3121 1453 3152 nuntios
1478 3121 1520 3152 in
1546 3121 1705 3153 eisdem
1730 3121 1935 3163 partibuS.
2045 3119 2078 3162 (1)
2102 3121 2146 3152 111
2171 3138 2213 3143 -
2238 3121 2378 3154 nostri

191 3170 258 3201 cles.
277 3169 316 3200 Β.
411 3176 439 3210 r)
465 3182 530 3212 que
549 3171 590 3203 A.
609 3172 648 3203 B.
742 3178 767 3213 s)
794 3175 842 3205 ad
868 3176 1031 3208 eosdem
1058 3176 1125 3208 des.
1146 3176 1181 3208 (J.
1284 3177 1308 3217 t)
1334 3179 1531 3210 revertendo
1550 3177 1592 3209 A.
1685 3178 1718 3219 u)
1745 3178 1851 3210 nostri
1879 3177 1912 3210 0.
2007 3176 2038 3218 v)
2063 3179 2303 3220 recepimus
2328 3176 2379 3217 A;

191 3227 414 3268 recipimus
439 3227 480 3258 11.
598 3228 638 3270 w)
665 3240 833 3271 quemque
860 3231 901 3263 A.
1018 3236 1052 3273 Χ)
1077 3233 1167 3266 deese
1186 3234 1227 3266 A.
1248 3234 1281 3266 C.
1402 3234 1436 3275 y)
1464 3235 1669 3267 hostenderit
1694 3234 1735 3266 A.
1846 3234 1874 3274 Ζ)
1901 3234 2097 3266 conferretis
2122 3234 2166 3267 A.
2261 3232 2291 3275 ³)
2309 3245 2378 3276 pro

190 3284 313 3315 eisdem
340 3285 500 3315 fratribus
525 3285 574 3317 B:
601 3288 795 3328 predicto
821 3289 1174 3333 archiepiscopo,
1204 3292 1419 3323 fratribus
1451 3292 1618 3324 ordinis
1645 3292 1964 3323 I‘rcdicatorum
1995 3296 2034 3323 et
2064 3291 2169 3322 aliis
2201 3291 2377 3324 nunciis

191 3341 380 3372 eiusdem
406 3343 734 3386 archiepiscopi.
855 3345 884 3385 b)
909 3347 1084 3379 Domino
1113 3348 1147 3380 C.
1277 3348 1305 3388 c)
1334 3349 1440 3380 Data
1465 3349 1622 3380 Vei-one
1653 3348 1782 3380 XXVI.
1810 3349 1922 3380 Iunii
1960 3349 2023 3380 XI.
2050 3348 2304 3381 indictionis
2328 3347 2378 3391 B,·

191 3398 280 3429 Dat.
311 3399 449 3430 Padue
482 3400 606 3431 XXII.
634 3402 748 3433 Febr.
775 3403 860 3434 XII.
888 3403 1033 3436 indict.
1063 3404 1096 3437 (J.

326 3464 413 3499 210.
447 3466 479 3505 ὃ)
507 3468 560 3499 Fr.
580 3468 621 3499 Α.
742 3469 772 3511 b)
799 3471 1007 3512 predictis
1033 3478 1109 3505 ctc.
1137 3474 1218 3506 add.
1237 3473 1279 3505 B.
1399 3474 1428 3514 c)
1454 3477 1621 3506 sementes
1648 3472 1698 3511 A;
1729 3473 1914 3506 servientes
1942 3472 1976 3506 C.
2071 3470 2104 3513 d)
2130 3474 2310 3506 enuntiant
2333 3473 2375 3507 B.

192 3528 221 3553 ⁶*
248 3523 309 3554 Dei
336 3523 515 3555 invisibilis
542 3524 581 3556 B.
700 3524 732 3567 ἶ)
758 3534 901 3569 possunt
926 3529 1052 3561 intrare
1080 3530 1122 3562 A.

332 3614 362 3655 1)
400 3612 432 3645 V.
459 3613 838 3649 Hnillnrd-Brelzolles
863 3616 925 3649 [V
949 3622 977 3651 ἆ.

922 3643 931 3659 7

2413 879 2445 904 10

2414 1220 2445 1246 15

2414 1569 2448 1595 20

2415 1910 2448 1936 25

2415 2396 2448 2422 ‘3

2413 2779 2446 2805 35

2413 3126 2446 3152 40

2410 3410 2442 3436 45

2504 2326 2558 3430 ·''2”meffl*WmA-twffi·wae.w
2536 2224 2551 2299 ‚‹<.-
2544 2190 2545 2195 ⁴

2496 3464 2526 3617 -μᾎέ,
