2558 3970
642 168 854 203 CONRADI
882 168 942 202 lv.
969 168 1398 204 CONSTITUTIONES.
1452 171 1547 204 1242.
1600 171 1659 204 Nr.
1679 172 1755 204 3:55.
1781 172 1857 204 3:39.
2263 174 2343 212 447

148 285 260 327 Item
299 285 342 326 in
381 284 575 340 precaria
606 284 642 325 L
675 298 856 326 marcas.
980 284 1087 325 Item
1129 284 1182 326 de
1224 284 1368 326 Iudeis
1401 285 1484 326 XV
1519 300 1699 327 marcas.
1823 286 1929 328 ltem
1971 287 2010 326 in
2043 287 2343 327 exactionibus

149 354 273 396 factis
313 354 355 394 in
398 354 542 395 hostes
577 354 741 409 imperii
775 352 852 394 CV
885 367 1064 394 marcae.
1188 353 1294 394 Item
1330 355 1371 394 in
1406 369 1588 395 annona.
1624 356 1662 395 in
1699 356 1869 409 siligine
1904 355 2144 396 XXXVIII
2180 355 2343 396 maldra

151 427 194 465 et
225 421 449 464 dimidium
485 424 554 464 etb
588 423 630 463 in
670 436 809 464 avena
841 421 995 463 XXXc
1028 422 1193 463 maldra
1233 428 1275 463 et
1318 423 1561 465 dimidium.
1607 438 1687 479 quc
1722 424 1911 465 vendidit
1945 439 2019 479 pro
2055 424 2115 465 IX
2151 423 2342 480 {marcis}

151 492 293 533 minus
326 491 507 534 fertone.
626 491 736 532 Item
770 491 934 546 recepit
968 491 1009 532 in
1043 492 1140 532 vino
1174 491 1280 532 XVI
1316 497 1521 539 carratas,
1555 508 1660 548 quas
1694 494 1928 547 assignavit
1961 493 2057 534 duci
2095 493 2342 534 litabantic.

96 575 110 598 ⁵
154 560 332 603 Summa
361 561 554 617 percepti
588 559 659 602 CO
692 574 834 601 marce
869 559 1043 600 XXVII
1077 574 1219 601 marce
1253 566 1296 601 ct
1327 560 1515 602 dimidia.

288 629 464 671 Exitus:
511 629 738 670 Inventum
777 634 843 670 cst
887 629 928 669 in
971 628 1159 684 apodixa
1197 642 1293 679 sua,
1339 628 1450 684 quod
1499 644 1573 670 nos
1615 629 1821 671 debemus
1855 630 1994 671 cidem
2030 630 2254 672 Gcrliardo
2289 631 2340 671 de

146 698 342 755 proxima
389 699 713 755 computatione
758 713 836 740 sua
882 696 1081 739 XXVIII
1131 712 1294 739 marcas
1339 703 1381 738 ct
1422 698 1528 738 VIII
1578 699 1736 740 solidos
1786 699 2082 741 Colonienscs.
2209 700 2341 741 Itemd

145 768 356 810 debemus
397 767 463 809 ei⁰
505 767 557 809 de
601 767 754 808 militia
793 781 891 817 sua,
936 780 1020 822 qua
1061 771 1127 807 est
1159 766 1400 811 accinctus,
1443 767 1527 807 XX
1560 782 1739 808 marcas.
1862 768 1969 808 Itcm
2011 768 2127 809 dedit
2165 769 2340 810 Iohanni

147 837 270 879 Bono
304 835 356 879 de
388 836 517 878 feudo
550 836 714 878 castelli
738 835 846 877 VIII
878 850 1060 876 marcas.
1181 835 1289 877 Item
1325 835 1574 877 Everhardo
1608 836 1660 877 de
1691 836 1900 892 Mendorp
1935 836 1986 877 dc
2020 837 2144 878 feodo
2177 839 2341 879 castelli

79 919 111 943 ιο
147 905 211 947 VI
239 919 420 948 marcas.
509 906 620 948 Item
653 920 728 962 pro
752 905 878 947 blidis
902 904 1112 946 faciendis
1135 904 1290 946 XVIII
1316 919 1494 946 marcas.
1589 906 1695 945 Item
1721 905 1760 945 in
1786 920 1976 960 expensa
2001 913 2145 947 nostra
2171 908 2340 948 Sinsicli

146 974 275 1016 LXII
313 988 479 1016 marcas
520 973 672 1015 XXVI
711 975 926 1016 denarios.
1047 974 1156 1016 Item
1200 975 1240 1015 in
1289 989 1485 1030 expensa
1527 975 1709 1015 militum
1749 980 1843 1030 post
1885 989 1958 1015 nos
1994 977 2256 1016 venientium
2289 977 2341 1017 ad

146 1049 338 1086 nostram
386 1043 710 1100 expeditionem
758 1043 937 1085 XXXII
980 1058 1145 1085 marcas
1200 1045 1364 1086 fertone
1415 1045 1568 1088 minus.
1696 1044 1803 1086 [tem
1846 1044 1964 1086 dedit
2007 1044 2059 1085 ad
2106 1060 2341 1100 expensam

145 1114 300 1156 messis
334 1118 377 1156 et
407 1113 601 1155 autumni
633 1112 696 1154 VI
730 1127 897 1155 marcas
930 1113 994 1154 IV
1027 1113 1221 1155 solidoss.
1346 1114 1450 1155 Item
1485 1113 1540 1154 ad
1574 1119 1764 1155 nostrum
1807 1115 2029 1155 servitium
2064 1115 2198 1155 tribus
2233 1116 2339 1156 mili-

145 1184 259 1225 tibus
291 1197 367 1240 pro
400 1182 629 1224 dextrariis
662 1182 742 1224 LX
774 1196 957 1225 marcas.
1078 1182 1184 1224 Item
1219 1183 1384 1224 duobus
1409 1184 1636 1238 armigeris
1668 1198 1741 1238 pro
1767 1184 1902 1238 cquis,
1937 1197 2043 1238 quos
2068 1183 2341 1239 perdiderant

76 1271 106 1295 ιε
147 1253 190 1294 in
220 1267 368 1309 pugna
404 1251 458 1293 ad
500 1256 694 1294 nostrum
735 1253 981 1299 servitium,
1024 1253 1131 1294 XVI
1165 1267 1346 1294 marcas.
1469 1253 1576 1294 item
1610 1268 1684 1309 pro
1718 1252 1852 1294 tribus
1886 1254 2009 1308 equis
2044 1254 2083 1293 in
2117 1255 2342 1295 exustione

143 1321 245 1364 ville
278 1321 459 1364 Arwilre
502 1321 682 1378 perditis
726 1321 810 1363 XV
844 1336 1023 1365 marcas,
1153 1322 1262 1363 Item
1302 1323 1535 1364 balistariis
1583 1337 1661 1363 sex
1709 1337 1785 1378 pcr
1828 1327 1915 1363 tres
1949 1337 2121 1363 menses
2155 1322 2342 1364 detentis

142 1390 297 1433 XVIII
338 1405 518 1433 marcas.
639 1391 748 1434 Item
789 1392 831 1432 in
872 1406 1068 1447 expensa
1106 1397 1255 1433 nostra
1297 1392 1412 1447 apud
1452 1391 1674 1433 'I'rcvcrim
1709 1391 1817 1432 VIII
1864 1392 1994 1433 libras
2036 1392 2342 1434 Trevcrcnscs.

144 1460 254 1503 Item
286 1461 328 1502 in
361 1474 557 1516 expensa
588 1460 691 1502 suad
722 1461 858 1516 Aquis
880 1461 948 1502 ΙΙΙ
982 1475 1162 1503 marcas.
1282 1462 1392 1502 Item
1425 1462 1465 1502 in
1500 1475 1695 1517 expensa
1728 1476 1804 1502 sua
1835 1461 2009 1502 Colonic
2034 1461 2101 1502 ΙΙΙ
2136 1471 2341 1503 marcasss.

147 1529 257 1572 Item
290 1530 334 1571 in
368 1544 561 1586 expensa
595 1544 672 1572 sua
704 1529 819 1586 apud
851 1529 1122 1585 Maguntiam
1154 1529 1217 1571 IV
1251 1545 1431 1572 marcas.
1553 1530 1730 1571 Summa
1762 1530 1849 1571 dati
1884 1530 2058 1572 CCCVI
2094 1546 2249 1572 marco.

74 1615 106 1641 20
290 1598 559 1656 Computatis
593 1599 692 1641 hinc
724 1599 823 1641 inde
858 1600 1040 1655 singulis
1075 1604 1118 1641 et
1150 1601 1383 1650 universis,
1425 1614 1500 1641 nos
1535 1605 1733 1641 tenemur
1766 1600 1936 1641 solvere
1971 1599 2110 1641 eidem
2146 1600 2339 1641 Gerardo

141 1667 382 1711 LXXVIII
425 1683 591 1711 marcas
634 1674 677 1711 et
713 1668 936 1710 dimidiam
977 1683 1186 1721 marcam,
1236 1675 1279 1711 et
1312 1670 1491 1711 habebit
1524 1670 1712 1711 officium
1747 1684 1883 1724 usque
1918 1669 1971 1710 ad
2003 1670 2160 1710 festum
2194 1676 2340 1711 sancte

142 1737 419 1794 Margareteh
459 1738 654 1795 proxime
695 1739 900 1781 futurum.
972 1738 1087 1780 Dicit
1129 1740 1258 1781 etiam
1300 1739 1414 1780 idem
1448 1738 1691 1784 Gerardus,
1736 1739 1845 1794 quod
1879 1753 1955 1794 per
1988 1738 2176 1781 sedecim
2210 1739 2338 1794 septi-

139 1821 289 1849 mana>
332 1808 512 1850 tenebat
551 1809 863 1864 quinquaginta
902 1813 1090 1850 armatos
1124 1823 1221 1850 cum
1262 1808 1442 1850 totidem
1484 1810 1755 1864 equitatuum
1789 1808 1842 1850 ad
1877 1819 2070 1849 nostrum
2106 1808 2342 1849 servitium.

140 1877 193 1919 de
225 1876 379 1933 quibus
409 1877 501 1932 ipse
533 1878 674 1919 nullas
707 1878 879 1933 accepit
910 1891 1139 1934 expensas.
1201 1878 1368 1920 Domus
1403 1893 1479 1920 sua
1512 1879 1677 1934 Sintzig
1709 1879 1933 1920 combusta
1966 1883 2007 1919 ct
2040 1879 2182 1920 vinum
2217 1892 2340 1918 suum

72 1962 103 1989 25
142 1950 185 1989 et
215 1946 479 1988 frumentum
512 1946 722 2004 dissipata
755 1952 854 1989 sunt
887 1952 930 1990 et
961 1948 1263 2004 possessiones
1289 1962 1364 1990 sue
1388 1948 1556 1990 aduste.
1608 1947 1813 2003 Captivos
1837 1962 1944 2003 quos
1972 1947 2162 1989 habebat
2185 1947 2341 1988 dimisit

140 2015 194 2058 ad
235 2015 484 2058 mandatum
525 2021 719 2058 nostrum
762 2017 945 2068 solutos,
990 2017 1043 2059 de
1082 2018 1236 2073 quibus
1277 2022 1446 2073 poterat
1485 2017 1668 2063 habere,
1709 2022 1756 2058 ut
1797 2016 1919 2066 dicit,
1964 2015 2129 2058 CCCCi
2162 2031 2344 2058 marcaS.

142 2085 282 2143 Super
311 2086 377 2128 his
411 2090 614 2142 expectat
644 2087 828 2142 gratiam
863 2087 1138 2143 imperatoris
1171 2091 1215 2129 et
1246 2091 1451 2129 nostram.

284 2155 446 2197 Datum
498 2155 611 2212 apud
660 2155 985 2206 Rodemburch,
1037 2171 1148 2198 anno
1198 2157 1510 2198 incarnationis
1560 2157 1723 2198 domini
1770 2156 1998 2198 millesimo
2045 2156 2344 2198 ducentesimo

141 2225 474 2281 quadragesimo
507 2225 740 2277 secundok,
774 2227 816 2267 in
850 2226 1038 2268 secundo
1071 2226 1139 2268 die
1171 2227 1332 2268 mensis
1366 2226 1487 2279 Maii,
1520 2226 1619 2268 XV.
1651 2226 1894 2268 indictione.

73 2673 107 2699 ω
838 2639 976 2708 339.
1033 2634 1655 2708 SENTENTIA

140 2751 274 2824 DE
319 2751 734 2825 OFFICHS
776 2749 1452 2823 EPISCOPATUS
1489 2751 1614 2821 ΕΤ
1654 2750 2176 2822 PRAECEPT
2227 2750 2336 2821 iM

465 2867 601 2939 DE
645 2865 1334 2939 WICHBILEDE
1379 2865 1512 2937 AC
1555 2865 2021 2938 MONETA.

1070 3003 1213 3051 1242).
1252 3003 1341 3051 Iul.
1371 3004 1414 3050 3.

0 3196 1 3202 ¹
283 3149 515 3192 Novissime
551 3150 663 3191 dedit
691 3150 902 3193 Wilmans
939 3147 1334 3190 ‘Kaiserurlozmden
1375 3148 1448 3189 der
1481 3148 1663 3189 Prome
1690 3148 1931 3199 Westfalcn'
1967 3149 2027 3198 II,
2049 3150 2134 3189 387
2167 3163 2229 3189 nr.
2253 3152 2337 3189 :277

0 3213 5 3268 l
76 3236 107 3262 ³5
143 3233 194 3260 ex
231 3219 408 3261 editione
445 3219 635 3272 principe
672 3219 850 3261 Pistorc‘c‘
888 3219 934 3259 in
973 3217 1253 3270 Seriptorihus
1291 3230 1431 3258 rerum
1472 3217 1820 3260 Germaniam-um
1859 3217 1918 3258 cd.
1945 3217 1981 3258 I.
2021 3217 2113 3267 III,
2139 3220 2218 3257 744
2250 3220 2287 3257 et
2317 3233 2336 3257 c

143 3286 297 3329 schedis
327 3287 613 3343 Kindlc'nyeri,
645 3289 753 3330 Msc.
776 3287 842 3329 H.
869 3288 950 3327 189
982 3286 1185 3328 tabularii
1215 3285 1576 3335 Monasteriensis,
1609 3299 1714 3338 quae
1740 3286 1870 3326 solum
1902 3288 2100 3337 reyestum
2123 3286 2335 3338 praebent.

147 3356 393 3399 Constantio
428 3358 637 3411 yeneralis
674 3358 751 3399 illa
791 3356 848 3398 ad
888 3369 1012 3409 quam
1050 3368 1126 3396 rex
1157 3357 1356 3407 provocat
1393 3354 1495 3395 milei
1534 3355 1672 3407 iynota
1713 3357 1787 3403 est,
1830 3354 1916 3394 nisi
1954 3354 2009 3394 stt
2038 3354 2335 3395 sententiarum

140 3426 395 3478 yeneralium
434 3426 597 3479 aliqua,
638 3440 744 3480 quae
779 3426 827 3467 de
865 3423 1062 3477 officiatis
1091 3423 1354 3465 ecclesiarum
1385 3423 1494 3464 latae
1524 3425 1632 3473 sunt,
1664 3438 1695 3463 e.
1715 3436 1753 3475 y.
1785 3434 1916 3474 supra
1946 3435 2010 3462 nr.
2033 3425 2129 3464 333.
2152 3423 2247 3463 332.
2282 3447 2334 3452 —-

143 3493 598 3539 Huillard-Bre'kolles
622 3497 696 3548 VI,
717 3498 813 3538 839.
875 3494 1069 3545 Bb'lmzer,
1102 3493 1201 3546 Rey.
1238 3493 1330 3545 imp.
1364 3492 1408 3543 V,
1429 3493 1554 3534 4465.
1957 3490 2026 3544 (P.
2050 3491 2192 3539 deest.)

79 3631 113 3658 ω
281 3620 368 3656 338.
399 3622 432 3664 b)
457 3624 543 3656 Item
567 3623 609 3656 B.
763 3622 793 3665 c)
826 3624 977 3656 XXXIII
1009 3622 1046 3655 T.
1196 3617 1230 3661 d)
1256 3620 1345 3653 deest
1375 3619 1411 3653 T.
1563 3618 1592 3659 Θ)
1624 3625 1657 3651 et
1687 3618 1722 3651 T.
1872 3617 1902 3659 s)
1929 3629 2061 3650 marcas
2086 3618 2267 3651 solidorum
2302 3617 2333 3648 Τ.

149 3676 183 3723 8)
207 3680 257 3712 III
282 3691 415 3715 marcas
441 3681 509 3715 des.
530 3681 566 3722 T,
592 3682 720 3714 lacuna
744 3682 906 3715 indicata.
1024 3678 1057 3721 l1)
1084 3679 1264 3712 Mai-ianne
1286 3677 1321 3709 T.
1440 3675 1463 3718 i)
1490 3677 1551 3709 XL
1584 3676 1619 3708 T.
1736 3673 1770 3717 k)
1797 3676 1995 3708 MCCXLII.
2013 3674 2056 3707 B.

2380 1754 2433 1779 lul.
2456 1756 2494 1780 13.
