2558 3970
239 177 318 215 222
706 173 945 206 FRIDERICI
973 173 1014 206 Il.
1042 170 1469 206 CONSTITUTIONES.
1519 171 1616 205 1233.
1665 170 1728 204 Nr.
1746 170 1946 205 178-180.

238 288 459 342 protestati
493 288 663 327 fuerunt
696 300 837 327 coram
871 285 1038 326 domino
1071 300 1196 341 papa,
1230 285 1342 340 quod
1375 286 1416 325 in
1449 299 1525 325 suo
1557 284 1683 325 laudo
1717 285 1808 325 sive
1842 283 2139 326 ordinamento
2172 284 2416 339 gravaverit

240 356 499 396 Societatem
534 355 768 410 predictam
802 359 844 394 et
878 355 1072 394 civitates
1106 353 1333 408 predictas.
1366 353 1496 393 nichil
1529 366 1604 407 pro
1638 353 1699 392 eis
1730 353 1771 392 in
1798 366 1873 392 suo
1902 352 2030 392 laudo
2054 356 2096 393 et
2119 352 2415 393 ordinamento

239 423 502 478 apponendo.
537 429 577 463 et
606 423 817 467 dixerunt,
852 422 963 476 quod
997 422 1125 462 nichil
1159 425 1328 476 poterat
1351 421 1492 461 dicere
1516 421 1569 461 de
1592 420 1897 461 adherentibus
1926 421 2184 474 imperatori,
2218 433 2312 460 cum
2336 433 2414 460 nec

238 492 314 546 ipsi
348 491 606 531 adherentes
641 490 1036 545 compromisissent
1069 503 1146 530 nec
1181 490 1412 544 imperator
1443 503 1518 544 pro
1552 489 1626 529 eis.

380 559 671 599 lutei-fuerunt
704 563 838 599 testes
871 558 1064 598 dominus
1097 557 1334 598 Rainaldus
1369 558 1597 612 episcopus
1619 556 1869 597 Hostiensis
1902 560 1944 596 et
1975 556 2203 597 cardinalis
2226 560 2268 596 et
2291 555 2415 597 Oddo

237 628 347 667 tituli
391 627 537 667 Sancti
581 627 777 667 Nicholai
818 628 860 666 in
894 626 1077 667 Carcere.
1110 626 1308 667 Tulliano
1354 626 1584 666 cardinalis
1628 628 1671 665 et
1704 624 2003 678 Melegnianus
2037 624 2088 665 de
2121 624 2280 678 Birago
2314 624 2417 665 civi-

237 696 336 735 tatis
371 694 602 736 Mediolani
635 700 675 735 ct
709 695 942 735 XValtcrius
975 695 1027 735 de
1062 694 1201 734 Civita
1239 698 1282 735 et
1313 694 1527 734 Rofredus
1560 693 1722 734 ostiarii
1754 692 1912 733 domini
1946 706 2055 747 pape
2089 696 2131 733 et
2162 692 2345 732 Diminis
2378 696 2421 733 et

237 764 389 803 Nicora
434 764 485 803 de
529 764 685 804 Sancto
721 764 930 804 Zermano
975 763 1173 803 similiter
1215 763 1378 803 ostiarii
1418 762 1576 803 domini
1617 775 1748 816 pape,
1793 765 1836 801 et
1866 761 1989 816 plura
2020 760 2305 801 instrumenta
2336 774 2420 801 uno

238 838 384 873 tenore
418 832 508 872 fieri
543 837 641 872 sunt
674 837 837 886 rogata.

378 901 533 941 Actum
581 900 719 942 Rome
770 915 899 956 supra
944 900 1168 955 pallatium
1213 899 1373 940 domini
1421 913 1531 954 pape
1585 898 1697 954 apud
1749 897 1976 939 ecclesiam
2025 897 2172 938 Sancti
2215 896 2419 938 Iohannis

236 970 478 1010 Laterani-¹.

380 1037 472 1091 Ego
505 1036 762 1077 Mai-chisius
797 1036 1074 1077 Sinistrarius
1114 1035 1301 1076 civitatis
1334 1034 1565 1075 Mediolani
1599 1039 1642 1075 et
1673 1035 1866 1075 notarius
1900 1034 2008 1074 sacri
2046 1033 2214 1088 pallatii
2247 1032 2421 1074 interfui

239 1110 280 1146 ct
312 1110 487 1159 rogatus
521 1106 685 1160 scripsi.

487 1251 585 1293 179.
625 1251 927 1293 EPLS‘TOLA
959 1250 1388 1292 IMPERATORIS
1415 1249 1502 1292 AD
1533 1248 1933 1293 PONTIFIOEM.
1995 1250 2079 1294 Iul.
2104 1252 2170 1291 12.

377 1332 503 1373 Dedit
535 1332 658 1372 Poris
697 1346 715 1371 c
755 1331 940 1383 Reyistri
975 1331 1168 1383 Grcyore‘e'
1198 1331 1282 1372 IX.
1324 1333 1427 1371 tomo
1455 1330 1481 1370 Ι
1493 1329 1535 1379 V,
1559 1330 1611 1370 75
1651 1330 1719 1370 lib.
1753 1329 1849 1378 VII,
1877 1330 2001 1379 267¹,
2042 1329 2114 1370 aba·
2155 1328 2420 1370 inscribitur:

236 1402 398 1442 Littere
432 1401 700 1456 imperatoris
733 1400 785 1441 ad
819 1399 1038 1441 dominum
1070 1413 1238 1455 papam.
1275 1424 1326 1428 —-
1359 1398 1811 1439 IIecillard-Breltollcs
1838 1397 1918 1448 IV,
1940 1400 2034 1438 441.
2093 1397 2288 1447 Bffmer,
2320 1396 2421 1451 Rey.

238 1471 332 1521 imp.
366 1469 409 1517 Γ,
431 1471 556 1510 2021.

2036 1465 2106 1519 (P.
2140 1465 2281 1520 deest.)

376 1572 658 1612 Sanctissimo
691 1571 732 1611 in
766 1571 936 1611 Christo
970 1571 1080 1626 patri
1114 1570 1285 1611 domino
1319 1569 1530 1624 Gregorio
1563 1569 1646 1611 Dei
1678 1570 1818 1623 gratia
1850 1583 2016 1610 summo
2050 1569 2240 1624 pontifici
2269 1568 2422 1610 Fride-

234 1642 346 1681 ricus
389 1640 540 1681 eadem
579 1641 719 1694 gratia
750 1638 1042 1680 Romanorum
1074 1639 1309 1694 imperator
1341 1652 1513 1693 semper
1544 1641 1773 1693 augustus,
1816 1637 2055 1679 Ierusalem
2087 1641 2131 1679 et
2164 1637 2310 1679 Sicilie
2343 1651 2424 1678 rex

236 1709 420 1749 salutem
454 1714 494 1749 et
528 1708 813 1749 reverentiam
846 1708 1031 1749 filialem.

378 1776 552 1817 Honore
599 1776 744 1817 debito
793 1780 835 1816 et
879 1775 1108 1816 affectione
1153 1776 1321 1817 sincera
1366 1776 1531 1817 litteras
1575 1779 1718 1816 vestre
1765 1775 2036 1830 paternitatis
2083 1775 2328 1830 accepimus
2382 1778 2426 1816 et

236 1845 528 1885 intelleximus
562 1844 790 1898 diligenter
822 1858 903 1899 que
935 1844 1266 1885 continebantur
1298 1845 1341 1884 in
1373 1846 1434 1884 eis
1469 1843 1520 1885 de
1553 1843 1824 1884 ordinatione
1857 1844 2030 1899 provisa
2063 1857 2192 1898 super
2225 1857 2422 1899 compro-

237 1914 439 1954 missione
473 1915 512 1954 in
546 1913 749 1954 Iacobum
783 1913 1077 1954 venerabilem
1102 1912 1408 1954 Penestrinum
1442 1913 1626 1953 electum
1660 1917 1705 1953 et
1736 1911 1785 1953 Ο.
1812 1911 1955 1953 Sancti
1979 1911 2148 1952 Nicolai
2171 1912 2213 1952 in
2238 1910 2422 1952 Carcere

235 1982 430 2022 Tulliano
471 1982 692 2022 diaconem
733 1981 1014 2034 cardinalem,
1058 1986 1234 2036 propter
1277 1981 1355 2022 hoc
1395 1985 1496 2022 tunc
1535 1981 1743 2036 temporis
1786 1981 1840 2021 ad
1881 1985 2026 2036 partes
2056 1980 2314 2022 Lombardie
2347 1993 2425 2035 per

237 2051 380 2091 sedem
425 2051 707 2106 apostolicam
747 2050 1007 2100 destinatos,
1051 2051 1221 2091 nomine
1254 2049 1445 2091 Romane
1478 2050 1661 2091 ecclesie
1694 2049 1834 2091 factaa
1874 2063 1950 2105 per
1991 2050 2241 2103 magistrum
2273 2048 2425 2090 domus

238 2119 571 2160 Teutonicorum
604 2119 776 2160 nomine
809 2123 951 2160 nostro
985 2133 1040 2160 ex
1070 2123 1251 2173 utraque
1284 2123 1405 2174 parte
1438 2132 1603 2159 necnon
1637 2122 1679 2159 et
1707 2132 1783 2173 per
1814 2122 2004 2158 rectores
2037 2122 2079 2159 et
2107 2117 2425 2159 ambassatores

237 2188 500 2241 quarundam
545 2202 598 2228 ex
639 2187 883 2228 civitatibus
910 2187 1191 2238 Lombardie,
1236 2187 1428 2228 Marchie
1467 2192 1510 2228 et
1542 2186 1797 2227 Romaniole
1831 2200 1886 2227 ex
1917 2186 2065 2227 altera.
2127 2185 2293 2227 Verum
2327 2185 2426 2239 quia

237 2261 433 2310 patentes
482 2257 649 2297 litteras
691 2261 858 2297 nostras
897 2260 940 2296 et
979 2256 1092 2310 regis
1131 2256 1206 2296 filii
1238 2257 1370 2297 nostri
1403 2270 1539 2310 usque
1573 2255 1628 2297 ad
1659 2256 1856 2311 proximo
1894 2255 2084 2296 futurum
2117 2256 2277 2297 festum
2308 2255 2426 2297 beati

69 2344 205 2380 §spe-29.
239 2324 462 2365 Michaelis
503 2326 622 2365 iuxta
663 2330 855 2366 tenorem
897 2324 1020 2365 nobis
1062 2325 1359 2365 transmissum
1393 2325 1632 2379 apostolice
1665 2324 1758 2366 sedi
1790 2323 1916 2378 dirigi
1947 2324 2220 2379 postulastis,
2253 2323 2422 2366 noverit

237 2393 457 2433 beatitudo
491 2400 652 2443 vestra.
695 2393 805 2447 quod
845 2393 886 2433 in
932 2393 1051 2434 brevi
1085 2393 1278 2434 eiusdem
1311 2394 1504 2449 magistri
1536 2393 1871 2433 Teutonicorum
1903 2392 2087 2433 reditum
2120 2393 2420 2448 prestolamur,

237 2462 305 2515 qui
340 2461 530 2502 eiusdem
563 2463 725 2516 negotii
759 2462 903 2502 extitit
942 2466 1194 2516 procurator
1226 2466 1268 2503 et
1308 2463 1426 2503 novit
1458 2462 1602 2503 omnia
1635 2461 1874 2516 sigillatim,
1917 2474 1992 2516 per
2023 2475 2149 2515 quem
2183 2475 2312 2517 super
2342 2461 2424 2502 hiis

237 2541 278 2569 et
312 2530 404 2570 aliis
439 2536 578 2570 vestre
612 2530 827 2571 sanctitati
860 2530 1146 2585 disposuimus
1180 2530 1468 2586 respondere:
1500 2531 1687 2571 maxime
1721 2544 1816 2571 cum
1847 2544 1924 2584 per
1955 2543 2051 2570 eum
2083 2529 2267 2585 quedam
2289 2529 2422 2571 verba

238 2599 405 2638 mittere
439 2613 741 2653 proponamus,
775 2614 855 2653 que
890 2600 962 2638 alii
996 2599 1262 2640 committere
1297 2613 1380 2640 non
1414 2612 1654 2655 possemus.

380 2666 479 2708 Dat.
514 2667 738 2713 Sir-densis,
772 2666 872 2708 XII.
908 2666 1018 2717 Iulii,
1051 2667 1127 2707 VI.
1162 2667 1285 2708 indic.

306 2812 403 2855 180.
444 2810 746 2852 EPISTULA
783 2812 1217 2855 IMPERATORIS
1248 2811 1335 2853 AD
1373 2810 1736 2854 EPISCOPUM
1766 2811 2131 2854 OSTIENSEM.
2190 2811 2274 2854 Iul.
2297 2813 2363 2852 12.

381 2891 715 2943 Excmplcmdam.
747 2894 907 2933 curavit
937 2893 1061 2934 Perta
1090 2907 1110 2934 c
1141 2892 1326 2946 Rcyistri
1357 2895 1459 2933 tomo
1487 2891 1566 2941 IV,
1590 2892 1758 2932 75—76
1790 2892 1859 2933 lib.
1891 2891 1994 2942 VII,
2014 2893 2099 2933 268
2111 2891 2138 2942 ²,
2178 2892 2249 2932 ubi
2278 2891 2427 2932 inscri-

241 2961 370 3000 bitur:
402 2960 567 3001 Littere
590 2961 782 3001 eiusdem
806 2961 858 3002 ad
882 2961 1101 3002 dominum
1125 2961 1389 3002 Ostiensem.
1424 2985 1477 2989 —
1509 2959 1960 3002 Huiccard-Breholles
1986 2960 2065 3010 IV,
2086 2961 2183 3001 442.
2233 2959 2426 3010 Bcshmer,

241 3028 339 3080 Req.
376 3029 470 3081 imp.
504 3027 548 3077 V,
572 3030 697 3069 2025.

2053 3026 2123 3080 (P.
2144 3027 2285 3076 deest.)

384 3130 627 3170 Fridericus
651 3129 732 3171 Dei
768 3131 904 3184 gratia
926 3129 1219 3171 Romanorum
1243 3130 1475 3185 imperator
1498 3143 1669 3185 semper
1691 3133 1916 3184 augustus,
1950 3129 2188 3171 Ierusalem
2211 3132 2254 3170 et
2278 3128 2423 3170 Sicilie

244 3213 318 3238 rex
351 3198 503 3238 dilecto
538 3199 673 3238 amico
708 3213 782 3239 suo
817 3199 1019 3252 magistro
1053 3198 1105 3239 R.
1138 3198 1371 3240 venerabili
1406 3197 1596 3239 Ostiensi
1629 3202 1672 3238 et
1694 3197 1956 3239 Velletrensi
1989 3198 2124 3239 electo
2159 3198 2342 3239 salutem
2375 3200 2418 3238 et

245 3267 407 3306 sincere
442 3266 680 3306 dilectionis
713 3266 926 3307 affectum.

387 3334 646 3388 Recepimus
688 3349 824 3390 nuper
863 3336 1120 3389 apostolicas
1161 3335 1327 3376 litteras
1367 3337 1639 3376 continentes
1673 3335 1984 3376 ordinationem
2028 3335 2182 3376 summi
2214 3333 2425 3388 pontificis

245 3403 458 3456 provisam
494 3416 623 3456 super
647 3403 1025 3457 compromissione
1049 3403 1147 3444 olim
1171 3403 1285 3444 facta
1307 3404 1349 3443 in
1372 3403 1575 3444 Iacobum
1598 3403 1889 3449 venerabilem
1911 3403 2216 3444 Penestrinum
2241 3401 2427 3442 electum

385 3502 466 3536 178.
500 3505 530 3543 ³)
557 3506 712 3536 Letcrani
738 3516 761 3536 c.

383 3558 467 3592 179.
501 3564 531 3599 ⁸)
557 3562 645 3592 facte
672 3572 697 3591 c.

385 3651 416 3692 l)
448 3648 499 3689 (fs.
530 3648 733 3691 Roclenbery
759 3649 790 3691 l,
816 3653 881 3682 443
904 3659 959 3683 nr.
980 3654 1058 3683 548.

1176 3652 1212 3694 2)
1240 3652 1293 3694 (If.
1317 3652 1395 3686 ibid.
1417 3653 1482 3683 443
1505 3660 1561 3683 'mu
1583 3654 1657 3687 549.

2457 913 2490 937 10

2458 1340 2489 1365 15

2459 1716 2492 1741 20

2461 2056 2492 2082 25

2458 2403 2490 2428 30

2459 2831 2491 2856 35

2457 3214 2490 3240 40
