2558 3970
88 1257 119 1281 lo

85 1604 115 1627 15

81 1951 115 1976 20

91 2642 124 2667 30

92 2987 124 3012 35

93 3367 128 3392 40

96 3697 130 3724 45

291 145 571 180 ALEXANDRI
599 144 656 178 [V.
684 144 911 178 EPIST.A1›
937 145 1220 179 lthllAltlu'M
1252 146 1353 180 ltEG.
1376 146 1433 179 1¹1¹]
1455 146 1612 180 ELEv'l'.
1641 146 1870 180 lusiwutlu.
1912 148 2007 180 12:3⁸.
2050 147 2109 180 ΧΓ.
2129 147 2206 180 402.
2266 150 2343 186 517

751 382 882 451 402.
940 381 1577 451 AJAEXANDIM
1639 381 1751 452 [V.

317 482 844 554 EPISTULA
895 484 1035 554 ΑΙ)
1091 484 1749 554 ΗΙΟΙΙΛΙΗΗΤΜ
1812 485 2172 554 ubuum

541 587 683 657 DE
735 587 1356 658 ELECTIONE
1411 588 1955 657 inscensu.

1077 713 1136 769 (c.
1173 713 1315 760 1238.
1345 713 1430 766 iu.)

297 845 494 886 Sistae'mus
519 857 539 882 e
574 844 614 899 1)
637 844 768 885 codiee
797 844 1123 898 l‘l'e'llwrae’nyr’nse'
1144 858 1253 898 pars
1275 846 1309 895 J,
1334 859 1398 887 nr.
1424 850 1460 890 li.
1493 860 1608 898 quem
1633 845 1879 897 «urrmplaril
1908 844 2063 892 (mmet,
2086 847 2121 883 1¹!
2155 848 2196 889 2)
2221 843 2350 882 rodim·

165 914 470 956 Vimlobowfnse'
492 914 575 951 :390
606 912 781 965 (Philol.
805 915 911 962 30³3)
937 914 1018 968 fol.
1039 916 1095 952 39
1127 930 1190 967 ‘'I’·
1212 918 1274 964 10,
1313 928 1430 967 quem
1461 914 1710 966 1‘.1·a·mJtlm·il
1746 913 1997 956 (luhlhmm,
2031 913 2255 964 ›vu-aquosi!
2291 913 2352 951 rit·

153 985 202 1027 cl.
232 982 510 1026 Waltenbaeh.
572 982 643 1023 Ει·
674 982 857 1034 evemplo
891 983 1221 1024 (loldlmmzimzo
1254 999 1386 1036 wwm·
1417 999 1503 1023 mm
1537 984 1664 1022 adiali!
1696 983 1988 1024 ll'ivkrlmunn
2014 981 2349 1031 ⁴illilllm'lmimwi

152 1053 221 1093 (les
250 1053 447 1095 Instituts
473 1052 554 1106 fiir
584 1051 912 1092 iislerrcirleischc
938 1052 1411 1105 (lesclee'elaet.s·s'm·sr·lemess
1436 1053 1506 1093 XI
1522 1052 1561 1095 Γ,
1585 1055 1650 1094 ,⁴1st
1707 1051 1768 1092 lh*
1799 1058 1973 1102 mulum-r»
2002 1052 2056 1104 ιγ’,
2080 1051 2248 1089 notitias
2274 1050 2352 1088 riri

152 1123 201 1164 (Ἰ.
234 1121 532 1165 IsVinkel-mamz
565 1120 611 1161 in
645 1119 833 1173 Reqestth
863 1121 1042 1172 imperii.
1079 1147 1127 1151 —-
1162 1122 1357 1170 Ildlaemer,
1391 1122 1490 1174 Iesu.
1524 1123 1620 1175 imp.
1655 1121 1839 1169 1391-10.
1976 1120 2211 1171 (lidi-11⁸1.)

302 1235 556 1278 Alexander
588 1239 670 1277 ete.
706 1237 797 1291 regi
830 1235 1082 1293 R(iehardo)
1116 1243 1198 1279 etc.

296 1305 361 1361 (1)
395 1305 445 1346 In
479 1318 681 1361 supremo
715 1306 1025 1360 speculationis
1060 1308 1240 1352 vertice,
1282 1308 1349 1347 eui
1384 1321 1462 1347 nos
1495 1306 1597 1347 lieet
1629 1305 1827 1361 indiguos
1861 1305 2098 1361 apostolice
2132 1304 2353 1357 diguitatis

153 1376 314 1432 gradus
347 1374 538 1432 pretulit,
573 1374 798 1415 constituti
823 1376 1014 1430 cogimur
1045 1377 1247 1417 universa
1271 1376 1391 1417 ferea
1424 1377 1550 1420 mala,
1584 1375 1738 1431 quibus
1769 1380 1977 1416 terrarum
2004 1374 2117 1414 orbis
2141 1373 2354 1413 atteritur.

152 1446 274 1502 quasi
307 1445 465 1486 nostris
499 1444 694 1485 subiecta
726 1445 1032 1500 conspectibus
1066 1445 1242 1491 intueri,
1276 1445 1543 1486 subditorum
1582 1444 1848 1485 incommoda
1884 1459 1937 1483 ex
1972 1444 2112 1484 animo
2146 1443 2350 1497 compati-

151 1515 261 1557 endo
295 1514 476 1558 sentire,
517 1513 658 1554 aliena
691 1514 812 1568 quasi
846 1513 968 1554 nobis
1003 1515 1108 1570 ipsis
1142 1515 1410 1556 imminentia
1442 1514 1674 1555 formidare
1709 1514 1916 1568 pericula.
1952 1511 2180 1553 sollerterb
2214 1512 2352 1551 inten-

154 1585 256 1627 dere
298 1583 486 1640 pavidis,
533 1583 607 1624 sed
650 1583 875 1624 sollicitius
913 1588 1110 1625 metuere
1152 1584 1388 1640 inprovidis
1431 1589 1473 1625 et
1514 1585 1695 1628 securis,
1739 1598 1842 1638 quos
1887 1595 2205 1636 nonnumquam
2252 1581 2353 1620 irre-

152 1653 455 1696 mediabiliusc
487 1651 691 1709 inopinad
727 1652 976 1694 discrimina
1000 1654 1249 1696 obruerunt.
1302 1653 1371 1694 Ex
1395 1653 1474 1694 hoe
1500 1668 1643 1695 verani
1669 1658 1711 1694 et
1742 1652 2083 1707 irrefragabilem
2111 1650 2356 1705 experimur

153 1723 424 1765 auctoritatis
457 1722 550 1764 fore
585 1722 865 1773 sententiam,
910 1736 1036 1764 omne
1070 1723 1182 1779 quod
1214 1724 1282 1764 hic
1316 1724 1475 1765 eminet
1514 1724 1610 1779 plus
1644 1722 1880 1764 meroribus
1914 1721 2024 1761 affici
2059 1734 2183 1775 quam
2218 1719 2353 1759 hono-

152 1792 270 1834 ribus
310 1792 546 1834 iocundari.
611 1791 726 1833 Eece
759 1791 860 1833 dum
894 1806 948 1834 cx
990 1793 1071 1834 hac
1104 1793 1362 1835 celsitudine
1394 1792 1584 1848 undique
1618 1791 1773 1847 trepidi
1807 1790 2197 1845 circumspicimus,
2244 1786 2356 1842 quod

154 1861 207 1903 ad
243 1861 454 1903 ultionem
494 1861 746 1917 peccatricis
780 1862 919 1903 earnis
952 1867 1142 1903 armetur
1181 1863 1326 1904 iaculis
1366 1861 1604 1917 indignatio
1638 1862 1695 1902 ire
1729 1861 1832 1911 Dei,
1872 1859 2168 1916 peccantium⁰
2201 1855 2353 1896 audaci

153 1936 388 1988 provocata
420 1934 683 1986 contemptu,
717 1935 760 1972 et
791 1931 980 1972 animum
1015 1932 1199 1973 conterit
1230 1933 1369 1973 iustus
1394 1931 1517 1972 dolor
1539 1935 1582 1972 et
1612 1944 1784 1972 sensum
1809 1929 2011 1985 opprimit
2036 1927 2191 1983 dignus
2215 1926 2356 1967 timor.

154 2000 342 2042 maxime
375 2013 472 2041 cum
506 1998 665 2055 stupidi
699 1999 896 2041 homines
921 2000 981 2041 sic
1007 2000 1234 2042 videantur
1265 2001 1448 2052 attoniti,
1482 2005 1528 2041 ut
1560 2000 1753 2055 percussi
1784 2012 1865 2039 non
1890 1997 2082 2041 doleant,
2116 1994 2354 2051 perterritis

156 2084 240 2112 non
283 2076 534 2126 pavescant.
605 2068 694 2111 Sed
737 2069 947 2111 indomita
985 2069 1325 2112 imbecillitatisg
1355 2070 1541 2111 humane
1582 2068 1813 2125 superbia¹¹
1848 2066 2149 2109 insatiabiliter
2182 2065 2284 2105 furit
2317 2064 2356 2104 iu

157 2139 427 2195 sanguinem,
456 2137 787 2194 implacabiliter
810 2138 962 2195 spirati
985 2139 1026 2180 in
1051 2139 1201 2181 cedem
1226 2144 1270 2182 et
1297 2139 1594 2181 insanabiliter
1617 2137 1777 2194 gestitk
1802 2138 1843 2178 in
1867 2141 2060 2177 mortem.
2151 2134 2216 2189 (2)
2250 2133 2356 2174 I'bi-

156 2223 238 2264 que
272 2207 485 2250 dolemus¹
518 2207 724 2263 plurimos
757 2207 975 2249 hominum
1010 2209 1052 2250 in
1083 2209 1456 2251 concertationism
1490 2209 1641 2250 insane
1674 2207 1950 2263 prorupisse¹¹
1975 2203 2251 2246 dementiam.
2286 2202 2356 2257 qui

113 2307 120 2321 ‚
158 2279 294 2334 gratis
327 2291 478 2334 pacem
513 2277 664 2319 odiunt
705 2277 913 2319 socialem
956 2278 1155 2320 omnibus
1195 2278 1326 2320 rebus
1359 2277 1661 2320 aeeomodam⁰
1694 2280 1738 2318 et
1770 2276 1935 2317 alterno
1970 2273 2194 2315 studentes
2228 2271 2359 2312 exitio

157 2352 307 2389 contra
349 2347 534 2390 salutem
573 2351 616 2389 et
646 2347 777 2388 vitam
812 2346 1014 2388 videntur
1050 2347 1182 2402 impie
1222 2347 1497 2403 conspirasse
1541 2360 1636 2387 cum
1677 2350 1828 2386 morte.
1900 2342 1982 2385 Sed
2025 2342 2150 2382 illasp
2188 2340 2358 2381 dissen-

157 2418 354 2459 sionumq
385 2421 533 2473 pestes
566 2416 832 2457 amarissimo
864 2416 1123 2458 miseramur
1155 2416 1328 2466 affectu,
1364 2416 1517 2472 quibus
1541 2415 1760 2456 videmusr
1792 2413 1958 2469 imperii
1983 2410 2164 2453 Romani
2190 2408 2358 2449 viscera

156 2487 326 2530 laniari.
386 2486 437 2528 In
470 2499 554 2542 quo
587 2485 797 2527 adversus
830 2485 943 2527 mala
975 2499 1246 2541 quecumque
1271 2485 1518 2527 christianis
1552 2484 1721 2541 populis
1746 2482 2032 2524 communiter
2063 2477 2353 2535 impendentia

158 2557 411 2613 precipuum
436 2559 658 2612 oporteret
680 2553 920 2611 presidium
943 2555 1138 2597 inveniri.
1250 2554 1314 2610 (3)
1347 2554 1563 2609 Recogita
1586 2553 1713 2595 eorde
1735 2565 1983 2608 quesumus,
2016 2550 2073 2590 fili
2098 2548 2357 2596 carissime’·,

161 2630 204 2668 et
240 2625 493 2682 conpatiens
533 2624 702 2680 suspira
742 2623 990 2676 nobiseum,
1033 2638 1161 2680 quam
1199 2623 1439 2679 periculose
1474 2624 1587 2665 inter
1618 2622 1815 2664 difficiles
1849 2625 1991 2662 motus
2025 2618 2140 2660 orbis
2175 2617 2359 2657 iactatur

158 2696 346 2738 humana
386 2695 649 2745 mortalitas,
690 2708 822 2749 grave
857 2693 1025 2735 factura
1060 2694 1354 2749 naufragium,
1399 2694 1483 2735 nisi
1515 2693 1620 2735 Deit
1652 2692 1824 2748 spiritus
1859 2687 2156 2732 communibus
2190 2685 2358 2741 pericli-

159 2766 339 2807 tantium
365 2764 573 2820 suspiriis,
606 2768 654 2805 ut
676 2762 870 2805 adversis
900 2763 1083 2819 imperet
1111 2763 1300 2816 flatibus,
1334 2763 1581 2805 suscitetur.
1633 2761 1742 2803 His¹¹
1775 2773 1929 2815 nempe
1954 2758 2126 2800 collisav
2155 2754 2321 2796 divulse
2335 2760 2359 2775 W

157 2835 296 2891 plebis
329 2834 578 2891 expectatio
610 2833 665 2875 ad
696 2832 870 2889 aliquod
902 2833 1228 2889 tranquillitatis
1262 2833 1535 2875 commodum
1568 2830 1836 2887 suspirabat:
1869 2827 1981 2884 quod
2014 2826 2175 2881 utique,
2209 2824 2243 2864 si
2279 2837 2357 2864 un-

161 2904 399 2946 animitatis
433 2908 561 2945 vota¹
591 2902 834 2958 principum
865 2903 1000 2958 ipsius
1022 2903 1188 2959 imperii
1214 2907 1508 2945 coartassenty
1540 2902 1721 2943 affectus
1746 2904 1788 2942 et
1811 2900 1853 2940 in
1876 2896 2216 2953 singularitatem
2241 2906 2356 2933 eom-

161 2974 302 3016 munis
335 2973 490 3030 capitis
513 2973 834 3025 convenissent,
868 2986 917 3014 ac
948 2985 1026 3028 per
1057 2972 1138 3014 hoe
1162 2971 1455 3029 discrepantia
1486 2970 1729 3027 languentis
1758 2968 1926 3024 imperii
1949 2965 2141 3008 membra
2164 2964 2205 3004 in
2228 2962 2354 3002 unius

161 3043 516 3085 exsurrexissent
546 3042 729 3084 formam
764 3042 978 3097 corporis,
1013 3041 1282 3097 sperabatur.
1345 3041 1431 3084 Sed
1463 3055 1615 3097 pacem
1648 3037 1947 3080 invocantibus
1980 3034 2086 3091 proh
2120 3032 2240 3073 dolor
2272 3044 2356 3086 pax

160 3128 245 3156 non
278 3113 397 3155 venit
429 3117 472 3154 et
502 3112 616 3154 bona
648 3110 934 3167 querentibus
962 3111 1144 3153 materia
1165 3112 1424 3154 turbationis
1447 3110 1642 3162 increvit,
1674 3109 1775 3150 dum
1798 3107 1935 3149 effusa
1963 3102 2206 3146 contentioz
2230 3113 2359 3155 super

162 3182 338 3225 eosdem
368 3182 582 3238 principes
614 3181 892 3237 ipsorumque
923 3179 966 3220 in
989 3179 1161 3222 diversa
1183 3180 1385 3223 dissectio
1415 3180 1573 3236 ubique
1605 3180 1701 3235 plus
1724 3191 1851 3233 quam
1877 3175 2019 3216 civilia
2044 3171 2159 3213 bella
2175 3171 2187 3195 ¹
2212 3169 2358 3211 movit.

161 3252 278 3294 Hinc
300 3251 509 3307 siquidem
530 3251 575 3292 in
597 3250 767 3306 populis
787 3249 1044 3291 seditionum
1071 3249 1287 3300 scismata,
1310 3249 1509 3292 incendia
1531 3249 1836 3296 simultatumfl,
1862 3244 2129 3285 irritamenta
2147 3239 2355 3280 bellorum

299 3365 398 3410 4022
423 3367 454 3409 ³)
479 3368 567 3400 ferre
593 3365 622 3399 1-
755 3365 788 3407 b)
820 3366 962 3399 solerter
989 3364 1018 3398 1.
1152 3364 1183 3407 c)
1215 3365 1473 3397 irremediabilis
1501 3364 1530 3397 1.
1664 3361 1697 3404 d)
1725 3362 1839 3404 inopia
1865 3360 1893 3392 2.
2033 3360 2063 3399 e)
2091 3355 2298 3399 precantium
2330 3353 2358 3386 1.

161 3424 193 3470 f)
219 3431 252 3459 et
275 3426 382 3459 territi
407 3424 440 3459 2.
556 3424 590 3466 g)
616 3423 892 3457 imbelliciditatis
917 3421 948 3455 2.
1056 3420 1090 3462 h)
1116 3423 1279 3455 suberbia.
1303 3422 1334 3454 2.
1442 3420 1464 3462 ¹')
1490 3422 1593 3464 spiret
1618 3419 1648 3452 2.
1756 3417 1789 3459 k)
1813 3422 1924 3460 gestat
1951 3417 1982 3448 2.
2089 3411 2114 3453 ¹)
2140 3413 2302 3445 debemus
2326 3414 2359 3443 2.

161 3483 205 3525 ¹¹¹)
241 3483 500 3516 contricacionis
524 3482 557 3516 2.
696 3481 730 3525 n)
767 3481 960 3525 prerupisse
987 3480 1016 3513 l.
1159 3480 1191 3521 0)
1230 3481 1488 3513 accomodalnus
1513 3479 1543 3511 ⁶2.
1670 3476 1703 3519 1³)
1740 3476 1815 3508 illos
1840 3474 1871 3507 2.
1990 3473 2022 3511 ‘1)
2060 3470 2300 3502 ‹li-<sessionum
2326 3467 2356 3500 ‘2-

161 3541 189 3583 ¹')
214 3542 372 3575 videmur
395 3540 426 3575 2.
544 3540 570 3582 ³)
595 3541 669 3573 kar.
695 3550 825 3581 semper
851 3537 882 3572 2.
1001 3537 1028 3578 t)
1054 3538 1179 3570 domini
1204 3537 1235 3570 2.
1355 3537 1389 3578 ι1)
1416 3538 1493 3569 Hiis
1516 3547 1646 3578 semper
1671 3534 1702 3567 2.
1814 3532 1846 3573 ν’)
1873 3531 1961 3564 deest
1989 3529 2017 3562 l.
2128 3528 2168 3568 w)
2193 3527 2300 3558 divise
2327 3526 2358 3557 2.

161 3599 196 3640 x)
223 3604 304 3632 nota
328 3598 359 3631 2.
477 3597 510 3640 δ’)
536 3602 747 3631 eoartassent
771 3615 815 3619 ——
840 3596 970 3639 imperii
995 3595 1064 3627 des.
1083 3593 1116 3627 2.
1233 3596 1263 3635 z)
1292 3595 1432 3627 intentio
1459 3593 1488 3626 1.
1607 3594 1638 3633 a)
1665 3592 1692 3624 si
1719 3590 1902 3623 multorum
1931 3587 1961 3620 1.

304 3690 338 3731 1)
366 3687 419 3731 Of.
445 3688 588 3723 Lucan.
614 3687 743 3722 Phara.
770 3687 801 3730 I,
820 3692 848 3721 1.
