2558 3970
113 575 128 599 5

98 917 130 942 lo

96 1261 128 1286 15

96 1605 129 1630 20

95 1949 127 1974 25

96 2299 129 2324 30

98 2640 130 2666 35

98 2989 132 3015 40

671 165 887 198 ahimam
917 158 1054 199 aneis·
1081 164 1510 199 fflJNS'l‘l'r[quom-js.
1565 168 1660 201 1223.
1711 168 1868 202 Nreso.
2283 174 2363 210 395

310 284 349 322 6.
392 279 437 319 Si
471 293 572 320 vero
616 280 765 334 aliquis
807 282 847 320 in
883 280 1033 320 (liebus
1074 281 1174 321 illis.
1217 280 1371 334 quibus·
1414 280 1579 321 hostem
1614 296 1735 322 suum
1780 282 1923 322 ledere
1958 289 2098 338 potest
2133 285 2363 339 quispiam.

166 349 334 391 hostem
366 362 488 390 suum
522 349 765 404 insequitur
796 354 838 389 ct
879 349 1127 390 dextrarius
1161 354 1309 390 contra
1345 351 1609 391 voluntatem
1644 364 1763 391 suam
1810 352 1920 392 infra
1953 366 2099 407 sepem
2135 352 2232 393 ville
2267 366 2362 393 eum

166 417 411 473 pertulerit,
453 422 495 458 et
535 418 569 458 si
611 417 764 459 timore
806 432 987 472 persone
1029 418 1171 458 statim
1214 418 1252 458 in
1287 417 1437 459 cadem
1474 419 1574 459 villa
1607 419 1748 460 iurare
1782 434 1862 460 non
1898 420 2049 463 audet,
2091 421 2365 477 postmodum

168 500 310 528 coram
343 485 495 534 iudice,
530 485 644 540 quod
677 500 759 527 non
795 486 1041 527 voluntarie
1076 487 1314 535 intraverit,
1351 487 1521 528 iurabit.

313 557 349 598 7.
382 554 548 610 Raptus
582 556 672 596 sive
707 556 932 611 oppressio
968 556 1144 610 virginis
1180 555 1246 595 vel
1283 556 1471 596 mulieris
1507 570 1582 611 per
1605 557 1759 611 capitis
1784 557 2124 599 decollacionem
2150 559 2366 614 punietur.
2382 570 2413 596 S·
2433 569 2556 601 ΝΛΜ.

309 626 348 666 8.
380 623 545 676 Viator,
578 626 619 665 in
654 625 721 665 via
755 639 884 665 unum
919 624 1071 680 pedem
1107 631 1274 670 tenens,
1309 638 1418 678 equo
1454 638 1530 664 suo
1565 632 1738 679 segetes
1772 626 1931 679 gladio.
1966 628 2139 668 cultello
2166 628 2229 668 vel
2258 628 2365 668 falce
2383 638 2519 665 5¹¹.ssss-

165 698 307 749 potest
338 693 527 734 incidere
561 699 601 733 et
636 707 790 748 equum
826 707 950 734 suum
985 694 1145 734 fessum
1180 693 1370 737 reticere,
1408 694 1463 732 ita
1490 693 1603 747 quod
1638 694 1767 734 nichil
1792 695 1889 736 inde
1914 695 2093 737 deserat.
2152 696 2195 736 Si
2221 702 2363 738 autem

165 767 338 817 segetes
371 762 496 803 aliter
528 762 726 804 inciderit
758 763 826 803 vel
861 761 1022 816 aliquid
1059 761 1158 802 inde
1193 761 1411 810 detulerit,
1448 776 1599 816 pacem
1636 762 1824 814 violavit,
1859 765 1925 804 fur
1959 765 2257 819 suspendetur.

306 831 346 872 9.
378 829 462 877 Qui
495 831 625 872 alium
659 831 769 872 clam
802 830 1020 882 occiderit,
1055 830 1165 885 quod
1199 829 1321 870 mord
1355 829 1523 874 dicitur,
1561 831 1600 870 in
1637 836 1729 871 rota
1762 834 1974 886 punietur.
2384 843 2549 870 suum

314 902 375 941 10.
410 898 664 954 Quicunque
697 899 749 941 de
783 913 832 940 eo
867 899 978 954 quod
1013 899 1146 940 schah
1187 899 1344 940 dicitur
1375 898 1429 939 ab
1463 899 1604 954 aliquo
1639 900 1872 955 impetitur,
1920 903 1960 942 in
1994 917 2177 957 persona
2211 917 2285 944 sua
2321 919 2366 943 sc

163 967 368 1010 defendet
401 968 466 1009 vel
499 969 758 1009 sententiam
792 967 945 1009 iudicis
980 968 1227 1008 sustinebit.

313 1041 373 1078 ll.
416 1037 570 1078 Nullus
616 1052 640 1078 a
682 1038 962 1092 possessione
1007 1051 1149 1078 rerum
1202 1051 1308 1092 quas
1354 1037 1549 1091 possidet
1598 1038 1789 1089 cicietur,
1840 1039 1920 1079 nisi
1963 1041 2181 1094 possessio
2227 1041 2278 1081 ab
2320 1055 2522 1082 cosmum

165 1107 398 1148 evincatur.

315 1178 376 1217 12.
409 1174 664 1231 Quicunque
697 1190 851 1232 pacem
886 1176 926 1216 in
961 1190 1006 1217 se
1041 1176 1128 1217 ledi
1162 1175 1460 1231 proclamabit,
1495 1176 1575 1216 nisi
1611 1176 1651 1216 in
1688 1177 2025 1231 proclamatione
2052 1183 2151 1219 ante
2187 1178 2369 1220 iudicem

164 1245 465 1302 permanserit,
497 1258 648 1300 pacem
683 1246 869 1287 violavit.

316 1316 377 1357 13.
418 1314 463 1356 Si
506 1315 601 1370 quis
641 1315 818 1370 predam
863 1316 1033 1359 feeerit,
1081 1315 1258 1371 predam
1294 1329 1389 1356 cum
1435 1315 1676 1356 iuramento
1710 1314 1861 1356 reddet
1893 1321 1936 1356 et
1967 1316 2096 1357 iudici
2131 1317 2368 1359 secundum

166 1385 380 1426 iusticiam
415 1388 657 1440 componet,
691 1385 758 1426 vel
793 1385 1035 1427 iuramento
1069 1399 1115 1426 se
1149 1384 1425 1440 expurgabit,
1461 1384 1574 1439 quod
1608 1384 1786 1439 predam
1820 1399 1903 1425 non
1937 1386 2099 1426 fecerit.

313 1456 376 1496 14.
410 1453 455 1495 Si
487 1454 582 1509 quis
614 1468 689 1508 pro
723 1454 902 1495 alicuius
935 1454 1203 1509 querimonia
1238 1457 1416 1494 vocatur
1448 1468 1472 1493 a
1504 1452 1654 1504 iudice,
1689 1454 1835 1508 plures
1870 1468 2015 1495 secum
2050 1460 2150 1496 ante
2184 1455 2367 1496 iudicem
2387 1467 2521 1497 sirm.

165 1522 325 1565 ducere
358 1536 440 1563 non
475 1522 606 1564 debet
637 1537 763 1577 quam
787 1523 930 1574 XXX,
964 1524 1033 1578 qui
1069 1523 1186 1564 nulla
1218 1536 1336 1564 arma
1370 1526 1518 1577 preter
1541 1522 1709 1577 gladios
1744 1523 1985 1565 habebunt:
2021 1524 2218 1565 similiter
2240 1525 2371 1566 faciet

167 1597 300 1634 actor.
362 1591 503 1634 Iudex
537 1596 681 1634 autem
715 1597 817 1647 quot
850 1593 936 1634 volt
970 1606 1064 1634 cum
1099 1593 1229 1633 armis
1262 1591 1394 1633 debet
1427 1591 1602 1633 habere.

308 1663 373 1702 15.
407 1661 670 1706 Servientes,
695 1662 766 1716 qui
788 1662 943 1703 loricas
968 1666 1009 1702 et
1035 1675 1155 1703 arma
1178 1661 1349 1711 ducent,
1374 1661 1605 1716 proscripti
1632 1666 1729 1701 sunt
1753 1666 1791 1701 ct
1816 1662 1926 1703 sicut
1956 1663 2182 1718 proscripti
2207 1663 2367 1704 iudica-
2387 1673 2551 1705 8.11.71,2

161 1730 333 1782 buntur,
358 1734 400 1772 et
422 1731 480 1771 sie
505 1744 648 1772 coram
672 1730 830 1782 iudice,
853 1735 1087 1786 antequam
1112 1729 1509 1786 deprehendantur.
1535 1731 1690 1771 iurent.
1722 1730 1834 1785 quod
1860 1732 1988 1772 nullis
2013 1732 2141 1772 armis
2164 1731 2369 1787 deinceps

160 1803 338 1840 utantur
368 1803 645 1855 preterquam
677 1800 831 1855 gladiis
863 1801 974 1841 sicut
1006 1800 1079 1841 alii
1112 1801 1354 1842 servientes
1374 1800 1400 1842 ¹.

311 1870 372 1910 16.
406 1868 704 1910 Incendiarius
739 1883 833 1910 cum
869 1883 914 1910 se
949 1871 1145 1925 septimo,
1180 1870 1250 1924 qui
1283 1870 1350 1910 ius
1385 1884 1509 1911 suum
1544 1870 1752 1919 habeant,
1789 1884 1931 1911 coram
1965 1870 2142 1921 comite,
2176 1871 2217 1911 in
2251 1870 2372 1911 cuius

166 1937 358 1979 comecia
389 1937 503 1979 bona
532 1938 735 1988 incendit,
770 1939 882 1994 quod
906 1938 1153 1980 incendium
1177 1953 1259 1979 non
1283 1939 1449 1990 fecerit,
1483 1939 1654 1981 iurabit.
1709 1938 1834 1986 Quod
1859 1939 1894 1979 si
1918 1953 2004 1980 non
2027 1939 2192 1991 fecerit,
2227 1953 2372 1981 comes

164 2005 461 2049 denunctiabit
492 2019 590 2047 eum
624 2010 667 2047 ct
698 2020 907 2062 sequaces
942 2021 1041 2048 suos
1075 2008 1117 2048 in
1150 2007 1496 2063 proscripcionef
1528 2007 1689 2049 domini
1722 2008 2007 2063 imperatoriS,
2041 2013 2084 2049 et
2117 2016 2190 2049 se8
2222 2022 2247 2049 a
2269 2022 2367 2064 pro-

165 2074 434 2131 scripcioneh
467 2089 551 2117 non
584 2075 782 2117 absolvet
814 2076 898 2117 nisi
930 2089 1006 2131 per
1039 2076 1257 2117 dominum
1291 2077 1614 2132 imperatorem.

312 2145 375 2184 17.
407 2143 538 2185 Nulla
568 2157 694 2199 reysa
726 2144 812 2185 fiet.
877 2144 922 2186 Si
956 2149 1100 2186 autem
1145 2159 1273 2200 reysa
1305 2146 1421 2187 facta
1453 2145 1603 2197 fuerit,
1646 2146 1700 2190 is,
1735 2145 1805 2200 qui
1837 2145 2070 2201 dampnum
2104 2161 2258 2201 passus
2294 2151 2373 2195 est,

164 2213 309 2254 veniet
349 2212 404 2254 ad
443 2213 749 2268 imperatorem
784 2214 851 2254 vel
893 2213 946 2254 ad
988 2213 1175 2256 iudicem
1221 2215 1334 2255 illius
1375 2215 1563 2270 regionis
1607 2219 1650 2255 et
1688 2215 1843 2256 afferet
1884 2215 2057 2256 nomina
2091 2229 2257 2267 eorum,
2301 2217 2371 2271 qui

165 2296 334 2338 reysam
368 2282 575 2333 fecerunt,
610 2283 770 2338 scripta
802 2283 868 2324 vel
901 2283 998 2324 viva
1031 2297 1133 2324 voce
1167 2298 1219 2325 ea
1251 2283 1550 2325 denunctiabit
1572 2288 1615 2325 et
1652 2283 1712 2324 illi
1737 2283 1985 2324 citabuntur
2006 2298 2083 2338 per
2105 2284 2243 2325 XIIII
2266 2284 2372 2326 dies.

165 2351 248 2399 Qui
279 2365 380 2393 vero
421 2365 504 2392 non
545 2352 758 2403 venerint,
792 2351 1190 2394 denunctiabuntur
1230 2353 1462 2408 proscripti
1502 2352 1555 2393 ab
1600 2353 1860 2407 imperatore
1894 2353 1963 2393 vel
2010 2368 2033 2393 a
2074 2352 2226 2394 iudice.
2290 2352 2373 2400 Qui

163 2434 264 2462 vero
297 2421 476 2462 veniunt
508 2424 551 2462 et
583 2434 754 2476 reysam
787 2435 833 2463 se
866 2421 1026 2463 fecisse
1059 2421 1264 2472 fatentur,
1301 2421 1574 2463 satisfaciant
1606 2421 1840 2476 dampnum
1875 2435 2003 2476 passo
2036 2426 2078 2462 et
2102 2421 2230 2462 iudici
2255 2435 2369 2462 com-

163 2495 339 2546 ponant.
401 2488 486 2537 Qui
516 2503 619 2530 vero
652 2503 738 2531 non
769 2490 973 2539 fatentur,
1008 2491 1316 2546 expurgabunt
1348 2506 1394 2533 se
1428 2505 1556 2532 manu
1591 2491 1778 2547 septima
1810 2489 2078 2545 ydoneorum
2111 2491 2309 2531 virorum.

315 2560 376 2601 18.
420 2557 466 2599 Si
503 2558 598 2613 quis
647 2563 793 2601 autem
833 2564 957 2601 extra
1001 2561 1207 2602 terminos
1255 2560 1370 2602 illius
1414 2561 1532 2616 pacis
1575 2573 1746 2614 reysam
1790 2559 1964 2609 fecerit,
2016 2559 2125 2600 infra
2163 2560 2368 2600 terminos

166 2627 292 2669 huius
332 2628 449 2683 pacis
490 2626 750 2669 iudicabitur
781 2632 828 2669 ut
860 2630 1125 2684 proscriptus
1160 2629 1397 2671 secundum
1437 2629 1616 2670 formam
1659 2628 1786 2669 huius
1818 2628 1960 2682 pacis.
2005 2628 2038 2668 si
2073 2627 2369 2683 deprehensus

163 2697 303 2738 fuerit.

312 2767 374 2807 19.
410 2764 456 2806 Si
488 2765 583 2820 quis
616 2770 761 2807 autem
793 2780 941 2807 eorum
974 2768 1180 2823 aliquem,
1229 2768 1300 2822 qui
1332 2767 1374 2807 in
1407 2781 1536 2822 reysa
1567 2766 1744 2815 fuerint,
1788 2764 2123 2820 deprehenderit
2156 2765 2366 2819 flagrante

164 2834 376 2876 maleficio
409 2838 451 2874 et
484 2848 629 2876 coram
662 2834 802 2877 iudice
835 2835 1019 2886 duxerit,
1053 2837 1088 2877 si
1121 2837 1304 2892 probare
1339 2836 1499 2891 poterit
1530 2850 1607 2890 per
1639 2834 1832 2890 ydoneos
1867 2839 2000 2875 testes
2035 2838 2218 2889 septem,
2252 2833 2366 2888 quod

165 2903 208 2943 in
240 2916 369 2958 reysa
400 2902 545 2954 fuerit,
578 2907 625 2944 ut
654 2903 918 2959 proscriptus
950 2904 1222 2946 iudicabitur.

310 2973 376 3013 20·
417 2971 500 3020 Qui
532 2986 632 3014 vero
664 2973 853 3028 aliquem
887 2987 1052 3024 eorum,
1095 2975 1167 3029 qui
1207 2975 1250 3014 in
1282 2987 1410 3029 reysa
1442 2973 1620 3022 fuerint,
1664 2970 1868 3012 occiderit
1900 2971 1967 3011 vel
2002 2970 2290 3011 volneraverit
2323 2974 2519 3011 ets.11.eo.

165 3040 209 3081 in
240 3054 415 3082 causam
445 3046 621 3097 propter
651 3042 732 3083 hoc
764 3046 927 3083 tractus
961 3043 1103 3093 fuerit,
1138 3044 1172 3083 si
1205 3057 1336 3084 manu
1368 3042 1552 3097 septima
1583 3040 1765 3095 probare
1799 3039 1998 3094 potuerit,
2032 3039 2151 3079 illum
2175 3039 2217 3079 in
2242 3052 2367 3094 reysa

164 3108 314 3161 fuisse,
347 3123 478 3166 super
507 3110 590 3152 hoc
621 3124 706 3152 non
739 3115 939 3152 teneatur
971 3111 1250 3166 respondere.

306 3179 376 3221 21.
414 3178 523 3220 Cum
552 3193 641 3235 pax
671 3180 832 3221 violata
875 3179 1006 3220 fuerit
1037 3184 1080 3221 et
1118 3179 1278 3221 clamor
1317 3179 1595 3234 sequencium
1628 3182 1744 3218 ortus
1778 3176 1926 3227 fuerit,
1968 3179 2169 3216 tenentur
2202 3189 2365 3227 omnes,
2383 3186 2551 3218 snam.

167 3245 221 3287 ad
253 3260 357 3302 quos
390 3247 550 3289 clamor
580 3247 858 3304 perveneriti,
900 3248 1021 3303 sequi
1055 3262 1151 3289 cum
1185 3249 1334 3300 armis,
1369 3249 1404 3288 si
1438 3261 1546 3303 opus
1579 3245 1709 3287 fuerit
1740 3258 1816 3299 per
1848 3243 2035 3284 triduum
2068 3244 2252 3298 propriis
2286 3258 2364 3285 ex—

167 3315 327 3369 pensis,
359 3320 505 3372 preter
537 3317 746 3372 agricolas
780 3320 822 3358 et
854 3317 1042 3359 cultores
1075 3318 1312 3360 vinearum.
1374 3315 1500 3364 Quod
1532 3315 1603 3370 qui
1636 3328 1721 3355 non
1751 3312 1917 3363 fecerit,
1953 3317 2184 3367 componet
2207 3326 2363 3368 penam
2382 3322 2543 3355 S‹1‚⁵³‚1·

170 3382 310 3425 iudici.

305 3498 392 3534 280·
427 3501 456 3541 e)
483 3501 662 3544 leyestdum
686 3513 755 3535 esse
780 3502 910 3535 videtur
937 3503 1013 3536 nisi.
1132 3501 1162 3543 s)
1189 3502 1430 3545 prosecucione
1455 3501 1528 3532 cod.
1646 3498 1678 3541 8)
1704 3503 1737 3530 et
1761 3508 1797 3529 se
1823 3502 1856 3529 et
1880 3496 1970 3536 cod.;
1995 3496 2092 3537 forte
2118 3495 2293 3537 legendum
2321 3501 2367 3527 est

170 3560 203 3589 et
227 3562 340 3591 semet.
414 3557 446 3599 h)
473 3560 713 3601 prosecucione
732 3559 822 3598 cod.;
848 3571 912 3592 vooe
936 3561 1073 3602 domini,
1099 3571 1184 3602 quae
1208 3560 1245 3592 in
1270 3559 1414 3592 editione
1434 3558 1592 3601 principe
1617 3556 1777 3597 sequitur,
1801 3553 1891 3586 deest
1908 3551 1981 3585 cod.
2053 3550 2078 3593 i)
2103 3552 2271 3595 prouen'it
2292 3552 2366 3585 cod.

307 3671 342 3714 1)
371 3669 629 3713 Conferendum
653 3682 723 3706 esse
747 3683 776 3707 c.
790 3677 830 3707 31
855 3673 962 3707 Pacis
988 3672 1200 3707 Bawaricae
1225 3684 1257 3706 α.
1278 3676 1366 3707 1244
1390 3670 1527 3705 monuit
1552 3669 1603 3704 vio·
1627 3668 1666 3703 cl.
1693 3665 1896 3702 Richardus
1920 3664 2104 3708 Loem'nffl
2130 3676 2157 3699 υ.
2184 3664 2295 3705 infra.

2024 3726 2093 3761 50*
