2558 3970
200 134 282 175 288
735 131 976 165 FR-IDERICI
1002 131 1045 165 11.
1073 129 1500 165 CONSTITUTIONES.
1551 131 1649 165 1239.
1698 130 1761 165 Nr.
1778 131 1854 166 213.

202 247 372 287 inducta
385 254 402 269 v
426 246 690 301 temporibus
715 245 1050 286 illandavimusw
1073 244 1320 286 inserenda:
1354 244 1557 286 videlicet
1580 245 1690 299 quod
1715 246 1971 301 quicumque
1996 246 2188 301 predicto
2211 246 2389 288 crimine

201 315 367 356 delatus
401 315 621 355 extiteritx
655 318 697 355 et
730 328 872 354 coram
897 314 1019 354 nobis
1044 318 1118 354 aut
1141 314 1312 354 vicariis
1342 314 1499 355 nostris
1523 315 1768 368 neglexerit
1791 328 2041 370 comparere
2065 319 2138 356 aut
2159 319 2391 370 propterea

200 383 385 423 bannum
419 387 561 423 nostre
603 383 841 424 maiestatis
886 382 1134 432 incurrerit,
1178 382 1410 423 bannitusy
1443 382 1497 423 ab
1529 382 1883 424 universitatibus
1916 388 1959 424 et
2001 382 2199 424 fidelibus
2231 383 2388 424 nostris

200 451 378 505 singulis
410 451 632 495 habeatur,
667 455 708 492 et
741 450 920 491 deindez
953 451 1158 491 bonorum
1191 450 1326 505 ipsius
1361 451 1606 492 anotatione
1639 454 1800 501 secuta,
1835 451 1870 491 si
1894 465 1970 506 per
1993 466 2152 493 annum
2176 452 2219 493 in
2243 451 2386 493 banno

200 520 465 560 remanserit.
499 519 610 560 bona
641 520 777 574 ipsius
810 519 981 560 onmiaa
1014 518 1066 559 ad
1100 532 1204 573 opus
1235 519 1544 570 universitatis,
1577 520 1646 560 vel
1680 519 1715 559 si
1746 518 1936 560 feudalia
1966 518 2167 572 fuerintb,
2201 518 2253 561 ad
2278 533 2385 575 opus

201 588 465 628 dominorum
511 602 533 627 a
573 587 727 642 quibus
767 602 819 628 ea
863 588 1082 628 tenuerint
1124 587 1314 629 debeant
1357 587 1582 642 publicari,
1655 587 1857 629 Ceterum
1900 587 1936 628 si
1976 601 2229 643 comparens
2261 588 2391 630 fuerit

201 657 419 711 legiptima
454 656 707 711 probatione
741 656 985 704 convictus,
1027 664 1211 711 penamc
1243 656 1431 697 debitam
1466 656 1593 697 reusd
1628 656 1818 697 criminis
1851 656 1940 698 lese
1972 657 2212 699 maiestatis
2246 660 2391 699 nostre

202 725 423 779 excipiattz
467 724 589 765 bonis
632 725 722 765 eius
755 725 950 765 omnibus
983 724 1034 765 ad
1075 739 1181 780 opus
1219 725 1535 772 universitatis,
1579 725 1648 766 vel
1681 725 1716 765 si
1748 724 1940 766 feudalia
1970 725 2148 777 fuerint,
2190 725 2243 767 ad
2285 739 2391 781 opus

204 793 471 834 dominorum
515 807 537 833 a
584 793 739 847 quibus
773 807 823 834 ea
862 792 1069 834 tenueritf
1100 793 1341 848 publicatis.
1410 793 1479 834 Ita
1510 792 1621 847 quod
1653 793 1728 833 filii
1761 807 1839 834 seu
1871 793 2085 849 legiptimi
2118 807 2389 836 successores

203 863 292 902 eius
335 861 414 902 sibi
457 862 497 902 in
531 862 703 916 aliquog
736 876 820 903 non
864 862 1097 902 succedant
1128 876 1207 903 nec
1250 862 1499 903 testamenti
1538 861 1727 902 habeant
1756 861 2012 911 factionem3
2054 862 2130 902 filii
2163 863 2292 904 etiam
2325 862 2391 903 sui

201 936 420 985 tamquam
462 931 535 971 filii
574 944 743 971 reorum
777 931 866 972 lese
908 931 1145 971 maiestatis
1188 931 1271 971 illis
1311 930 1433 985 penis
1467 930 1736 982 subiaceant,
1781 944 1862 985 que
1895 935 2046 972 contra
2082 931 2191 972 filios
2224 945 2394 973 reorum

203 1000 292 1040 lese
326 1000 566 1040 maiestatis
600 1000 787 1053 antiquis
820 999 986 1054 legibus
1021 1002 1119 1040 sunt
1152 998 1339 1040 inducte.

346 1069 383 1108 9.
427 1067 482 1108 Et
525 1073 570 1108 ut
612 1068 828 1122 ipsorumh
868 1068 1113 1123 persecutio
1155 1067 1292 1108 nullai
1334 1067 1672 1108 dissimulatione
1714 1068 1857 1109 valeat
1894 1067 1992 1110 velk
2037 1068 2395 1123 tergiversatione

203 1137 394 1191 qualibet
426 1137 643 1190 preteriri.
690 1137 935 1179 statuimus.
981 1136 1095 1191 quod
1128 1138 1162 1177 si
1196 1150 1374 1177 comune
1408 1137 1475 1177 vel
1508 1136 1767 1178 universitas
1801 1136 1894 1178 seu¹
1924 1136 2140 1187 (1011ιί11118,
2184 1136 2238 1178 ad
2268 1151 2394 1192 quem

203 1205 349 1245 bonaln
384 1204 551 1245 devolvi
586 1204 837 1249 deberentn,
872 1205 981 1245 infra
1014 1212 1235 1246 11101180111ο
1269 1219 1293 1245 a
1325 1205 1393 1246 die
1427 1205 1614 1245 criminis
1646 1205 1819 1260 publice
1852 1205 1953 1246 facti
1984 1206 2137 1246 notorii
2169 1206 2236 1246 vel
2268 1219 2293 1246 a
2325 1205 2392 1248 die

204 1273 600 1328 condempnationis
635 1274 746 1314 bona
778 1274 900 1328 ipsal‘
932 1287 1016 1314 non
1047 1274 1262 1329 receperit
1295 1274 1362 1314 vel
1395 1274 1489 1328 ipsa
1521 1288 1599 1328 per
1628 1274 1937 1329 qualecumque
1970 1274 2190 1328 ingenium
2223 1289 2295 1316 1·οο
2325 1278 2398 1316 aut

205 1342 516 1397 condempnato
551 1341 617 1382 vel
657 1342 811 1383 alicuiq
843 1356 919 1397 pro
960 1356 1036 1383 sua
1076 1347 1196 1397 parte
1229 1346 1329 1383 aut¹'
1360 1342 1415 1383 ad
1456 1342 1679 1383 comodum
1714 1343 1807 1384 eius
1847 1342 2058 1384 dimiserit
2090 1350 2190 1384 seus
2222 1346 2398 1400 recepta

205 1412 293 1451 sine
327 1411 506 1465 speciali
549 1410 749 1451 mandato
793 1415 939 1452 nostro
983 1411 1236 1460 restituerit,
1279 1412 1371 1466 ipso
1414 1412 1504 1452 iure
1535 1411 1666 1452 feuda
1697 1412 1828 1466 ipsa1·‚
1871 1415 2089 1466 tamquam
2123 1411 2175 1453 ab
2208 1411 2395 1468 indignis

204 1480 368 1520 ablata.
413 1479 579 1534 imperii
624 1479 786 1521 iuribus
830 1480 1129 1535 applicenturt.
1209 1480 1412 1521 Ceterum
1459 1484 1506 1521 ut
1552 1480 1878 1522 malefactorum
1922 1480 2166 1522 huiusmodi
2209 1485 2396 1536 nequeat

205 1549 439 1589 occultariu
462 1549 789 1603 transgressioV,
824 1550 1051 1590 statuimus
1075 1549 1187 1604 quod
1211 1549 1424 1600 omnibus,
1453 1550 1759 1604 cuiuscumque
1784 1549 2058 1602 condicionis,
2083 1564 2230 1602 sexus,
2253 1550 2394 1601 etatis,

205 1618 325 1658 vitew
357 1617 425 1657 vel
459 1618 803 1658 conversacionis
834 1611 1034 1669 fuerintx,
1067 1618 1181 1673 ipsos
1215 1618 1481 1660 accusandi&
1509 1618 1577 1659 vel
1609 1619 1651 1658 in
1684 1618 1904 1674 publicum
1936 1617 2185 1660 deferendiz
2216 1618 2400 1660 licencia

206 1685 476 1727 concedatur.

357 1757 413 1795 10.
451 1754 563 1795 Sane
597 1758 671 1794 uta
702 1754 1005 1796 universitates
1040 1769 1187 1796 omnes
1221 1758 1263 1797 et
1296 1755 1494 1811 singulfi),
1528 1756 1599 1811 qui
1623 1770 1647 1796 a
1668 1756 1791 1797 nobis
1819 1760 1861 1797 et
1883 1755 2066 1811 imperio
2090 1754 2399 1797 iurisdictionis

207 1824 430 1879 privilegia
462 1824 526 1863 vel
567 1823 752 1864 honores
793 1824 983 1879 aliquosc
1026 1825 1235 1865 meruisse
1276 1829 1528 1877 noscuntur,
1574 1824 1705 1879 digna
1743 1824 1869 1866 nobis
1902 1824 2186 1866 retributione
2217 1837 2397 1879 respon-

207 1892 355 1934 deant.
396 1892 746 1933 universitatibus
780 1896 822 1933 et
854 1893 1109 1934 comunibus
1148 1893 1375 1934 omnibusc
1407 1894 1485 1935 sub
1528 1908 1640 1949 pena
1671 1893 2057 1935 interminationisd
2089 1893 2224 1948 gratie
2256 1896 2400 1935 nostre

209 1966 250 2002 et
283 1962 360 2002 sub
394 1976 503 2016 pena
535 1962 790 2017 privacionis
831 1962 1134 2003 iurisdictionis
1178 1963 1505 2018 privilegiorum
1539 1963 1727 2004 omnium
1768 1963 1947 2004 firmiter
1978 1967 2020 2004 et
2053 1961 2271 2003 districte0
2303 1976 2400 2017 pre-

209 2030 407 2085 cipimus.
455 2035 500 2070 ut
543 2044 721 2085 presens
767 2035 912 2072 nostre
956 2032 1202 2073 serenitatis
1246 2032 1435 2073 edictum
1477 2033 1520 2073 in
1563 2032 1680 2073 libris
1725 2036 1985 2073 statutorum
2027 2045 2198 2072 suorum
2240 2030 2404 2072 faciant

211 2100 401 2140 seriatim
443 2104 484 2140 et
516 2099 688 2155 apertef
716 2100 943 2141 transcribi
977 2104 1019 2142 et
1051 2101 1351 2156 transcriptum
1384 2101 1690 2142 inviolabiliter
1723 2101 1964 2149 observari3
2009 2104 2052 2141 et
2083 2103 2131 2140 ut
2162 2103 2402 2155 potestates

210 2169 397 2222 ipsorum
437 2182 584 2209 omnes
625 2173 667 2209 ct
710 2170 909 2210 consules
953 2183 1029 2210 seu
1070 2170 1326 2225 quicumque
1370 2174 1558 2211 rectores
1591 2170 1634 2210 in
1666 2170 1876 2225 principio
1910 2169 2127 2224 regiminis
2161 2168 2227 2210 sui
2261 2169 2401 2211 iurare

211 2237 377 2291 precise
412 2242 453 2277 et
486 2237 727 2279 omnimode
761 2243 1009 2290 teneantur,
1054 2252 1099 2280 se
1132 2242 1340 2279 statutum
1373 2239 1542 2294 ipsumg
1574 2238 1908 2280 inconcussumh
1941 2251 2133 2285 servare3
2178 2238 2317 2292 sitque
2350 2237 2404 2279 ad.

211 2305 308 2346 heci
342 2310 550 2346 statutum
583 2307 719 2361 ipsum
754 2307 990 2357 truncumk.
1026 2312 1150 2362 prout
1182 2308 1418 2362 vulgariter
1450 2309 1709 2363 appellatur,
1743 2307 1855 2363 quod
1890 2307 2006 2348 nulla
2038 2307 2174 2362 possit
2205 2306 2404 2348 omnino&

213 2375 395 2416 licencia
429 2375 496 2415 vel
529 2375 736 2430 parabola
768 2375 820 2417 (10
854 2377 986 2431 ipsius
1021 2376 1377 2430 transgressionel
1410 2377 1602 2418 concedi.
1657 2376 1927 2418 Universitas
1953 2380 2097 2417 autem
2118 2375 2187 2416 vel
2211 2388 2402 2426 comune,

214 2458 295 2499 que
330 2444 396 2485 vel
431 2444 544 2498 quod
576 2444 769 2499 predicta
802 2445 871 2486 vel
904 2445 1196 2500 predictorum
1230 2445 1427 2500 aliquidln
1458 2459 1541 2486 non
1566 2446 1816 2497 servaverit,
1850 2444 2239 2496 iurisdictionibus,
2271 2444 2404 2505 privi-

214 2513 337 2567 legiis
381 2518 422 2554 et
464 2513 681 2568 regalibus
726 2513 921 2554 omnibus
964 2518 1113 2569 aperte
1156 2528 1201 2555 80
1244 2515 1413 2555 noverit
1452 2514 1546 2569 ipso
1579 2515 1671 2555 iure
1704 2515 1882 2570 privata.
1946 2513 2145 2554 Potestas
2178 2512 2403 2568 denique¹²‚

214 2582 362 2622 consul
387 2586 459 2621 aut
482 2588 659 2632 rector0,
685 2583 781 2636 quip
804 2583 996 2637 regimen
1020 2596 1104 2623 non
1126 2583 1335 2637 prestite‘1
1358 2586 1627 2624 sacramento
1649 2582 1843 2637 predicto
1867 2581 2177 2638 presumpserit
2194 2581 2401 2636 recipere,

215 2652 420 2692 bonorum
454 2658 646 2691 suorum¹‘
680 2652 866 2692 omnium
900 2651 1212 2707 publicationeS
1247 2666 1292 2692 se
1326 2652 1484 2693 sentiat
1517 2652 1777 2703 feriendum,
1813 2666 1898 2693 non
1931 2654 2127 2706 potestas
2164 2650 2230 2691 vel
2262 2653 2404 2690 rector

216 2735 291 2761 seu
324 2733 508 2775 persona
545 2720 735 2774 publiea,
769 2720 863 2760 sedt
898 2721 1064 2775 privata
1096 2735 1272 2776 prorsus
1305 2721 1358 2761 ab
1392 2721 1590 2762 omnibus
1623 2725 1874 2773 censeatur,
1916 2721 1976 2761 ita
2008 2718 2119 2774 quod
2154 2718 2402 2760 sentencieu

215 2803 291 2843 per
337 2789 476 2843 ipsum
521 2789 586 2829 vel
634 2803 878 2830 assessores
923 2803 1022 2830 suos
1065 2790 1179 2830 latev
1220 2793 1439 2843 tamquam
1470 2803 1495 2829 a
1528 2789 1728 2844 privatis,
1773 2803 1857 2830 non
1903 2792 2122 2843 tamquam
2153 2801 2178 2828 a
2208 2787 2404 2842 personis

217 2857 396 2912 publicis
430 2857 682 2898 habeantur.
743 2858 842 2912 Ipso
867 2858 979 2899 facto
1002 2863 1210 2912 potestas,
1244 2863 1382 2899 rector
1405 2862 1480 2899 aut
1503 2858 1668 2899 iudices
1698 2859 1920 2899 incurrant
1942 2857 2176 2908 infamiam,
2208 2856 2269 2896 ita
2292 2854 2406 2910 quod

218 2935 432 2980 tamquam
467 2926 649 2966 infames
683 2926 735 2966 ab
770 2926 923 2967 officiis
956 2927 1138 2981 publicis
1173 2927 1394 2968 civitatum
1428 2931 1469 2967 et
1502 2927 1762 2967 testimoniis
1795 2929 2037 2968 arceantur.

352 3050 437 3085 213.
470 3058 501 3093 v)
530 3079 535 3085 .
565 3079 571 3085 .
600 3079 606 3085 .
632 3053 663 3085 2.
759 3059 799 3093 W)
826 3054 1097 3086 mandaverimus
1122 3053 1153 3085 2.
1271 3053 1303 3094 x)
1327 3054 1470 3087 estiterit
1496 3052 1526 3086 1.
1621 3052 1654 3095 y)
1688 3053 1827 3086 banitus
1854 3053 1886 3095 2,
1912 3052 2040 3085 similia
2064 3063 2203 3095 semper.
2298 3048 2328 3093 Ζ)
2353 3050 2408 3082 (10-

218 3122 296 3142 num
323 3111 353 3141 2.
472 3116 501 3150 ³)
529 3111 665 3142 0111111110
691 3112 720 3142 2.
868 3111 896 3151 Ι))
931 3111 1017 3143 deest
1046 3110 1073 3142 1.
1215 3116 1245 3151 ⁰)
1272 3114 1369 3152 jieam
1396 3111 1431 3152 13
1471 3112 1648 3154 pecuniam
1673 3110 1705 3143 2.
1846 3108 1878 3151 (Ῑ)
1914 3121 1968 3142 res
1992 3108 2022 3142 2.
2164 3108 2194 3147 0)
2225 3108 2352 3151 exipiat
2377 3105 2407 3138 1.

219 3166 249 3209 s)
276 3168 444 3200 tenuerint
472 3167 498 3198 1.
525 3167 555 3200 2.
674 3173 707 3208 8)
727 3180 795 3210 pro
822 3169 885 3200 sibi
912 3169 945 3200 in
970 3169 1083 3210 aliquo
1112 3168 1146 3200 1:
1174 3169 1245 3200 filii.
1362 3167 1394 3210 ¹¹)
1422 3169 1519 3201 nulla
1545 3168 1625 3200 add.
1646 3167 1678 3201 1.
1704 3167 1736 3201 2.
1854 3165 1878 3208 i)
1905 3167 1995 3200 deest
2020 3165 2050 3200 1.
2145 3164 2179 3208 k)
2199 3176 2268 3207 pro
2294 3164 2408 3197 valeat

219 3225 271 3256 vel
301 3224 335 3255 1:
362 3225 515 3257 debeant.
656 3223 679 3263 ¹)
705 3220 831 3257 81102.
972 3224 1014 3267 m)
1040 3226 1156 3258 banna
1185 3225 1213 3257 l.
1354 3228 1386 3263 n)
1413 3224 1640 3267 (lelldeberent
1668 3224 1697 3257 1.
1816 3223 1846 3266 ⁰)
1871 3234 2001 3256 annum
2024 3222 2055 3269 2.
2184 3220 2217 3263 Ρ)
2243 3221 2350 3264 ipsius
2373 3218 2405 3253 2.

2429 872 2460 896 10

2432 1214 2463 1239 15

2434 1555 2468 1581 20

2438 1897 2468 1923 25

2439 2247 2472 2271 30

2438 2593 2470 2618 35
2522 2604 2533 2611 ·

2440 2941 2473 2967 40

219 3289 250 3311 ‘ir
278 3292 419 3323 persona
446 3281 525 3313 adel.
545 3280 575 3313 2.
695 3288 707 3304 r
712 3291 722 3323 )
749 3282 837 3314 deest
861 3281 891 3314 2.
1009 3283 1036 3323 ⁸)
1063 3283 1133 3314 sive
1161 3282 1190 3314 1.
1308 3283 1332 3323 t)
1357 3283 1546 3325 aplicentur
1572 3282 1602 3314 1.
1742 3281 1777 3322 u)
1804 3281 1946 3314 ocultari
1971 3279 2004 3312 1.
2119 3278 2152 3319 V)
2177 3283 2304 3321 transg.
2330 3287 2405 3319 neq.
2439 3286 2470 3312 45

219 3350 287 3369 mcc.
313 3338 344 3369 2.
461 3341 501 3375 w)
529 3340 599 3371 iure
629 3339 655 3371 l.
772 3340 804 3379 X)
832 3340 933 3372 fuerit
960 3339 988 3372 1.
1105 3340 1136 3379 y)
1164 3341 1326 3372 acusandi
1355 3340 1383 3372 1.
1502 3338 1531 3379 z)
1561 3339 1743 3371 defferendi
1770 3337 1799 3371 l.
1914 3335 1945 3379 a)
1972 3348 2014 3369 ne
2044 3335 2070 3368 1.
2166 3334 2198 3377 b)
2225 3339 2259 3368 et
2278 3322 2410 3376 singuli

220 3395 286 3426 cles.
310 3394 336 3426 l.
454 3402 483 3435 “s
511 3396 597 3428 deest
623 3394 652 3427 2.
794 3395 827 3438 (1)
854 3397 1128 3430 interminatione
1154 3396 1185 3429 2.
1326 3397 1355 3437 e)
1380 3396 1538 3429 distincte
1564 3395 1595 3428 2.
1714 3393 1745 3436 f)
1772 3400 1806 3427 et
1831 3398 1946 3437 aperte
1971 3393 2038 3426 des.
2058 3392 2087 3425 1.
2206 3392 2239 3433 8)
2266 3391 2353 3424 deest
2377 3388 2407 3422 1.

221 3451 253 3481 ¹¹»
282 3454 480 3485 inconcusse
509 3452 536 3485 1.
632 3452 654 3493 i)
679 3454 744 3489 adh
774 3453 908 3496 (adhec)
938 3454 973 3495 1;
999 3455 1083 3487 adeo
1109 3453 1138 3486 2.
1234 3452 1268 3494 k)
1296 3455 1401 3486 irucfi
1429 3452 1464 3494 1;
1488 3457 1644 3485 troncum
1669 3451 1700 3484 2.
1755 3442 1760 3447 .
1787 3450 1810 3491 l)
1836 3451 2078 3494 trasgressione
2106 3447 2135 3482 1.
2205 3446 2248 3490 m)
2273 3446 2409 3490 aliquod

221 3510 444 3552 predictorum
470 3507 499 3540 2.
641 3516 673 3545 11)
711 3516 823 3543 autem
851 3510 880 3542 2.
1023 3516 1053 3547 0)
1091 3512 1221 3553 imperii
1245 3511 1326 3543 add.
1349 3509 1378 3542 1.
1518 3508 1552 3550 Ρ)
1592 3510 1739 3552 recipere
1771 3509 1831 3541 hoc
1864 3509 1935 3540 loco
1960 3507 2076 3539 inserit
2099 3506 2130 3538 2.
2271 3503 2302 3546 (1)
2337 3513 2408 3547 pre-

223 3567 328 3608 posito
355 3568 384 3597 2.
510 3573 535 3605 Γ)
575 3567 663 3599 deest
690 3567 718 3599 l.
859 3574 884 3608 5)
923 3568 1009 3600 deest
1034 3569 1065 3600 2.
1206 3566 1232 3609 t)
1264 3579 1332 3609 pro
1367 3567 1424 3599 sed
1455 3567 1556 3599 unius
1586 3567 1673 3599 vocis
1703 3565 1849 3607 spazium
1873 3575 2016 3597 vacuum
2043 3563 2071 3595 1.
2210 3560 2245 3604 ¹¹)
2282 3561 2353 3594 sive
2377 3558 2408 3592 2.

221 3630 252 3664 V)
280 3624 353 3655 date
383 3623 409 3655 1.

2443 3569 2475 3595 50
