2558 3970
728 160 969 195 FRIDERICI
996 161 1042 196 11.
1068 161 1498 197 CONSTITUTIONES.
1551 164 1647 197 1:240.
1698 164 1759 198 Nr.
1778 165 1855 199 224.
2301 171 2375 208 311

134 315 136 317 ,
183 276 354 332 publice
389 276 616 318 rebellare.
736 275 832 330 (14)
865 276 1095 317 Civitatem
1121 278 1277 318 etiamv
1313 278 1520 319 ltavenne
1547 294 1620 333 per
1646 279 1824 320 l'uulum
1850 281 2219 324 'l'raversnriumw.
2254 288 2380 323 11111011

113 910 144 936 10

112 1255 143 1281 1⁶

111 1946 144 1973 25

107 2293 148 2327 ‚³0

112 2695 144 2722 35

112 2989 146 3015 40

187 343 487 386 fidelissimum
522 344 645 385 nobis
678 348 722 386 ct
753 346 912 386 factum
948 345 1219 399 postmodum
1255 361 1330 401 per
1363 348 1678 402 corru1·›tionem
1714 349 1879 403 papalis
1904 351 2084 404 pecunie
2110 351 2381 405 proditorem,

185 417 395 455 tractante
427 413 632 468 magistro
668 413 764 454 S.'‘·¹
799 413 1003 455 cardinali
1037 419 1106 454 ety
1147 414 1291 468 legato
1327 422 1426 456 tune
1466 416 1506 456 in
1543 416 1734 457 Man-chia
1766 419 2018 463 constituto.
2053 419 2195 460 nobis'·
2228 428 2271 460 et
2303 422 2379 461 im-

184 482 302 538 perio
336 481 593 523 subtrahens
625 482 753 523 fecit¹¹
784 482 866 523 sibi
899 487 942 523 et
973 483 1157 524 ecclesie
1182 483 1400 524 fidelitatis
1425 491 1696 525 sacramenta
1728 492 1933 541 prestare.
1986 487 2118 527 Vilis-'¹
2153 494 2194 529 ct
2230 490 2382 530 itinera

187 549 363 606 publica
400 564 476 605 per
517 555 673 592 terram
706 550 899 592 Mareliie
934 555 976 591 et
1008 550 1223 599 Ducatus,
1267 565 1395 606 quam
1429 552 1480 592 ab
1516 553 1693 608 imperio
1727 554 1968 601 detinebat..
2003 558 2165 597 nunciis
2201 559 2381 598 nostris-⁶

181 618 234 660 ad
267 633 346 660 nos
377 620 651 661 venientibus
683 623 725 660 et
757 620 1006 660 necessaria
1037 619 1160 660 nobis
1194 624 1238 660 ct
1271 621 1481 661 exercitui
1526 627 1671 662 nostro
1703 622 2000 665 deferentibus
2036 626 2227 680 pret-ludi
2262 642 2378 668 1111111-

181 687 320 739 davit,
354 687 463 729 adeo
497 688 610 744 quod
643 688 873 730 nonnullos
906 703 964 730 ex
995 689 1057 729 eis
1091 689 1214 729 bonis
1247 689 1445 730 omnibus
1482 704 1598 731 more
1634 691 1866 746 predoniod
1901 695 2107 748 spoliatos
2141 696 2382 736 artissimo⁰

181 757 345 798 carceri
387 758 663 812 mancipavit,
708 757 787 798 hcc
830 758 974 798 omnia
1013 757 1198 807 faciens,
1243 762 1289 798 ut
1328 772 1403 798 nos
1445 764 1486 799 et
1527 759 1683 800 milites
1723 767 1891 801 nostros
1934 767 2018 802 tam
2067 764 2213 804 Ytulos
2255 779 2380 819 «pium

182 825 424 868 Germanos
457 827 524 867 vel
558 827 598 867 in
624 826 793 867 Ytaliaf
822 827 934 867 fame
969 827 1202 881 perimeret
1235 827 1301 867 vel
1333 826 1386 867 ab
1410 827 1635 869 obsidione
1660 828 2046 871 Mediolanensium
2072 838 2114 871 et
2140 840 2381 874 nostrorum

181 895 516 951 depopulatione
563 895 789 937 rebellium
840 895 1088 936 necessario
1128 900 1365 937 revocaret.
1487 896 1577 950 (15)
1621 897 1743 937 111181ζ
1789 899 1988 940 omnibus
2029 915 2109 941 non
2155 908 2381 942 vontontns

182 969 329 1007 contra
361 979 439 1006 nos
473 968 516 1006 et
548 965 773 1020 imperium
808 979 854 1006 se
890 964 991 1005 belli
1017 964 1168 1005 ducem
1195 970 1237 1005 et
1262 965 1497 1020 principem
1524 966 1700 1021 aperte¹¹
1725 968 1960 1013 constituit,
1995 968 2381 1011 Mediolmwnsium

183 1038 226 1076 et
255 1033 438 1075 aliorum
472 1034 735 1089 proditorum
768 1038 1008 1075 nostrorum
1042 1033 1235 1075 eausami
1270 1049 1390 1075 suam
1425 1036 1638 1090 propriam
1673 1036 1834 1077 faciens
1868 1043 1910 1078 et
1945 1038 2128 1093 ipsorum
2165 1042 2383 1091 nogotium

182 1103 238 1145 ad
277 1117 323 1144 se
369 1103 596 1144 manifeste
643 1107 918 1154 convertens,
960 1103 1176 1159 prefectos
1209 1102 1628 1145 Mediolanensiumk
1664 1105 1750 1146 vel¹
1787 1106 1929 1147 verius
1964 1108 2130 1162 papalis
2165 1110 2383 1148 exereitus

183 1177 379 1214 statuens
419 1172 513 1213 loco
555 1173 620 1214 sui
654 1172 946 1227 Gregorium¹¹¹
979 1172 1032 1213 de
1068 1172 1350 1227 Montelongo
1391 1172 1580 1214 dietum¹¹
1624 1178 1666 1214 et.
1707 1176 1881 1215 fratrem
1921 1175 2109 1217 Leonem
2146 1178 2382 1218 ministrum

181 1241 342 1284 ordinis
383 1242 560 1283 fratrum
594 1242 828 1292 Minorum,
870 1242 941 1297 qui
981 1256 1065 1282 non
1099 1242 1237 1282 solum
1271 1243 1451 1283 accincti
1485 1242 1641 1297 gladiis
1675 1248 1717 1284 ct
1751 1245 1892 1284 loricis
1928 1244 2063 1286 induti
2098 1247 2229 1286 falsus
2263 1262 2382 1301 yma-

184 1311 308 1367 gines
340 1311 547 1353 11111110111ο
580 1311 885 1362 ostendebant,
919 1325 1069 1352 verum
1103 1311 1234 1352 etiam
1258 1311 1623 1367 predicationibus
1639 1319 1656 1342 ¹'
1690 1313 1941 1355 insistentes
1967 1314 2317 1356 Mediolanenses
2343 1323 2383 1357 et

179 1380 311 1432 alios,
357 1380 601 1436 quicunque
645 1394 875 1436 personam
917 1384 1108 1421 nostram
1156 1385 1199 1422 et
1246 1385 1520 1422 nostrorum*¹
1564 1381 1856 1433 offenderent,
1905 1398 1929 1422 a
1963 1385 2152 1438 peccatis
2187 1386 2383 1426 omnibus

179 1449 478 1492 absolvebant.
541 1449 683 1492 Hodie
717 1451 872 1492 etiamr
907 1449 1089 1504 predicti
1121 1450 1292 1505 legatus
1316 1455 1359 1491 et
1382 1451 1515 1491 frater
1538 1455 1687 1492 contra
1710 1466 1783 1492 nos
1808 1456 1851 1492 et
1873 1452 2098 1508 imperium
2123 1468 2167 1493 sc
2192 1455 2384 1495 scribunt

180 1523 371 1561 rectores
415 1522 458 1559 et
497 1518 712 1571 dominos,
758 1534 836 1575 per
873 1518 986 1574 quod
1031 1519 1285 1561 manifeste³
1327 1519 1453 1560 datur
1493 1520 1698 1575 intelligi,
1742 1522 1854 1576 quod
1899 1536 2012 1577 papa
2044 1537 2125 1563 non
2159 1524 2295 1564 solum
2330 1525 2385 1565 sit

179 1586 592 1630 Mediolanensiumt
627 1588 785 1640 fautor,
828 1602 936 1643 quos
977 1602 1127 1630 omnes
1168 1602 1244 1644 pro
1285 1588 1437 1629 maiori
1480 1593 1600 1644 parte
1633 1589 1809 1645 publiea
1841 1590 1986 1631 mundi
2022 1592 2169 1646 lingua
2201 1597 2385 1634 testatur

178 1656 421 1709 hereticos,
453 1671 601 1699 verum
635 1658 795 1700 etiamu
828 1658 870 1699 in
903 1657 1188 1714 preiudicium
1220 1662 1264 1700 et
1297 1657 1681 1700 exheredationem
1715 1659 1883 1715 imperii
1916 1660 1997 1701 sibi
2031 1661 2249 1715 regimch
2282 1663 2382 1702 civi-

177 1726 281 1768 tatis
321 1727 458 1782 ipsius
497 1731 542 1769 et
580 1726 818 1768 dominium
858 1727 1097 1783 usurpavit.
1218 1726 1312 1783 (16)
1345 1727 1438 1769 Iam
1468 1727 1600 1783 igitur
1623 1729 1735 1770 ultra
1758 1729 1870 1770 iusto
1901 1729 2058 1771 iudicio
2084 1734 2144 1771 tot
2166 1733 2383 1786 provocati

179 1795 436 1853 dispendiis,
476 1801 540 1838 tot
578 1797 743 1838 iniuriis
773 1797 966 1839 lacessiti
999 1797 1221 1839 continere
1254 1797 1526 1852 nequivimus
1559 1812 1712 1840 manus
1746 1803 1964 1846 nostrasw,
2009 1799 2109 1854 quin
2143 1800 2382 1854 apprehen-

180 1865 381 1908 deremus
414 1878 534 1908 arma
566 1870 610 1908 et
642 1870 824 1919 scutum,
856 1870 1049 1908 nostram
1075 1871 1147 1908 etx
1180 1867 1348 1922 imperii
1373 1880 1547 1908 eausam
1573 1871 1721 1908 eontra
1753 1867 1973 1922 publicum
1998 1868 2166 1910 hostem
2192 1874 2382 1909 nostrum

182 1933 424 1976 hostilitery
454 1940 790 1991 prosequentes,
823 1936 1000 1977 filialem
1033 1936 1094 1976 illi
1126 1935 1400 1991 nequivimus
1433 1936 1617 1991 amplius
1651 1936 1952 1978 devotionemz
1986 1937 2237 1985 ostendere,
2272 1939 2385 1993 quia.

181 2003 382 2046 110111111ιὸ-
400 2004 513 2059 quod
549 2004 672 2046 nobis
706 2005 946 2046 affectionis
980 2009 1161 2061 paterne
1194 2004 1467 2046 dulcedinem
1501 2005 1783 2060 denegaretb,
1818 2005 2001 2047 necdum
2034 2006 2384 2048 exheredationis

182 2074 404 2130 dampnis0
436 2074 648 2126 afficeret,
681 2088 828 2116 verum
863 2075 1023 2116 etiamu
1057 2075 1187 2116 vitam
1221 2079 1415 2115 nostram
1447 2079 1490 2115 et
1523 2075 1782 2129 sanguinem
1816 2074 2048 2116 crudeliter
2080 2076 2269 2118 sitiebat.
2332 2076 2386 2116 Et

183 2143 273 2185 sicd
307 2143 487 2199 Ligurie
530 2144 744 2199 partibus,
789 2159 871 2199 que
916 2145 958 2185 in
997 2143 1262 2186 deditionem
1304 2148 1495 2185 nostram
1540 2149 1584 2186 et
1622 2145 1814 2199 imperiie
1848 2149 2075 2195 venerant,
2119 2145 2299 2186 militum
2344 2150 2387 2186 ct

183 2213 502 2256 balistariorum
540 2213 732 2268 presidio
771 2227 857 2254 non
899 2214 990 2254 sine
1031 2213 1176 2254 multis
1209 2213 1335 2254 erarii
1367 2213 1504 2254 nostri
1537 2212 1797 2269 dispendiiss
1828 2213 2100 2254 communitis
2133 2228 2181 2255 ac
2214 2215 2256 2255 in
2288 2230 2383 2270 pcr-

185 2283 438 2338 agrationeg
476 2283 635 2325 Tuscie
668 2283 813 2324 multis
846 2283 1014 2338 imperii
1048 2281 1240 2323 iuribush
1272 2282 1534 2333 reformatis,
1579 2283 1790 2338 premisso
1823 2282 2127 2324 nichilominus
2168 2285 2383 2339 primitusi

181 2351 260 2394 HJ<
290 2352 377 2394 filio
418 2352 581 2394 nostrol
623 2366 725 2408 rege
757 2352 957 2393 Turrium
1004 2357 1046 2393 et
1088 2351 1293 2393 Gallurim
1334 2351 1388 2392 ad
1419 2351 1771 2393 Anconitanam¹¹
1810 2352 2045 2393 marchiam
2088 2353 2384 2398 revocandam,

182 2435 260 2463 nos
291 2423 578 2478 personaliter
611 2437 761 2464 versus
793 2422 1026 2463 dueatum⁰
1060 2422 1226 2477 Spoleti
1262 2425 1339 2463 etv
1370 2426 1516 2477 partes
1539 2421 1647 2463 Urbi
1680 2422 1843 2462 vicinas
1877 2422 2116 2476 aquilarum
2142 2428 2383 2463 nostrarum

181 2491 374 2533 victricia
415 2492 564 2547 signaq
606 2491 916 2541 convertimus,
961 2495 1096 2533 totam
1141 2495 1303 2532 terram
1344 2492 1503 2532 nostris
1545 2491 1870 2546 progressibusr
1909 2496 2205 2531 occurrentem
2247 2505 2383 2545 usque

182 2559 441 2612 Viterbium,
465 2561 712 2602 civitatibus
737 2561 967 2602 admodum
992 2561 1143 2615 paucis
1168 2561 1376 2615 exeeptis,
1401 2565 1579 2615 propter
1601 2564 1686 2600 tam
1712 2560 2009 2600 manifestam⁸
2033 2560 2381 2613 ingratitudinem

317 2687 403 2722 224.
438 2687 470 2729 V)
495 2694 645 2722 nostram
669 2689 702 2722 2.
727 2688 759 2723 3.
877 2688 918 2732 W)
944 2690 1199 2722 Transurarum
1224 2687 1264 2729 2;
1291 2690 1537 2721 Traversarum
1563 2687 1594 2721 3.
1713 2687 1747 2731 x)
1774 2688 1863 2721 deest
1887 2686 1917 2720 2.
1944 2687 1975 2720 3.
2069 2688 2101 2727 y)
2128 2689 2199 2720 loco
2225 2693 2257 2719 et
2282 2698 2383 2729 usque

180 2747 363 2780 constituto
388 2745 420 2781 2.
445 2745 482 2780 3:
508 2748 621 2791 legato
646 2752 730 2780 tunc
754 2747 917 2781 Marchie.
1036 2746 1066 2787 z)
1093 2746 1181 2778 deest
1205 2744 1236 2778 2.
1368 2746 1399 2786 ²³)
1432 2745 1504 2778 loco
1530 2746 1610 2778 feeit
1635 2764 1676 2768 —-
1702 2751 1851 2788 prestare
1878 2745 1909 2777 2.
1936 2744 1972 2777 3:
2010 2750 2047 2777 et
2072 2745 2120 2776 ab
2145 2745 2210 2776 eis
2236 2745 2318 2777 sihi
2345 2750 2384 2777 et

180 2805 372 2838 ecclesie
407 2810 612 2848 tanquam
650 2806 852 2848 princeps
886 2809 925 2838 et
960 2804 1157 2848 pontifex
1193 2808 1466 2837 sacramenta
1500 2803 1706 2845 suscepit.
1824 2801 1856 2844 b)
1891 2804 1962 2835 loco
1994 2803 2066 2834 vias
2093 2819 2134 2824 —
2159 2813 2261 2843 quam
2287 2801 2318 2833 2.
2343 2802 2382 2834 3:

179 2867 301 2896 stratas
338 2864 495 2906 publicas
526 2875 588 2908 per
611 2865 801 2897 Marehiam
836 2869 869 2896 et
894 2864 1069 2896 Ducatum
1095 2873 1207 2905 quem.
1348 2860 1379 2905 0)
1415 2861 1505 2894 deest
1529 2860 1560 2892 2.
1702 2858 1735 2901 d)
1778 2872 1869 2893 more
1894 2861 1984 2903 pred.
2011 2861 2086 2892 bon.
2112 2861 2269 2891 omnibns
2294 2859 2324 2892 2.
2351 2859 2382 2891 3.

179 2918 210 2963 Θ)
237 2921 309 2953 loco
333 2926 394 2954 art.
421 2933 507 2954 carc.
533 2922 738 2964 manciparit
763 2920 793 2954 2.
811 2921 849 2954 3;
876 2921 1005 2954 carceri
1030 2921 1225 2963 mancipare
1250 2920 1467 2963 presumpsit.
1562 2917 1592 2959 f)
1617 2919 1651 2950 in
1679 2918 1795 2951 Ytalia
1819 2918 1886 2950 des.
1906 2917 1936 2950 2.
1963 2916 1993 2949 3.
2090 2920 2123 2956 Β)
2149 2917 2282 2956 Quibus
2300 2916 2331 2949 2.
2350 2917 2380 2949 3.

180 2975 214 3018 h)
238 2979 418 3012 manifeste
441 2978 474 3012 2.
498 2977 530 3012 3.
671 2977 695 3021 i)
721 2979 764 3011 al.
791 2979 981 3012 infidelium
1006 2978 1100 3021 prod.
1126 2988 1265 3010 eausam
1291 2975 1322 3009 2.
1349 2976 1378 3009 3.
1523 2973 1557 3017 k)
1595 2975 1862 3008 Mediolanensis
1885 2973 1916 3007 2.
1943 2972 1973 3006 3.
2117 2972 2140 3016 ¹)
2168 2975 2268 3006 immo
2293 2973 2324 3005 2.
2351 2973 2382 3006 3.

129 3059 135 3063 -
179 3034 221 3078 m)
247 3037 288 3069 G.
313 3035 346 3070 2.
463 3035 497 3078 1²)
523 3037 712 3080 predictum
737 3035 770 3069 2.
795 3035 828 3069 3.
969 3034 1002 3077 0)
1027 3035 1097 3068 mil.
1123 3046 1190 3078 ym.
1216 3033 1249 3067 2.
1274 3033 1306 3067 3.
1446 3035 1480 3075 P)
1507 3033 1731 3077 predicacioni
1760 3032 1793 3065 2.
1818 3032 1848 3065 3.
1991 3032 2023 3074 q)
2049 3037 2196 3065 nostram
2222 3039 2255 3064 et
2280 3037 2382 3063 nostr.

115 3276 147 3303 45

117 3563 151 3593 50

177 3104 358 3136 personam
380 3094 413 3128 2.
437 3094 470 3128 3.
610 3095 638 3136 r)
661 3095 800 3137 quidem
825 3094 857 3126 2.
882 3093 914 3127 3.
1055 3092 1082 3135 ²³)
1107 3093 1282 3126 evidenter
1306 3091 1337 3125 2.
1362 3092 1394 3125 3.
1537 3091 1562 3133 t)
1604 3091 1851 3123 infidelium
1877 3092 1908 3122 2.
1935 3089 1966 3122 3.
2107 3090 2141 3129 ¹1)
2168 3090 2239 3121 loco
2266 3101 2381 3121 verum

183 3152 285 3185 etiam
309 3151 342 3185 2.
367 3151 404 3185 3:
431 3153 500 3185 sed.
643 3153 674 3192 v)
701 3153 774 3186 loco
798 3152 951 3195 regimen
976 3153 1041 3184 civ.
1068 3152 1175 3194 ipsius
1199 3150 1231 3183 2.
1258 3149 1293 3182 3:
1321 3151 1504 3182 Mediolani
1530 3150 1691 3192 regimen.
1811 3152 1851 3189 W)
1879 3159 1998 3180 manus
2023 3153 2125 3179 nostr.
2152 3152 2241 3179 cont.
2267 3147 2382 3189 nequi-

181 3209 293 3243 vimus
317 3209 349 3243 2.
375 3209 405 3243 3.
522 3210 557 3252 x)
583 3211 692 3243 tocius
718 3210 800 3243 add.
819 3208 849 3242 2.
876 3209 908 3242 3.
1025 3214 1058 3251 y)
1085 3210 1157 3241 loco
1182 3213 1335 3241 nostrum
1360 3208 1526 3240 hostiliter
1551 3206 1582 3239 2.
1610 3205 1646 3239 3;
1685 3207 1874 3249 publice,
1914 3211 2063 3237 contra
2099 3204 2381 3247 temporalem

182 3268 496 3311 temporaliter.
591 3268 620 3309 z)
645 3268 866 3301 dileccionem
891 3266 922 3300 2.
948 3267 978 3300 3.
1075 3266 1106 3305 a)
1134 3266 1279 3299 necdum
1307 3265 1336 3298 1.
1439 3264 1470 3305 1))
1496 3265 1587 3307 qued
1612 3265 1668 3296 aff.
1696 3269 1760 3306 pat.
1788 3264 1876 3295 dulc.
1903 3263 1998 3294 nobis
2024 3273 2091 3293 non
2118 3262 2269 3293 redderet
2293 3260 2323 3292 2.
2351 3262 2381 3293 3.

183 3322 213 3366 ⁰)
235 3325 372 3358 iniuriis
397 3325 675 3358 exheredaeionis
699 3323 731 3357 2.
756 3324 788 3358 3.
907 3322 939 3366 d)
962 3325 1085 3367 Sieque
1110 3323 1146 3364 3;
1173 3324 1238 3356 Sed
1262 3323 1293 3355 2.
1413 3325 1443 3364 θ)
1469 3328 1508 3354 01
1534 3321 1699 3364 imperii
1726 3320 1842 3353 (12⁸2.
1869 3320 1898 3352 3.
1996 3317 2025 3359 f)
2063 3324 2186 3362 prout
2211 3318 2381 3361 expedit

182 3382 263 3415 add.
279 3382 312 3416 2.
337 3381 369 3416 3.
511 3384 544 3424 8)
570 3384 847 3427 peregrinacione
872 3381 904 3415 2.
929 3381 960 3415 3.
1078 3381 1112 3423 h)
1137 3382 1268 3413 viribus
1296 3380 1324 3412 1.
1466 3378 1488 3419 i)
1515 3380 1605 3411 deest
1630 3377 1662 3411 2.
1687 3377 1719 3410 3.
1853 3375 1887 3417 k)
1915 3377 2092 3408 karissimo
2118 3375 2200 3408 add.
2218 3375 2239 3407 3
2248 3387 2255 3414 3
2283 3376 2382 3407 benio

182 3439 263 3473 add.
280 3438 312 3473 2.
429 3439 455 3483 1)
481 3441 607 3474 illustri
632 3440 764 3474 add.2.
782 3439 815 3473 3.
956 3440 999 3480 m)
1032 3440 1144 3472 sacri
1181 3439 1350 3481 imperii
1385 3438 1426 3469 in
1453 3437 1598 3469 Ytalia
1631 3436 1774 3478 legato
1800 3435 1882 3467 adel.
1899 3432 1930 3466 2.
1957 3433 1987 3466 3.
2105 3432 2138 3474 ¹¹)
2165 3433 2317 3465 Acconit.
2345 3431 2380 3470 1;

181 3496 339 3531 Achonit.
363 3497 395 3530 2.
517 3497 550 3541 ⁰)
576 3499 722 3531 ducatus
749 3498 778 3531 l.
872 3497 906 3539 P)
931 3509 971 3531 ac
994 3496 1025 3529 2.
1051 3496 1082 3530 3.
1176 3496 1209 3538 q)
1234 3496 1401 3529 vicinas
1426 3495 1580 3527 erectis
1605 3504 1666 3535 aq.
1693 3498 1818 3526 nostr.
1847 3492 2105 3524 victricibus
2131 3490 2267 3533 signis
2291 3488 2324 3521 2.
2349 3489 2381 3521 ,3.

182 3551 211 3595 ¹')
234 3556 448 3601 processibus
472 3554 503 3588 2.
530 3555 563 3589 3.
680 3555 707 3597 ⁵)
733 3567 856 3599 graves
880 3561 914 3589 et
936 3556 1078 3589 infestas
1102 3555 1134 3588 2.
1161 3555 1192 3589 3.

321 3658 353 3700 1)
379 3656 567 3692 sinibaldo
591 3658 686 3692 tituli
711 3658 746 3693 S.
772 3657 967 3695 Laurentii
990 3657 1030 3691 in
1055 3657 1203 3691 Lucina
1222 3656 1436 3701 presbytero,
1457 3657 1585 3699 postea
1609 3651 1819 3687 Innocentio
1845 3651 1868 3684 1
1878 3649 1912 3684 V.
1933 3660 2046 3695 papa.
