2558 3970
44 3895 80 3970 ᾖεν
48 3852 74 3884 :1²1
55 3828 72 3835 τ

98 920 130 944 10

100 1265 130 1289 15

94 1609 128 1635 20

94 1956 126 1983 25

91 2304 127 2330 30

97 2651 128 2678 35

96 2997 130 3022 40

99 3366 133 3392 45

104 3707 138 3735 50

321 166 505 201 URBANI
534 166 593 200 IV.
622 167 767 203 Epls'r.
795 169 857 202 AD
887 169 1170 204 RICHARDL'M
1202 171 1304 206 ΚΕΗ.
1335 172 1392 206 l)}·1
1423 173 1635 208 Nssuo'l'w
1666 175 1861 210 lMl’Elill.
1915 177 2008 211 laem.
2060 177 2214 212 Nizawb.
2282 182 2360 220 527

169 282 327 331 ornari,
372 296 467 323 cum
500 282 638 324 Rome
672 284 929 339 inungitur&
969 292 1246 326 consecratur
1279 302 1355 342 per
1388 303 1538 329 manus
1573 292 1725 331 sununi
1762 291 1975 345 pontificis
2009 298 2050 332 vt
2083 308 2249 334 sacrum
2285 295 2359 334 im-

170 350 278 406 perii
311 351 491 406 suscipit
523 351 736 399 diadema,
771 357 814 394 et
847 353 937 394 sine
970 353 1124 408 quibus
1149 355 1302 410 aliquis
1327 357 1378 397 ad
1413 358 1742 401 inunctioni—111¹.
1776 363 2144 402 consecrationem
2172 367 2215 403 et
2239 377 2358 403 eoro-

171 420 388 461 nationem
411 419 652 461 huiusmodi
676 428 783 462 nec²⁵
814 422 922 462 solet
945 435 1024 463 nec
1055 422 1184 464 debet
1207 424 1387 466 admitti.
1454 427 1640 468 Reddita
1672 429 1847 483 insuper
1878 429 1954 470 tibi
1979 430 2177 472 sueruntb
2212 446 2360 487 quani-

170 488 292 544 plura
334 488 478 544 opida,
521 494 683 539 castra,
726 490 826 531 ville
860 498 934 531 που
966 491 1057 531 iura
1092 492 1260 546 imperii
1295 498 1510 549 tamquam
1547 497 1657 550 regi.
1705 503 1835 552 tuque
1871 499 2001 553 ipsius
2036 501 2154 553 regni
2189 515 2360 556 posses-

168 558 335 599 sionem
368 556 551 613 adeptus
583 558 719 613 ipsam
754 564 876 600 tenes
910 563 953 600 et
984 573 1059 614 per
1091 560 1194 600 sexd
1226 575 1361 602 annos
1394 569 1438 603 et
1469 565 1655 619 amplius
1690 566 1879 606 tenuisti.

310 625 403 681 (10)
444 626 512 668 Ex
550 627 632 668 hiis
674 632 818 669 autem
861 634 1163 683 procuratores
1207 630 1264 669 tui
1299 644 1482 684 arguere
1517 633 1805 681 nitebanturv,
1848 637 1957 690 qnod
1993 652 2086 678 cum
2123 639 2364 679 memorati‘

167 695 446 738 Trevcrensis
479 696 830 752 archiepiscopus
863 702 906 737 et
937 696 1025 737 dux
1049 697 1237 739 Saxonie
1263 700 1501 740 recusando
1526 701 1669 742 ‹ln-tau
1702 702 1770 744 die
1797 705 2048 758 proi-edere,
2083 708 2233 761 reliqui
2261 722 2360 748 vero

167 779 252 807 non
284 765 500 807 veniendo
533 765 586 806 ad
620 766 850 807 terminum
885 765 1156 808 concorditer
1178 768 1445 821 assignatum
1479 786 1524 809 sc
1554 771 1718 811 alienos
1751 773 1804 812 ab
1836 774 2046 815 olm-tione
2072 775 2361 816 re‹l‹liderint¹¹

165 849 217 877 ea
247 835 359 886 vice,
402 839 448 876 tu
479 835 534 876 ab
566 835 765 875 omnibus
799 835 1066 890 principibus
1100 836 1165 876 vel
1201 837 1352 877 saltem
1388 838 1441 878 ab
1478 838 1589 885 liiisi,
1631 840 1670 880 in
1705 855 1809 895 quos
1845 843 2039 884 totaliter
2073 845 2136 884 ius
2173 845 2359 896 eligi-ndi

167 903 395 953 reciderat,
429 904 595 945 censeri
628 903 760 945 debes
794 904 980 946 electus:
1014 903 1084 944 etk
1121 919 1194 959 pro
1228 910 1346 946 certo
1377 921 1426 947 ac
1461 906 1699 948 indubitato
1734 915 1955 964 ponentes,
1991 913 2053 952 ius
2087 914 2126 953 in
2164 928 2294 966 regno
2319 920 2365 956 et·

165 973 343 1029 imperio
374 972 628 1028 supradietis
661 974 752 1024 tibi,
785 974 932 1015 electol
965 979 1143 1026 predictis
1177 981 1509 1016 consuetiulinilum
1542 983 1761 1025 observatis,
1795 979 1865 1019 ubi
1900 987 1943 1020 et
1974 996 1998 1021 a
2029 982 2182 1036 quibus
2208 982 2246 1022 id
2272 984 2360 1024 lieri

165 1042 332 1093 debuit,
366 1050 404 1084 et
435 1048 528 1083 nulli
559 1048 625 1083 alii
657 1043 916 1098 acquisitum
950 1061 992 1084 ac
1025 1049 1168 1093 regium
1201 1062 1335 1085 nomen
1369 1054 1407 1085 et
1439 1051 1584 1096 imperii
1615 1053 1784 1087 diadema
1821 1054 2031 1090 indubitati·
2055 1057 2191 1098 ‹ln-lwri,
2225 1058 2359 1102 suppli-

165 1120 345 1154 caverunt
384 1117 571 1153 instanter
613 1111 673 1153 et¹
715 1117 908 1153 humiliter
948 1118 1156 1163 petierunt,
1200 1119 1270 1154 tibi
1303 1122 1341 1154 et
1379 1120 1589 1156 huiusmodi
1623 1134 1756 1157 nomen
1790 1124 1925 1158 ascribi
1961 1145 2010 1148 —
2046 1121 2232 1161 maxime
2267 1135 2360 1161 (runi

167 1180 411 1223 antedictus
445 1180 728 1236 predecessor
759 1180 800 1221 id
835 1181 910 1222 tibi
943 1181 996 1223 de
1030 1182 1208 1223 fratrum
1242 1197 1414 1224 suorum
1449 1186 1625 1226 consilio
1660 1187 2006 1242 asscripsisset¹¹¹,
2047 1194 2087 1229 te
2123 1189 2161 1230 in
2197 1190 2359 1230 eisdem

168 1263 303 1306 regno
338 1254 381 1292 et
410 1250 588 1306 imperio
621 1250 890 1305 quibuslibet
913 1251 1008 1292 aliis
1042 1252 1315 1307 preferendo,
1350 1253 1460 1294 sicut
1493 1269 1569 1309 per
1601 1255 1734 1310 ipsius
1770 1257 1968 1297 litterar-3²
2000 1259 2226 1300 ostendere
2252 1260 2358 1299 nite-

164 1319 320 1361 bantur
342 1344 393 1350 —
418 1327 542 1375 teque
575 1338 641 1371 per
673 1338 740 1361 nos
764 1326 1029 1372 inungendum.
1063 1329 1353 1363 consecrandum
1383 1331 1421 1363 et
1444 1331 1694 1365 coronandum
1720 1332 1754 1366 in
1780 1332 2056 1367 Romanorum¹¹
2090 1334 2362 1378 i1111›«·=·nt01·‹·1n,

163 1395 387 1430 advocatum
429 1394 506 1430 ac⁰
544 1395 777 1431 defensorem
820 1397 993 1439 ecclesie,
1032 1397 1079 1431 ad
1124 1397 1244 1442 ipsum
1284 1398 1455 1434 diadema
1498 1400 1542 1434 de
1581 1402 1717 1436 nostris
1760 1402 2031 1447 suscipiendum
2078 1403 2246 1438 munii-us
2284 1404 2362 1438 sin·-

163 1464 358 1511 dispendio
398 1465 614 1500 ulteriorisl‘
654 1477 755 1501 more
798 1466 923 1501 vocari
961 1468 999 1502 et
1037 1467 1286 1512 apostolicum
1333 1468 1402 1503 tibi
1443 1471 1607 1504 favori-ni
1648 1471 1828 1516 impendi:
1871 1467 2098 1521 presertim
2139 1481 2233 1507 euni
2279 1481 2359 1507 non

165 1532 331 1570 tantum
363 1529 500 1570 maior
532 1543 631 1584 pars
664 1529 904 1584 principum
939 1529 1251 1584 predictorum,
1284 1532 1414 1572 immo
1447 1547 1596 1574 omnes
1632 1558 1681 1563 —-
1716 1540 1899 1590 excepto
1934 1535 2064 1576 nobili
2096 1535 2214 1576 vir0⁴¹
2248 1550 2358 1577 niar-

165 1597 343 1640 chioner
374 1597 773 1653 Brandeburgensi,
806 1599 877 1654 qui
910 1599 1038 1640 etiam
1073 1604 1250 1655 paratus
1283 1605 1351 1642 est
1382 1601 1461 1642 tibi
1485 1601 1663 1644 obedire
1691 1628 1738 1632 —
1763 1608 1809 1643 ut
1833 1603 1961 1645 iidem
1986 1604 2121 1644 nuntii
2148 1618 2356 1659 propone-

165 1667 283 1718 bant,
317 1667 546 1709 electioniS
578 1667 631 1708 de
664 1672 706 1709 tc
738 1668 852 1709 facte
882 1669 1154 1710 consentiant
1187 1674 1230 1711 et
1263 1670 1339 1710 tibi
1373 1676 1457 1711 tam
1493 1671 1574 1726 ipsi
1606 1686 1733 1727 quam
1757 1672 1827 1713 alii
1854 1678 2077 1727 magnates
2106 1674 2360 1714 Alamannie

164 1737 427 1793 generaliter
464 1743 684 1792 tamquam
724 1751 801 1778 suo
842 1738 933 1792 regi
966 1737 1170 1779 obediant
1202 1743 1245 1780 et
1286 1740 1529 1783 intendant:
1573 1742 1823 1796 petitionem
1859 1756 1980 1783 suam
2015 1742 2087 1782 illa
2121 1742 2360 1784 indubitata

165 1807 275 1849 sieut
312 1811 513 1848 asserunt
544 1807 586 1847 in
626 1806 808 1862 imperio
842 1811 885 1848 et
917 1808 1008 1849 iure
1051 1808 1217 1849 munita
1248 1809 1561 1852 consuetudine
1603 1811 1850 1863 fulcientes,
1894 1826 1977 1866 qua
2008 1810 2165 1861 dicunt,
2200 1812 2361 1853 electo²

165 1877 208 1919 in
241 1890 388 1932 regem
420 1876 742 1918 Romanorumu
774 1876 1010 1918 secundum
1051 1878 1224 1919 solitum
1264 1892 1427 1920 morem
1471 1879 1640 1935 imperii
1682 1880 1754 1921 ubi
1788 1884 1858 1921 etv
1890 1895 1915 1921 a
1946 1880 2101 1935 quibus
2133 1880 2288 1922 debetv
2320 1886 2363 1921 et

166 1945 439 2003 postmodum
476 1960 554 2002 per
586 1946 880 2002 supradictum
914 1945 1214 1988 Colonienscm
1248 1947 1622 2004 archiepiscopum
1654 1949 1845 2000 inunct0,
1880 1954 2129 1991 consecrato
2165 1955 2208 1991 et
2244 1964 2363 1990 coro-

164 2020 264 2058 nato
310 2030 361 2058 eo
398 2017 490 2072 ipso
528 2014 694 2071 regiu'm
736 2030 893 2058 nomen
934 2016 1099 2071 acquiri
1141 2021 1204 2065 et,
1249 2018 1284 2057 si
1319 2018 1458 2059 electe
1498 2032 1681 2073 persone
1716 2018 2023 2074 impedimenta
2056 2033 2139 2059 non
2173 2019 2363 2066 obvient,

167 2085 407 2127 vocandum
441 2086 534 2127 sine
567 2085 775 2126 dilatione
808 2085 954 2140 aliqua
986 2099 1063 2140 per
1097 2099 1311 2126 summum
1345 2086 1593 2141 pontificem
1627 2086 1679 2127 ad
1712 2101 1929 2131 coronam:
1963 2087 2015 2128 ad
2047 2087 2086 2128 id
2117 2101 2199 2128 non
2225 2087 2360 2128 solum

163 2168 325 2196 morem
358 2154 528 2211 imperii
561 2154 867 2210 approbatum,
911 2157 978 2195 set
1010 2154 1140 2194 etiam
1175 2153 1425 2209 quondamW
1456 2154 1597 2196 felicis
1631 2155 1942 2197 recordationis
1976 2155 2216 2197 Innocentii
2253 2170 2363 2211 pape

162 2223 318 2266 tercii¹
349 2223 674 2280 predecessoris
707 2224 872 2265 nostriy
903 2223 1164 2265 decretalem
1198 2224 1458 2279 epistolam-⁹·
1490 2225 1731 2280 allegantes
1765 2239 1814 2266 ae
1847 2225 2055 2276 dieentes,
2091 2240 2170 2281 per
2193 2229 2362 2267 eontra-

163 2293 395 2336 dictionem
426 2294 651 2336 memorati
683 2293 796 2348 regis
820 2292 1035 2335 Castelle²
1067 2294 1135 2334 vel
1160 2293 1431 2345 electionem,
1465 2307 1547 2348 que
1571 2293 1623 2334 de
1651 2294 1744 2349 ipso
1769 2294 1883 2335 facta
1905 2294 2073 2345 dicitur,
2107 2295 2359 2350 petitionem

163 2363 421 2419 premissam
464 2377 546 2405 non
588 2363 749 2405 debere
793 2363 1067 2418 aliquatenus
1110 2362 1332 2418 impediri,
1373 2377 1469 2404 eum
1502 2363 1737 2405 secundum
1780 2363 1994 2419 predictas
2029 2363 2364 2405 eonsuetudines

165 2433 248 2474 sita
279 2433 318 2475 ei
350 2433 435 2474 iam
473 2432 707 2474 cuiuslibet
739 2431 1092 2473 contradictionis
1125 2430 1194 2471 via
1224 2431 1425 2486 preclusa
1457 2435 1500 2473 et
1531 2432 1685 2473 electio
1719 2433 1814 2488 ipsa
1846 2433 1962 2474 nulla
1991 2433 2120 2474 fuerit
2142 2433 2232 2488 ipso
2258 2433 2362 2483 iure,

165 2506 315 2558 utpote
346 2506 442 2558 post
481 2516 639 2544 annum
673 2506 716 2543 et
747 2501 860 2543 diem
900 2505 1049 2542 contra
1081 2499 1257 2542 easdem
1295 2501 1462 2556 imperii
1502 2500 1840 2543 eonsuetudines
1874 2506 1918 2543 et
1951 2503 2131 2543 termino
2164 2503 2216 2543 ad
2252 2501 2360 2542 hecb

166 2575 327 2614 statuto
369 2571 423 2613 de
462 2571 704 2613 eommuniv
742 2570 984 2626 principum
1022 2568 1338 2624 predictorum⁰
1378 2583 1593 2611 consensu
1640 2574 1859 2612 transacto
1900 2574 1943 2612 et
1986 2571 2100 2622 post4
2142 2577 2362 2612 electionem

166 2649 271 2683 tuam
302 2641 581 2697 legittimam,
622 2658 698 2682 non
729 2647 930 2688 cassatam,
963 2653 988 2679 a
1020 2638 1112 2680 solo
1145 2639 1361 2680 nominato
1393 2638 1674 2682 Treverensi.
1709 2640 1779 2694 qui
1813 2644 1986 2695 propter
2021 2654 2132 2681 nova
2164 2639 2361 2696 pedagia,

166 2725 248 2767 que
280 2711 324 2752 in
366 2715 482 2752 terra
520 2725 599 2752 sua
636 2709 861 2765 imposuit,
904 2712 996 2750 erat
1036 2713 1136 2749 tunc
1171 2708 1618 2749 excommunicatione
1659 2708 1839 2762 ligatuS,
1881 2709 1997 2749 nulla
2028 2709 2196 2749 omnino
2228 2709 2362 2749 forma

166 2784 360 2831 servata,
402 2781 445 2821 in
486 2794 658 2822 camera
699 2778 895 2820 eiusdem
926 2777 1210 2820 Treverensis
1250 2777 1584 2832 archiepiscopi,
1628 2778 1887 2833 contemptis
1930 2777 2052 2818 aliisd
2085 2777 2360 2833 principibus.

166 2848 460 2891 clandestine⁰
506 2847 799 2905 attemptataf,
846 2861 943 2888 cum
988 2847 1149 2887 nullam
1199 2846 1252 2887 ab
1293 2846 1457 2887 eisdem
1503 2845 1768 2901 principibus
1811 2860 1941 2901 super
1980 2846 2060 2886 hoe
2103 2851 2358 2901 potestatem

165 2918 370 2967 haberet:
402 2932 528 2973 quam
554 2918 589 2959 si
612 2918 773 2959 etiamg
804 2916 858 2958 ab
883 2915 1098 2971 aliquibus
1132 2915 1366 2963 habuisset,
1399 2915 1509 2956 sicut
1532 2914 1714 2970 quedam
1748 2929 1824 2970 pro
1859 2919 1978 2970 parte
2002 2915 2138 2956 altera
2161 2916 2357 2957 exhibite

166 2987 311 3029 littere
343 2986 622 3038 innuebanth,
662 2987 846 3028 formam
887 2989 1032 3026 tamen
1072 2984 1229 3040 ipsius,
1273 2998 1355 3039 que
1390 2983 1628 3026 secundum
1667 2988 1861 3024 tenorem
1896 2983 2135 3024 litterarum
2168 2985 2356 3039 ipsarum

302 3123 390 3159 405.
415 3125 448 3166 δ’)
473 3137 513 3159 ac
537 3125 619 3158 add.
637 3125 669 3159 3.
788 3123 818 3166 z)
844 3124 1038 3157 unctionem
1063 3122 1094 3155 3.
1121 3122 1154 3156 4.
1273 3123 1303 3162 a)
1329 3134 1397 3155 nou
1421 3122 1453 3156 3.
1573 3121 1604 3162 b)
1632 3122 1720 3155 deest
1745 3120 1776 3154 4.
1895 3123 1925 3162 0)
1952 3127 1984 3154 et
2009 3122 2039 3154 3.
2065 3120 2096 3153 4.
2200 3120 2232 3163 d)
2260 3123 2304 3154 VI
2333 3122 2361 3156 1.

169 3181 200 3226 θ)
227 3183 433 3217 videbantur
456 3183 488 3217 3.
620 3181 650 3225 f)
677 3182 768 3215 deest
791 3181 821 3214 4.
957 3179 989 3220 g)
1014 3181 1103 3213 dicto
1130 3179 1160 3213 1.
1295 3178 1327 3221 l¹)
1355 3181 1573 3213 reddiderunt
1597 3180 1629 3212 3.
1758 3177 1781 3219 i)
1807 3179 1848 3210 iis
1872 3178 1904 3211 3.
2021 3177 2053 3218 k)
2080 3179 2168 3212 deest
2191 3179 2231 3215 3;
2265 3191 2303 3211 ac
2328 3178 2360 3211 4.

168 3239 194 3283 l)
220 3252 262 3274 ac
285 3242 373 3275 inter
397 3241 464 3274 alia
488 3241 530 3273 R.
663 3239 707 3282 ¹¹1)
731 3240 941 3282 ascripsisset
965 3237 1066 3271 2—4.
1199 3238 1232 3279 n)
1257 3239 1388 3270 Roman
1417 3237 1451 3276 1;
1489 3239 1643 3270 Romans]
1668 3235 1699 3269 4.
1835 3235 1868 3276 Ο>
1893 3242 1925 3268 et
1951 3236 1992 3268 R.
2124 3237 2155 3277 Ρ)
2180 3236 2361 3279 despendio

169 3300 313 3333 ulterius
337 3298 369 3332 3.
499 3297 543 3342 ¹q)
566 3310 620 3332 no.
647 3298 691 3330 ui.
722 3296 751 3330 1.
775 3295 807 3330 2.
833 3295 871 3335 4;
910 3322 916 3329 .
937 3322 943 3329 .
971 3297 1052 3329 adal.
1072 3295 1102 3329 2.
1247 3295 1275 3337 ¹”)
1311 3295 1513 3328 marchionis
1537 3293 1568 3327 4.
1712 3294 1738 3334 ⁸)
1772 3293 1926 3326 elecc—one
1956 3293 1984 3325 1.
2125 3293 2150 3333 t)
2177 3304 2245 3335 qua
2271 3294 2361 3327 dicta

169 3357 333 3390 electione
357 3355 390 3390 3.
506 3355 541 3398 u)
565 3357 698 3389 Romal-1
726 3354 762 3396 1;
784 3357 987 3387 ‘Romanum
1013 3365 1127 3396 regem
1153 3352 1184 3386 3.
1210 3351 1241 3384 4.
1361 3352 1392 3393 V)
1425 3353 1514 3385 deest
1538 3351 1569 3384 4.
1700 3351 1740 3392 w)
1775 3351 1945 3392 quandam
1975 3350 2001 3383 1.
2120 3351 2153 3392 x)
2179 3352 2238 3383 111.
2264 3351 2295 3383 2.
2322 3351 2361 3391 3;

168 3414 260 3448 deest
281 3413 313 3447 4.
425 3412 458 3459 Σ)
485 3425 528 3447 .u.
556 3413 584 3446 1.
691 3412 721 3454 z)
747 3413 838 3446 deest
861 3412 893 3445 3.
1008 3411 1039 3453 a)
1066 3412 1110 3443 sit
1136 3428 1176 3433 -—
1203 3410 1467 3443 consuetudines
1492 3410 1560 3442 des.
1578 3408 1610 3442 3.
1712 3407 1741 3446 b)
1767 3414 1860 3441 term.
1887 3408 2000 3440 adhuc
2025 3406 2054 3440 4.
2151 3408 2180 3449 c)
2206 3409 2247 3441 de
2271 3409 2361 3441 omni

169 3472 261 3514 pred.
285 3471 393 3515 princ.
420 3468 449 3503 4.
569 3469 601 3510 d)
626 3471 684 3503 alii
708 3469 740 3504 4.
858 3468 887 3511 θ)
913 3469 1134 3502 clamdestine
1160 3467 1190 3500 1.
1309 3466 1339 3508 f)
1364 3472 1539 3510 acceptata
1564 3466 1595 3500 3.
1714 3466 1746 3505 8)
1772 3466 1871 3498 etiam
1897 3466 1925 3498 si
1950 3464 1982 3498 3.
2081 3463 2114 3507 h)
2141 3466 2304 3498 iuuabant
2328 3464 2357 3497 4.

309 3584 344 3629 1)
372 3583 426 3627 Cf.
453 3583 658 3628 Rodenbery
682 3583 764 3626 III,
790 3595 828 3627 1).
846 3588 919 3626 547,
950 3582 1012 3617 lin.
1032 3587 1112 3625 4sq.
1241 3580 1277 3622 2)
1313 3578 1405 3613 Sunt
1437 3579 1573 3613 litterae
1599 3578 1800 3613 Alexandri
1826 3577 1895 3612 1V.
1926 3577 1976 3611 ad
2002 3577 2224 3612 Richardum
2254 3577 2360 3611 (latae

171 3653 204 3676 α.
223 3646 313 3677 1259.
339 3642 429 3686 Apr.
447 3646 508 3683 30;
533 3641 583 3676 ed.
610 3641 676 3676 SS.
698 3641 872 3684 XXVII,
892 3644 964 3675 482
989 3639 1163 3682 (Bolmzer,
1185 3637 1271 3681 Rey.
1292 3638 1372 3681 imp.
1396 3636 1434 3679 V,
1458 3639 1565 3681 9196).
1666 3637 1701 3679 3)
1730 3635 1992 3670 ‘Venerabilem'
2016 3636 2061 3677 cf.
2079 3646 2189 3679 supra
2213 3645 2268 3669 nr.
2283 3638 2359 3668 398.

172 3698 210 3743 4)
241 3698 293 3741 Cf.
320 3699 527 3743 Rodenbeoy
553 3699 631 3742 III,
651 3710 690 3743 p.
710 3703 786 3742 547,
811 3698 874 3733 lin.
894 3703 945 3732 14.
