2558 3970
120 156 170 195 22
674 147 881 182 OTTONIS
908 146 966 180 lv.
993 143 1422 180 CONSTITUTIONES.
1474 143 1571 177 1198.
1621 143 1682 177 Nr.
1705 143 1757 177 17.

121 282 254 307 scere.
296 265 407 320 quod
451 278 526 304 nos
569 263 839 303 attendentes
879 261 1117 300 dovotionis
1159 274 1207 300 ac
1251 258 1470 299 fidelitatis
1513 257 1794 297 constantiam
1839 258 1922 297 iam
1955 257 2053 298 dicti
2099 258 2304 313 principis

120 335 251 375 nostri
284 334 404 374 nobis
439 333 581 387 sepius
614 332 863 372 exhibitam.
897 329 1145 369 Coloniensi
1178 327 1372 376 ecclesie,
1407 327 1444 367 ei
1478 326 1655 379 eiusque
1688 326 2008 366 successoribus
2034 326 2238 366 allodium
2262 327 2305 366 in

121 403 318 444 Sarcuelt
351 416 444 442 cum
477 401 589 441 omni
622 399 869 453 integritate
903 402 944 438 et
983 397 1206 437 usufructu
1238 395 1509 436 attinentium
1553 391 1722 449 [liblere
1756 394 2021 435 restituimus
2055 398 2098 435 et
2129 395 2172 434 in
2205 408 2302 449 per-

117 478 293 526 petuum
328 470 639 511 confirmamus.
683 482 756 522 pro
790 480 841 507 00
876 465 1133 520 recipientes
1173 464 1396 505 abbatiasc
1428 463 1470 503 in
1502 461 1756 503 Herevorde
1791 466 1834 502 et
1876 462 1917 502 in
1950 462 2174 503 Vrethene
2207 476 2304 503 cum

119 540 314 580 omnibus
347 538 631 593 pertinentiis.
672 540 875 577 revocato
909 533 1161 575 concambio
1196 532 1308 587 quod
1341 531 1587 572 Fridericus
1620 531 1853 584 imperator
1884 530 1952 584 pie
1986 531 2190 571 memorie
2225 529 2304 586 [et]

118 608 343 661 Philippus
379 606 649 647 Coloniensis
688 604 1039 658 archiepiscopus
1073 615 1205 656 super
1237 599 1400 641 eisdem
1433 599 1556 640 bonis
1590 598 1797 640 fecerant.
1858 597 2144 639 Restituimus
2178 599 2306 639 etiam

118 677 197 716 iam
238 675 351 715 dicte
394 675 573 724 ecclesie
615 678 657 713 ct
694 672 1021 726 archiepiscopo
1063 671 1238 724 suisque
1278 665 1641 723 sluccessori]bus
1683 670 1846 707 curtem
1892 667 1934 706 in
1967 666 2224 707 Andernaco
2265 671 2309 708 et

118 754 280 785 curtem
327 745 367 784 in
414 741 713 796 Ekenhagcnd
762 755 856 781 cum
912 740 1025 780 omni
1072 738 1345 779 attinentium
1393 735 1642 789 integritate
1694 734 1929 775 secundum
1979 735 2044 775 sui
2092 735 2308 789 privilegii

118 820 324 854 tenorem.
359 812 469 867 quod
500 811 742 853 Fridericus
777 811 1009 864 imperator
1032 806 1256 862 Raynaldo
1290 804 1528 847 venerabili
1556 802 1803 844 Coloniensi
1826 803 2150 859 archiepiscopo
2174 817 2307 858 quon-

117 883 213 922 dam
252 895 380 937 super
418 881 578 921 eisdem
621 878 889 921 contradidit.
954 876 1163 918 Similiter
1195 879 1239 916 et
1273 871 1581 930 [advo]catiam
1621 872 1663 912 in
1698 870 1967 922 Olohttenee,
2002 886 2128 927 quam
2161 885 2304 913 comes

117 951 169 991 ‹lc
202 950 289 991 Arc
324 949 376 989 de
409 963 536 990 manu
571 948 816 989 Coloniensi
851 960 947 987 cum
980 945 1095 986 omni
1127 957 1236 1000 pace
1267 941 1522 998 possidebit.
1587 940 1788 982 Ceterum
1811 939 1864 981 ad
1888 940 2157 981 commodum
2181 940 2306 982 Colo-

118 1019 279 1059 niensis
324 1019 503 1067 ecclesie
541 1017 787 1057 universum
832 1016 1049 1056 teloneum
1091 1014 1131 1053 in
1166 1011 1395 1061 NVerthen,
1443 1009 1556 1064 quod
1597 1009 1650 1050 de
1695 1023 1804 1050 novo
1838 1013 1881 1049 et
1913 1013 2060 1050 contra
2094 1009 2309 1050 iusticiam

120 1086 275 1126 ibidem
316 1087 556 1126 institutum
591 1090 669 1129 est.
701 1085 874 1139 penitus
914 1083 1160 1125 auferimus.
1200 1077 1494 1136 red[ucen]tcs
1534 1077 1771 1119 secundum
1805 1082 1964 1118 statum
1997 1078 2223 1132 pristinum
2254 1077 2309 1118 ad

117 1156 255 1196 locum
297 1155 336 1195 in
377 1169 457 1209 quo
498 1154 549 1195 de
589 1156 679 1195 iurc
719 1167 815 1194 csse
858 1152 1049 1201 debebit,
1093 1150 1205 1205 quod
1239 1149 1369 1190 etiam
1407 1161 1679 1202 nequaquam
1721 1146 2099 1200 aucgmentabitur
2132 1146 2200 1187 vel
2232 1159 2310 1201 per

118 1239 192 1264 1105
225 1225 291 1264 vel
325 1238 401 1279 per
431 1227 600 1263 nostros
633 1235 919 1263 successores,
981 1218 1280 1274 Burgensibus
1306 1215 1657 1267 Coloniensibus,
1691 1211 2015 1256 Sfisatiensibus
2050 1218 2093 1255 et
2124 1215 2220 1255 aliis
2252 1214 2305 1256 de

118 1293 286 1347 oppidis
321 1297 362 1333 ct
394 1293 508 1332 villis
542 1291 816 1333 Coloniensis
841 1290 1022 1338 ecclesie
1054 1289 1140 1329 tale
1173 1288 1237 1328 ius
1270 1289 1512 1341 prestamus
1538 1289 1580 1325 et
1601 1283 1917 1335 confirmamus,
1951 1283 2063 1338 quod
2085 1297 2169 1324 non
2192 1282 2309 1324 aliud

118 1361 349 1416 pedagium
383 1361 549 1401 solvent
581 1373 657 1415 per
688 1364 826 1400 totum
859 1357 1101 1413 imperium,
1133 1356 1216 1396 nisi
1249 1353 1483 1396 secundum
1518 1357 1713 1394 tenorem
1745 1352 1960 1407 privilegii
1984 1352 2306 1408 predecessoris

119 1430 249 1469 nostri
285 1430 352 1484 pie
387 1429 693 1469 recordationis
717 1426 918 1469 Henricif
948 1425 1238 1480 imperatoris.
1298 1423 1485 1464 Domum
1516 1423 1558 1462 in
1581 1420 1775 1461 Werdcn
1799 1425 1842 1461 et
1865 1425 2054 1462 castrum
2078 1421 2121 1461 in
2143 1420 2309 1462 Beren-

117 1499 225 1538 stein
236 1505 266 1538 ἕ.
301 1499 339 1538 in
376 1512 553 1552 quorum
586 1496 839 1538 fundatione
864 1500 906 1536 et
929 1493 1245 1536 constructione
1270 1491 1540 1533 Coloniensis
1564 1490 1747 1531 ecclesia
1771 1489 1851 1530 fuit
1874 1494 2149 1544 pregravata,
2183 1503 2308 1544 sepe—

118 1566 231 1607 dicto
272 1567 452 1621 principi
491 1571 637 1607 nostro
679 1565 887 1606 tradimus
920 1563 973 1604 ad
1005 1561 1328 1613 destruendum,
1366 1565 1409 1601 et
1446 1574 1525 1601 nec
1564 1573 1589 1600 a
1620 1559 1743 1600 nobis
1775 1572 1855 1600 nec
1889 1572 1913 1599 a
1945 1558 2099 1598 nostris
2132 1571 2306 1599 succes-

117 1636 283 1676 soribus
318 1636 357 1675 in
392 1640 611 1690 posterum
645 1632 948 1675 reedificanda.
1009 1631 1244 1672 Presertim
1278 1643 1490 1684 nusquam
1523 1628 1563 1668 in
1596 1627 1774 1683 imperio
1806 1627 1980 1668 debebit
2012 1627 2109 1668 cudi
2139 1630 2312 1668 moneta

117 1704 169 1745 ad
211 1704 375 1759 pondus
419 1703 488 1744 vel
525 1703 578 1743 ad
620 1703 802 1744 formam
835 1700 1104 1742 Coloniensis
1146 1703 1317 1740 monete
1351 1698 1441 1738 sive
1475 1696 1528 1738 ad
1561 1697 1793 1752 puritatem
1825 1700 1972 1737 nostra
2004 1694 2102 1736 velh
2133 1696 2310 1737 alterius

118 1773 386 1813 auctoritate.
450 1771 683 1822 Ducatum,
716 1771 889 1821 allodia,
924 1769 1054 1811 feoda
1085 1769 1176 1809 sive
1210 1766 1526 1817 ministeriales,
1559 1779 1665 1820 quos
1697 1779 1810 1805 nunc
1834 1762 2312 1805 Coloniensisecclesia

119 1841 185 1882 vel
219 1841 290 1881 alii
314 1841 406 1881 eius
429 1841 600 1880 1101111110
631 1838 867 1895 possident,
901 1852 997 1878 cum
1019 1837 1133 1878 bona
1155 1837 1376 1877 voluntate
1409 1838 1556 1875 nostra
1578 1836 1621 1874 et
1642 1833 1823 1874 fratrum
1845 1837 2087 1873 nostrorum
2110 1831 2311 1874 Henricii

118 1910 295 1965 palatini
329 1909 436 1949 Reni
470 1913 513 1950 et
545 1908 766 1949 wilhelmi
808 1907 860 1948 de
893 1905 1145 1947 Brvnswich
1185 1909 1228 1945 et
1265 1903 1474 1945 heredum
1506 1906 1751 1942 nostrorum
1783 1902 1874 1942 51110
1907 1901 2150 1956 calumpnia
2183 1914 2307 1957 sepe-

118 1979 358 2019 nominatus
405 1978 755 2033 archiepiscopus
804 1981 846 2017 et
889 1976 981 2017 eius
1022 1988 1296 2016 successores
1348 1973 1648 2028 inperpetuum
1695 1970 1990 2026 possidebunt.
2068 1969 2306 2011 Mindensis

118 2048 246 2088 etiam
280 2047 463 2088 ccclesia
500 2061 563 2091 ea,
598 2060 680 2101 que
714 2060 738 2086 a
771 2044 1021 2085 Coloniensi
1053 2042 1239 2084 ccclesia
1271 2042 1323 2083 de
1356 2041 1479 2081 bonis
1511 2042 1632 2081 tenet
1664 2038 1841 2090 eisdem,
1876 2039 2021 2093 quiete
2050 2039 2143 2080 51110
2167 2038 2310 2093 aliqua

118 2116 452 2157 contradictione
495 2114 747 2170 possidebit.
809 2113 1018 2154 Preterea
1050 2110 1408 2153 consuetudinem
1446 2110 1586 2149 minus
1620 2108 1861 2155 decentem,
1902 2122 2029 2162 quam
2061 2106 2309 2148 Fridericus

118 2186 347 2240 imperator
381 2188 529 2225 contra
568 2184 773 2224 iustitiam
806 2183 1050 2227 induxerat,
1097 2181 1262 2222 scilicet
1295 2179 1408 2234 quod
1441 2177 1749 2219 decedentibus
1783 2176 2059 2232 principibuS,
2106 2177 2311 2217 ecclesia-

118 2254 235 2293 sticis
271 2252 471 2293 videlicet
503 2251 711 2307 personis,
745 2250 1107 2306 quemadmodum
1141 2247 1495 2303 archiepiscopis,
1533 2245 1762 2301 episcopis,
1795 2245 2039 2291 abbatibus,
2072 2244 2307 2286 abbatissis

118 2327 159 2361 et
191 2322 433 2376 prepositis,
476 2335 619 2361 eorum
660 2320 1003 2375 suppellectilem
1047 2318 1128 2359 sibi
1160 2317 1373 2358 violenter
1404 2315 1642 2370 usurpavit,
1682 2314 1856 2369 penitus
1888 2313 2142 2354 abholemus
2176 2326 2254 2354 nec
2286 2327 2312 2354 a

118 2390 237 2431 nobis
272 2405 348 2431 1100
381 2404 406 2431 a
438 2390 590 2430 nostris
624 2389 948 2430 successoribus
981 2386 1312 2428 retractandam.
1365 2384 1433 2425 Ad
1454 2384 1535 2425 hec
1557 2383 1671 2424 bona
1694 2383 1776 2423 fide
1800 2386 2164 2437 prememoratum
2188 2382 2309 2423 iuva-

119 2459 286 2500 bimusk
320 2459 706 2513 archiepiscopum.
740 2462 786 2498 ut
819 2458 943 2508 bona,
978 2470 1059 2511 que
1091 2455 1361 2496 Coloniensis
1395 2453 1582 2495 ecclesia
1613 2466 1638 2493 a
1668 2451 1853 2493 Mosella
1885 2451 2085 2506 superius
2119 2454 2238 2492 tenet
2269 2454 2313 2492 et

118 2542 141 2567 a
175 2542 354 2582 quorum
398 2528 670 2583 possessione
712 2528 804 2582 ipsc
846 2527 1059 2566 violenter
1099 2524 1333 2565 destitutus
1368 2527 1446 2573 est,
1488 2524 1729 2576 recuperet.
1790 2520 1849 2560 Ut
1880 2520 2011 2574 igitur
2041 2519 2120 2560 hoc
2149 2519 2310 2574 regalis

118 2602 259 2637 nostre
293 2597 585 2637 munificentie
619 2596 778 2636 factum
813 2595 930 2650 pium
964 2608 1013 2634 ac
1047 2591 1388 2634 commendabile
1423 2590 1580 2631 nullius
1613 2590 1655 2629 in
1688 2593 1906 2644 posterum
1930 2588 2176 2643 calumpnia
2207 2601 2305 2642 per-

119 2665 280 2705 turbari
314 2665 462 2719 possit.
506 2664 581 2705 sed
616 2669 756 2704 ratum
789 2666 1041 2718 permaneat
1074 2666 1117 2702 et
1148 2662 1451 2716 inperpetuum
1481 2661 1745 2714 perseveret.
1778 2660 2024 2712 presentem
2058 2655 2157 2696 inde
2188 2655 2310 2711 pagi-

120 2747 214 2773 nam
251 2733 464 2774 conscribi
498 2739 540 2774 et
572 2732 814 2773 maiestatis
849 2736 991 2772 nostre
1025 2730 1167 2785 sigillo
1201 2729 1403 2770 iussimus
1436 2727 1647 2781 insigniri.

264 2801 394 2842 Cuius
425 2802 484 2842 rei
507 2807 641 2842 testes
666 2806 781 2842 sunt:
808 2833 815 2841 .
840 2834 849 2842 .
872 2799 1207 2854 Argentinensis
1231 2798 1474 2853 episcopus,
1506 2796 1778 2836 Thietmarus
1801 2792 2041 2834 Mindensis
2067 2792 2310 2847 episcopus,

118 2871 306 2911 Tirricus
348 2870 636 2911 Traiectensis
675 2870 923 2925 episcopus,
964 2867 1242 2909 Bernhardus
1280 2863 1699 2906 Paderbrunnensisl
1751 2862 2005 2917 episcopus,
2048 2861 2311 2915 episcopusm

118 2939 399 2979 Xanctensis.
441 2939 685 2979 Bunnensis
736 2938 979 2993 prepositus
1027 2937 1187 2987 Bruno,
1231 2933 1462 2989 Megteldis
1510 2933 1680 2974 ducissa
1733 2930 1987 2979 Brabantie,
2033 2928 2308 2970 Baldewinus

119 3021 260 3047 comes
293 3006 508 3055 Flandrie,
542 3007 786 3047 Henricus¹¹
819 3006 907 3047 dux
940 3006 992 3046 de
1025 3004 1300 3053 Limburch0,
1339 3003 1439 3044 Otto
1472 3015 1614 3042 comes
1647 2999 1884 3047 GelrensiS‚
1916 2996 2131 3038 Arnoldus
2165 3010 2311 3038 comes

121 3074 172 3114 dc
192 3074 325 3114 Cliuo.
350 3074 537 3115 Tirricus
557 3088 699 3115 comes
717 3074 965 3125 Hollandie,
990 3073 1234 3114 Henricusn
1258 3072 1309 3112 de
1328 3069 1429 3121 Cilo,
1453 3069 1697 3111 Henricusn
1715 3080 1858 3108 comes
1879 3065 2130 3121 Seynensis,
2151 3064 2312 3120 Symon

122 3156 261 3182 comes
294 3142 345 3182 dc
379 3142 707 3193 Tekenburchr‘,
741 3141 958 3183 Arnoldus
992 3154 1134 3182 comes
1168 3139 1221 3181 de
1244 3140 1417 3189 Altena,
1440 3138 1702 3179 WVilhelmus
1725 3149 1870 3177 comes
1893 3134 2162 3183 Iuliacensis,
2199 3132 2309 3175 Ger-

120 3211 276 3251 hardus
310 3225 454 3252 comes
487 3210 538 3251 de
567 3211 668 3261 Are,
703 3211 949 3252 Henricusu
983 3223 1125 3250 comes
1159 3208 1210 3249 de
1232 3208 1546 3261 Hocenswage,
1579 3205 1823 3246 Henricusn
1856 3216 2002 3243 comes
2034 3202 2086 3243 de
2111 3200 2308 3254 Cessele,

2343 888 2376 913 10

2344 1235 2376 1260 15

2344 1575 2378 1601 20

2345 1923 2378 1950 25

2345 2257 2378 2282 3⁰

2345 2604 2378 2629 35

2346 2947 2380 2971 40

140 3274 335 3333 ’titgerus
369 3279 420 3319 de
454 3279 678 3330 Merhcim,
722 3278 943 3319 Cinradus
982 3277 1034 3318 de
1066 3278 1218 3325 Dicka,
1261 3276 1533 3317 Giselbertus
1567 3278 1610 3315 et
1642 3271 1857 3327 Ri'stgerus
1891 3271 1942 3311 de
1978 3270 2168 3321 Bremet,
2202 3269 2304 3311 Otto
2342 3287 2375 3311 45

257 3413 315 3446 Π.
348 3420 377 3449 e,
405 3414 450 3445 sic
468 3414 514 3445 L:
539 3420 567 3445 et
593 3414 780 3454 suppletum
799 3413 844 3447 J':
875 3410 1072 3455 all[0diun]i
1099 3412 1146 3444 W.
1264 3409 1297 3452 d)
1332 3410 1558 3451 Eckenhagen
1585 3409 1624 3441 L.
1644 3408 1683 3440 P.
1736 3434 1741 3438 ,
1796 3406 1826 3447 θ)
1852 3407 1898 3438 sic
1924 3406 1963 3438 L.
1983 3405 2029 3444 P;
2053 3404 2236 3437 Clohteene
2262 3403 2309 3436 W.

119 3471 151 3513 f)
179 3473 326 3504 Heinrici
358 3471 401 3504 L:
433 3471 522 3512 qnod
547 3471 711 3512 supplerit
740 3470 838 3501 eliam
865 3470 903 3502 1¹.
1060 3468 1093 3512 g)
1125 3471 1333 3510 Bercnsteyn
1364 3468 1405 3500 L.
1424 3467 1464 3499 P.
1627 3464 1660 3507 h)
1687 3466 1756 3497 sive
1785 3464 1830 3496 W.
1983 3461 2007 3503 i)
2033 3461 2185 3494 Heinrici
2211 3459 2251 3493 L.
2269 3459 2310 3492 P.

118 3528 152 3568 k)
179 3541 265 3561 corr.
293 3540 332 3561 ea·
364 3529 557 3561 invalumus
584 3526 623 3559 Ρ.
764 3526 786 3566 ¹)
813 3528 1100 3559 l'adcrbornensis
1125 3526 1164 3558 L.
1186 3525 1224 3557 P.
1364 3525 1406 3563 ι’0)
1437 3524 1484 3555 sic
1512 3535 1576 3565 pro
1603 3523 1802 3564 prepositus.
1943 3523 1973 3556 ι1)
2001 3517 2184 3551 Heinricus
2209 3517 2250 3550 L.
2269 3516 2308 3548 P.

119 3592 150 3613 0·
179 3586 355 3617 Limlwrch
384 3585 422 3616 l..
442 3585 481 3616 Ι).
600 3590 631 3618 l'l
658 3584 879 3616 'l'ckenborch
912 3583 948 3615 L.
970 3583 1008 3615 P.
