2558 3970
211 155 290 194 428
650 151 865 187 HEINRICI
891 151 1029 187 REGIS
1054 150 1481 186 CONSTITUTIONES.
1533 152 1630 187 1234.
1679 152 1741 187 Nr.
1758 152 1834 188 318.
1861 153 1938 187 319.

211 267 287 307 fuit
320 266 562 307 diffinitum:
596 266 709 321 quod
742 267 883 306 nullus
917 281 941 306 a
973 270 1116 307 nostra
1148 267 1266 321 regia
1296 267 1522 308 maiestate
1547 267 1614 308 vel
1645 267 1730 308 alia
1751 268 1971 309 iudiciaria
1994 269 2248 310 auctoritate
2280 283 2378 324 pro-

211 336 392 389 scriptus
425 336 491 375 vel
525 350 545 375 a
580 335 748 375 domino
781 349 889 389 papa
925 340 967 375 et
999 335 1082 375 alio
1115 335 1253 376 iudice
1287 335 1583 376 ecclesiastico
1616 337 2011 377 excommunicatus
2043 351 2068 376 a
2099 337 2270 377 domino
2303 352 2379 378 suo

210 403 336 443 habet
369 404 433 443 ius
466 403 636 444 feodum
671 403 856 458 petendi.
890 417 984 443 eum
1009 404 1404 444 excommunicatus
1427 403 1479 443 ad
1510 408 1629 444 actus
1658 404 1872 458 legitimos
1896 417 1977 444 non
2001 405 2055 445 sit
2078 405 2380 449 admittendus.

351 471 508 512 Datum
534 472 913 516 Vrankenevnrde,
952 471 1049 511 [ΙΠ.
1084 471 1185 512 Idus
1223 472 1457 519 Februarii,
1491 472 1574 514 ind.
1599 472 1698 512 VII.

895 843 1022 911 318.
1077 840 1700 912 SENTENTIA
2438 880 2452 905 5

440 941 580 1012 DE
633 942 1072 1013 TREUGA
1125 943 1613 1015 MANUALI
1654 944 2136 1016 VIOLATA.

1086 1069 1227 1115 1234.
1268 1069 1406 1115 Febr.
1441 1070 1514 1116 10.

347 1212 473 1253 Dedit
507 1213 567 1252 ιη’)-
598 1213 644 1253 el.
670 1212 861 1264 Philippi
892 1228 942 1253 ear
974 1214 1226 1268 ‹teotoqrapho
1257 1214 1459 1255 tabularii
1489 1215 1593 1266 remi
1617 1214 1988 1265 Osmbruclmnsoets,
2020 1217 2127 1268 quod
2152 1217 2385 1258 litterarum

199 1283 431 1334 patentium
456 1280 635 1335 forma-m
667 1281 804 1331 habe&
843 1282 960 1323 cuius
990 1283 1172 1335 siyc'llum
1204 1283 1251 1322 m
1283 1285 1391 1336 teryo
1422 1283 1518 1324 olim
1557 1284 1801 1337 impressmn
1829 1285 1916 1325 iam
1945 1284 2199 1337 deperditum
2228 1289 2297 1327 est.
2331 1310 2384 1334 -.-

209 1348 662 1391 Huillard-Bre'holles
693 1350 771 1393 111
796 1352 889 1391 635.
950 1351 1142 1400 Bo'hmer,
1176 1351 1273 1405 Ray.
1306 1353 1404 1403 imp.
1437 1351 1480 1403 V,
1502 1354 1624 1393 4304.
2030 1353 2101 1407 (P.
2123 1356 2241 1406 300.)
2422 1373 2454 1398 ιο

348 1487 403 1527 H.
443 1487 524 1528 Dei
567 1489 706 1542 gratia
740 1488 1029 1529 Romanorum
1071 1503 1146 1530 rex
1186 1493 1228 1530 et
1267 1503 1436 1545 semper
1473 1495 1683 1544 augustus
1725 1491 1937 1532 universis
1979 1492 2147 1547 imperii
2185 1491 2384 1534 fidelibus

206 1557 357 1610 quibus
391 1570 570 1611 presens
604 1558 746 1598 lit-tera
784 1556 910 1597 fuerit
943 1563 1116 1599 ostensa
1148 1559 1329 1613 gratiam
1363 1573 1484 1600 suam
1517 1564 1559 1600 et
1592 1574 1717 1600 omne
1749 1559 1922 1600 bonum.
2042 1559 2252 1602 Omnibus
2286 1575 2384 1603 esse

204 1630 349 1665 notum
383 1626 593 1670 volumus,
627 1626 741 1680 quod
773 1627 813 1666 in
848 1628 1058 1683 solempni
1091 1629 1207 1669 curia
1238 1633 1385 1669 nostra
1416 1628 1786 1670 Vrankenevorde
1817 1629 2035 1684 plerisque
2069 1630 2237 1685 imperii
2268 1630 2384 1685 prin-

205 1694 370 1748 cipibus
403 1694 525 1734 nobis
558 1694 870 1744 assidentibus,
905 1697 1057 1737 comite
1091 1696 1240 1751 Egens
1274 1697 1326 1738 de
1349 1697 1440 1738 Ura
1473 1698 1731 1739 sententiam
1765 1697 1965 1748 dictante,
1998 1713 2022 1739 a
2054 1698 2178 1739 nobis
2211 1703 2383 1740 senten-

206 1763 362 1803 tialiter
395 1763 474 1803 fuit
505 1762 750 1805 diffinitum:
785 1766 898 1820 quod
931 1768 965 1807 si
998 1768 1187 1809 manuali
1219 1767 1302 1809 fide
1335 1769 1588 1824 interposita
1620 1772 1770 1823 treuge
1804 1768 1902 1809 date
1926 1771 2024 1809 sunt
2047 1773 2090 1809 et
2112 1769 2266 1824 aliquis
2288 1769 2382 1810 illas
2421 1786 2452 1811 15

205 1831 428 1872 violaverit
461 1838 503 1872 et
535 1833 576 1872 in
610 1847 783 1874 causam
815 1839 977 1876 tractus
1011 1851 1056 1877 sc
1089 1851 1332 1892 expurgare
1365 1837 1562 1890 voluerit,
1595 1837 1656 1877 illi
1690 1837 1755 1877 cui
1788 1838 1965 1877 interest
1989 1841 2031 1877 et
2061 1837 2126 1877 cui
2151 1836 2383 1892 dampnum

204 1900 348 1940 datum
391 1906 456 1941 est
501 1901 707 1942 incumbit
751 1904 966 1958 probatiO,
1011 1910 1057 1946 ut
1099 1907 1231 1946 tercia
1268 1921 1396 1947 manu
1443 1907 1532 1947 iure
1575 1906 1752 1947 iurando
1796 1905 2037 1957 confirmet,
2080 1906 2192 1961 quod
2233 1911 2383 1961 treuge

204 1970 361 2010 violate
395 1975 510 2014 sunt,
545 1971 611 2011 vel
645 1972 679 2011 si
712 1977 845 2014 testes
878 1975 1039 2015 habere
1073 1989 1153 2016 non
1186 1976 1394 2031 potuerit,
1428 1976 1469 2016 in
1504 1975 1821 2016 monomaschia
1853 1988 1996 2015 coram
2027 1973 2168 2014 iudice
2203 1974 2384 2015 seculari

205 2053 296 2079 cuni
332 2054 382 2079 eo
416 2038 729 2093 (congredietur.

348 2108 503 2149 Datum
539 2107 919 2155 Vrankenevordffl
954 2111 1057 2152 IIII.
1094 2112 1195 2153 Idus
1229 2112 1369 2158 Febr.,
1404 2112 1636 2153 indictione
1660 2111 1758 2153 VII.
2419 2130 2453 2156 20

517 2496 645 2563 319.
701 2493 1420 2566 CONSTITUTIO
1472 2495 2071 2567 GENERALIS

343 2595 480 2665 DE
532 2596 970 2668 IUDICIIS
1023 2598 1154 2669 ET
1202 2598 1344 2669 DE
1395 2598 1658 2669 PACE
1710 2597 2249 2669 TENENDA.

1088 2725 1228 2771 10234.
1268 2724 1408 2771 Febr.
1443 2725 1516 2771 11.

352 2867 527 2907 Servata
555 2870 613 2907 ost
643 2867 772 2908 solum
804 2868 849 2908 in
870 2868 1034 2909 Albrici
1067 2868 1395 2920 Trizmzsontizmz
1428 2868 1645 2918 Chronico,
1676 2868 1793 2909 cuius
1822 2867 2036 2908 editionem
2064 2868 2328 2909 novissimam
2357 2881 2385 2908 a

209 2935 294 2974 ciro
324 2936 370 2977 ol.
393 2935 812 2986 Sclzoffer-Boiclzorst
834 2937 912 2978 SS.
939 2937 1125 2987 XXIII,
1150 2939 1232 2978 934
1247 2940 1447 2989 paratam
1468 2937 1594 2978 secuti
1614 2949 1766 2978 smnus.
1814 2935 2073 2978 ,praecedunt
2092 2949 2180 2977 eam
2200 2935 2382 2977 auctoris
2417 2954 2449 2980 25
2500 2951 2506 2974 ·.

209 3003 346 3052 rerba,
386 3017 488 3055 quem
519 3018 569 3044 osc
599 3005 765 3045 essm-clio
796 3005 1098 3046 constitutionis
1128 3006 1341 3060 desumpta
1371 3018 1454 3047 esse
1484 3005 1585 3046 mihi
1615 3005 1828 3046 videntur:
1867 3005 1992 3063 Anno
2024 2995 2383 3046 M'OOXXXIIII.

208 3073 334 3112 tertio
368 3071 468 3113 Idus
499 3072 721 3114 Februarii
757 3075 1082 3115 constitutiones
1116 3076 1229 3130 regis
1255 3079 1297 3117 et
1324 3075 1564 3130 principum
1586 3074 1840 3116 Alemannie
1864 3073 1975 3129 apud
1998 3073 2304 3115 Frankenvort.
2330 3097 2380 3103 ——

208 3140 669 3183 Iluillarcl-Brffholles
700 3141 779 3192 IV,
803 3144 896 3182 636.
958 3142 1150 3193 Bo'lmzer,
1182 3143 1279 3195 Ray.
1313 3144 1409 3194 imp.
1439 3141 1484 3193 V,
1505 3143 1631 3183 4305.
2030 3141 2097 3195 (P.
2120 3143 2239 3194 301.)

355 3271 387 3307 1.
427 3267 624 3322 inprimis
665 3268 859 3310 omnibus
902 3269 1068 3324 imperii
1100 3269 1318 3314 fidelibus,
1360 3282 1413 3310 ne
1445 3269 1486 3309 in
1518 3282 1643 3324 reysa
1675 3268 1848 3323 publica
1880 3267 2136 3322 procedant,
2182 3267 2379 3308 omnibus

210 3336 344 3376 modis
377 3336 630 3379 inhibemus.
2416 3351 2448 3376 ³0

350 3407 387 3446 2.
419 3404 487 3446 Ad
526 3405 604 3446 hec
647 3406 859 3447 universis
901 3406 1163 3448 iudiciariam
1195 3410 1454 3462 potestatem
1493 3405 1751 3452 habentibus
1794 3406 2049 3446 auctoritate
2089 3405 2208 3459 regia
2238 3404 2378 3460 preci-

210 3474 361 3527 pimus.
396 3474 595 3527 quatinus
629 3474 680 3514 ad
712 3475 1027 3530 reprimendam
1059 3475 1344 3516 hereticorum
1375 3474 1596 3529 perfidiam
1625 3478 1713 3514 toto
1743 3473 1837 3514 nisu
1867 3473 2049 3514 solerter
2076 3472 2299 3514 intendant
2331 3485 2379 3514 ac

211 3541 365 3582 iniuste
399 3543 710 3596 persecutionia
745 3543 888 3584 iudicii
921 3545 1137 3598 preferant
1169 3544 1414 3598 equitatem.

344 3656 428 3691 319,
461 3663 491 3698 ³)
518 3659 630 3690 iniusti
658 3659 888 3700 persecutione
914 3659 949 3699 1;
975 3661 1208 3702 prosecutione
1233 3659 1265 3692 2.

2513 2027 2533 2062 ἐῢ
2519 1983 2537 2011 ῑττ
2518 1944 2541 1968 *τ
2515 1821 2542 1922 »Ὀιψξ
