2558 3970
706 154 951 190 FRIDERICI
980 154 1022 189 II.
1049 150 1486 188 CONSTITUTIONES.
1540 151 1637 185 1245.
1687 150 1749 184 Nr.
1768 151 1847 185 202.
2307 154 2383 192 361

325 272 514 316 Secunda
541 272 685 327 forma
719 271 770 321 B,
809 284 913 323 (stuic
955 271 1002 311 *in
1044 270 1150 310 libro
1189 269 1463 310 dictaminum
1498 267 1614 308 Petri
1646 267 1694 308 de
1726 267 1869 308 Vincis
1902 268 1926 307 Ι.
1953 267 1989 316 Ι,
2029 283 2059 308 c.
2083 272 2110 307 3
2140 269 2177 308 et
2208 267 2254 307 in
2285 266 2392 307 codi-

179 343 294 385 cibus
317 345 342 382 1
373 344 410 383 et
440 344 468 382 3
498 341 585 394 reqi
618 340 828 382 Franciac
863 340 1063 391 inscripta
1097 341 1166 388 est,
1200 340 1370 392 praesto
1396 337 1487 391 fult
1527 337 1569 376 in
1621 337 1656 390 1)
1691 336 1822 377 codice
1855 336 2155 388 Stuttyartensi
2186 334 2281 377 hist.
2305 337 2391 376 :347

178 411 447 466 (Peutinyer)
473 410 551 465 fol.
576 412 642 458 97,
675 423 793 462 quem
828 410 870 448 in
902 408 1078 449 editione
1114 407 1193 447 riri
1215 408 1263 448 el.
1290 405 1588 448 ll'inlnimann
1624 405 1743 445 ‘Acta
1776 405 1940 459 imperii
1973 404 2143 445 inedita'
2167 403 2230 454 II,
2253 417 2316 445 nr.
2334 407 2389 444 43

177 480 464 529 adhibuimus;
510 479 553 532 2)
601 478 732 520 codiee
769 477 1157 530 Montislaessulano
1187 477 1282 523 3:31,
1332 488 1450 526 quem
1499 474 1581 514 iam
1621 474 1715 513 olim
1765 474 1935 513 eontulit
1973 473 2132 522 mute,-
2178 472 2222 527 3)
2261 472 2392 513 codice

126 567 140 590 5
179 548 385 591 Parisino
427 548 499 589 lat.
532 548 670 587 13059
702 546 764 600 (S.
799 547 1003 589 Germain
1035 545 1206 599 Harlay
1234 546 1338 595 455)
1377 557 1480 595 pars
1502 543 1536 591 I,
1570 557 1633 584 nr.
1659 548 1685 582 3
1719 543 1795 597 sel.
1817 548 1867 586 2.·
1916 543 1959 596 4)
2000 543 2130 584 codice
2167 543 2392 585 li'illierin-

174 618 292 672 qensi
319 629 424 670 pars
445 616 511 668 II,
543 630 603 668 el).
628 618 693 666 57,
735 617 809 668 qui
840 618 995 657 textum
1032 615 1201 667 praebet
1232 627 1324 654 cum
1355 613 1576 665 aliquoties
1621 612 1789 653 librarii
1828 612 2004 652 arbitrie
2039 613 2264 662 variatum,
2307 614 2392 652 lum

177 700 270 729 vero
309 685 530 739 aliquoties
565 686 741 738 propius
771 685 828 726 ad
851 686 1017 740 formas
1050 686 1084 725 A
1117 687 1154 724 et
1187 683 1219 724 O
1252 682 1517 723 accedentem.
1581 682 1738 722 Forma
1773 681 1805 721 13
1849 682 1999 733 leyiteir
2029 683 2151 721 ctiam
2184 683 2229 721 in
2263 681 2393 721 codice

187 755 495 798 Vindobonensi
517 756 600 794 409
632 754 806 807 (Phicol.
831 755 905 805 (51)
930 754 1009 808 fol.
1035 756 1088 794 71
1107 754 1130 792 ¹.
1194 752 1416 792 Praeterea
1450 750 1652 804 encyclica
1687 750 1837 803 leyitur
1871 751 1913 789 in
1949 750 2150 792 Chronico
2172 750 2394 791 Francisci

178 824 329 878 Pipini
369 825 394 866 l.
418 824 480 874 II,
513 837 544 866 e.
574 827 626 864 34
671 823 786 875 apud
826 823 1116 864 Marmoreum
1155 821 1397 873 ‘Scriptores
1435 834 1573 860 rerum
1619 819 1879 860 Italicarum'
1927 819 2009 867 IX,
2041 822 2135 869 6:33,
2176 822 2212 859 et
2250 821 2393 860 auctor

112 912 144 936 ιο
179 893 290 944 dicit,
324 907 412 934 eam
444 892 651 934 Ludoeico
673 892 757 934 IX.
791 892 877 945 reyi
903 891 1118 933 Franciae
1148 890 1200 931 ab
1232 890 1479 941 ¹imperatore
1510 889 1680 929 missam
1711 900 1806 929 esse.
1862 887 2023 928 Revera
2047 887 2230 939 Pipinus
2262 889 2394 939 ipsam

176 962 272 1019 fere
298 962 484 1018 formam
516 961 551 1003 B
577 961 749 1014 praebet
761 962 790 1012 2,
822 961 1027 1002 multoties
1057 961 1332 1012 deformatam
1363 972 1434 998 seu
1465 958 1643 999 arbitrio
1670 958 1892 1007 variatam,
1924 957 2144 1008 aliquoties
2176 959 2312 997 tamen
2336 957 2394 997 cel

176 1033 225 1074 in
263 1031 455 1073 minutiis
495 1031 552 1073 ad
585 1030 769 1086 formam
800 1031 838 1072 A
873 1031 1049 1082 propius
1079 1029 1331 1072 accedentem
1371 1041 1497 1080 quam
1530 1027 1654 1068 codex
1675 1029 1723 1077 4‚·
1762 1027 1809 1066 in
1845 1027 1976 1080 eapite
2006 1030 2033 1065 ὅ
2070 1039 2153 1066 non
2187 1026 2318 1066 solum
2349 1040 2395 1065 ca

179 1103 375 1155 'teytintur
406 1114 511 1154 qnae
541 1101 779 1154 sinytdaria
804 1099 979 1152 praebet
1005 1100 1149 1154 forma
1173 1099 1222 1150 B,
1256 1098 1328 1139 sed
1357 1098 1481 1139 etiam
1502 1111 1550 1138 ea
1573 1111 1678 1150 quae
1708 1096 1868 1148 formae
1890 1096 1943 1137 A.
1969 1095 2001 1136 C
2036 1094 2224 1135 tradiint.
2280 1098 2395 1148 (guae

180 1185 271 1213 eum
302 1172 362 1212 ita
394 1171 491 1220 sint,
523 1171 679 1211 textum
711 1169 863 1224 Pipini
894 1183 913 1210 e
944 1168 1107 1210 duabus
1132 1168 1290 1223 formis
1312 1167 1348 1208 B
1378 1170 1414 1208 et
1438 1167 1476 1207 A
1508 1181 1534 1207 a
1567 1165 1723 1218 Pipino
1754 1165 1978 1217 conlectum
2010 1178 2080 1205 sen
2112 1165 2287 1204 mianum
2314 1177 2397 1204 esse

114 1262 144 1287 1⁵
172 1253 425 1294 persuasum
463 1238 608 1288 liabeo,
655 1238 823 1291 ideoque
868 1240 958 1279 eius
1001 1238 1192 1279 lectiones
1236 1236 1405 1278 omnino
1450 1235 1587 1277 reieci.
1659 1234 1835 1288 Siqnum
1877 1233 2205 1285 clzronoleqieum
2246 1233 2398 1273 mensis

181 1309 450 1362 Septembris,
498 1307 608 1361 quod
648 1307 716 1349 itte
754 1308 867 1349 sotus
907 1307 1106 1357 continet,
1157 1307 1201 1347 in
1240 1305 1508 1347 adnotatione
1550 1304 1656 1345 dedi.
1726 1303 1986 1345 Huiitardus
2024 1302 2094 1353 VI,
2124 1304 2208 1342 34&
2247 1302 2397 1343 disere-

171 1379 350 1433 pantias
375 1378 542 1433 formae
562 1376 599 1418 B
632 1377 859 1419 secundum
889 1377 1088 1418 editiones
1120 1375 1239 1417 Petri
1270 1375 1318 1417 de
1349 1375 1493 1417 Vincis
1523 1374 1760 1424 adnotavit,
1793 1387 1899 1425 quae
1930 1374 2087 1413 textum
2118 1371 2327 1412 variatum
2360 1373 2397 1411 et

179 1447 450 1501 depravatum
478 1447 689 1500 praebent.

326 1517 491 1558 Tertiae
522 1516 689 1571 formae
719 1516 752 1557 G
791 1516 917 1558 codem·
957 1516 1109 1557 ‘euticus
1150 1518 1209 1556 est
1246 1515 1536 1557 universitatis
1569 1512 1800 1567 Prayensis
1833 1511 1916 1554 III
1945 1512 2035 1553 (1¹5¹
2066 1512 2112 1551 ‘in
2144 1510 2198 1550 40
2231 1509 2395 1550 membr.

114 1608 148 1633 20
183 1600 285 1629 saec.
310 1586 438 1628 XIV.
463 1585 522 1627 in.
555 1598 759 1627 summam
797 1584 1071 1626 dictaminum
1110 1585 1303 1638 mayistri
1343 1583 1559 1625 Dominiei
1590 1582 1781 1635 Hispani
1811 1581 2037 1630 continens,
2071 1580 2148 1635 fot.
2170 1582 2237 1629 82,
2270 1595 2289 1618 e
2320 1593 2398 1631 quo

179 1656 427 1712 encyclicam
456 1657 644 1696 nostram
677 1654 760 1696 iam
792 1654 889 1695 otim
920 1654 1170 1708 exemplavit
1200 1654 1266 1694 vir
1296 1654 1345 1696 et.
1376 1651 1688 1696 Wattenbacli3.
1755 1649 1858 1693 Cum
1891 1650 1922 1690 C
1956 1663 2003 1690 ea
2029 1649 2174 1704 forma
2203 1648 2395 1700 putanda

181 1726 247 1775 sit,
278 1738 384 1778 quae
408 1723 678 1776 principibus
710 1723 877 1776 imperii
907 1724 1038 1765 missa
1060 1726 1130 1773 est,
1162 1725 1398 1775 textumque
1422 1722 1624 1777 praebeat
1654 1720 1876 1763 admodum
1908 1719 2069 1769 bonum,
2101 1721 2281 1759 tenorem
2311 1717 2400 1758 eius

180 1795 228 1836 in
249 1796 439 1836 contextu
462 1792 662 1836 dedimus.
683 1819 736 1823 —
752 1792 1204 1836 Huillard-Breliotles
1230 1791 1303 1843 VI,
1320 1794 1417 1834 331.
1464 1791 1659 1842 Bo'kmer,
1678 1790 1776 1843 Ray.
1797 1790 1893 1842 imp.
1923 1787 1968 1839 V,
1985 1788 2111 1830 3495.
2129 1788 2253 1829 3510.
2273 1787 2397 1828 3499.

2018 1857 2089 1911 (P.
2112 1856 2255 1907 deest.)

334 3760 381 3784 Ua.
410 3758 691 3784 CONSTITUTIONES
715 3759 750 3783 Π.

115 1965 148 1990 25
702 1945 746 1988 C.
1798 1942 1853 1983 A.
1876 1941 1933 1981 B.

272 2015 320 2056 F.
361 2014 446 2055 Dei
492 2013 636 2069 gratia
677 2012 970 2055 Romanorum
1022 2014 1258 2070 imperator
1416 2012 1703 2054 Fredericusa
1727 2011 1809 2052 Dei
1842 2010 1983 2065 gratia
2006 2009 2296 2049 Romanorum
2322 2009 2397 2049 im-

187 2097 362 2140 semper
394 2086 620 2137 august-us,
654 2081 895 2124 Ierusalem
927 2087 969 2124 et
993 2082 1153 2138 Sycilie
1178 2097 1257 2124 rex
1327 2086 1504 2139 perator
1545 2096 1717 2137 semper
1761 2085 1995 2134 augustus.
2043 2078 2312 2119 [herusalem
2358 2081 2400 2118 et

185 2152 240 2194 V.
272 2152 428 2194 illustri
459 2150 554 2206 regi
585 2150 767 2192 Boemie
801 2151 957 2194 dilecto
996 2152 1180 2208 principi
1214 2156 1257 2193 et
1329 2152 1502 2194 Scicilie
1545 2157 1649 2192 rex³
1681 2149 1887 2205 prelatisb
1929 2148 2231 2197 ecclesiarum,
2266 2146 2397 2187 comi-

187 2222 307 2264 affini
340 2235 418 2264 suo
458 2220 648 2276 graciam
689 2234 810 2262 suam
845 2225 888 2263 et
920 2234 1046 2263 omne
1078 2221 1254 2263 bonum.
1327 2221 1442 2263 tibus
1472 2220 1565 2262 eth·
1588 2219 1837 2268 baronibus.
1871 2217 2088 2259 nobilibus
2121 2221 2163 2258 et
2185 2216 2399 2257 universis

119 2308 153 2334 30
1327 2305 1403 2346 per
1435 2304 1618 2345 regnum
1642 2288 1799 2344 Anglie
1824 2287 2084 2336 constitutis,
2120 2286 2276 2341 quibus
2299 2299 2399 2341 pre-

1329 2364 1477 2402 sentes
1517 2359 1642 2400 litere
1683 2362 1859 2400 ostense
1900 2356 2081 2407 fuerint,
2123 2354 2316 2396 devotis⁰
2358 2358 2400 2395 et

1329 2430 1478 2471 amicis
1511 2429 1612 2478 suis,
1648 2428 1835 2470 salutem
1870 2431 1913 2469 et
1946 2439 2071 2467 omne
2104 2424 2278 2465 bonum.

275 2498 340 2555 (1)
375 2499 518 2542 Cause
552 2503 699 2541 nostre
742 2499 959 2540 iusticiam
995 2503 1038 2541 et
1078 2514 1251 2555 proces·
1415 2497 1481 2555 (1)
1522 2496 1617 2539 Etsi
1657 2511 1785 2538 cause
1827 2499 1972 2536 nostre
2012 2492 2273 2535 iusticiamc·
2306 2493 2398 2533 vul-

189 2581 306 2618 sum,
349 2581 477 2623 quem
515 2572 663 2610 contra
703 2582 780 2610 nos
822 2583 1016 2610 summus
1056 2568 1257 2624 pontifex
1326 2566 1470 2623 garisd
1499 2566 1615 2608 fame
1648 2564 1923 2621 preloquium
1948 2569 1990 2605 et
2020 2563 2262 2618 regiorum⁰
2285 2562 2397 2603 veri-

121 2654 154 2680 35
191 2636 341 2678 diebus
372 2636 468 2679 istis
493 2637 650 2679 dicitur
672 2637 894 2689 habuisse,
928 2638 1118 2693 vulgaris
1142 2637 1255 2680 fame
1329 2637 1424 2678 dica
1447 2635 1697 2678 testimonia
1720 2634 1975 2675 nunciorum
2000 2631 2053 2673 ad
2085 2629 2402 2673 universitatisf

187 2706 458 2762 preloquium
478 2712 522 2748 et
543 2707 776 2748 multorum
792 2707 985 2749 veridica
1007 2707 1257 2749 testimonia
1328 2710 1473 2748 vestre
1505 2705 1710 2746 noticiam
1740 2702 1995 2758 perduxisse
2026 2700 2268 2752 credamus,
2299 2700 2399 2755 quia

188 2776 442 2817 nunciorum
474 2775 527 2817 ad
549 2780 668 2818 tuam
690 2776 894 2818 noticiam
919 2776 1134 2818 credimus
1158 2790 1255 2832 per·
1328 2780 1473 2817 tamen

189 2843 380 2886 duxisse.
433 2843 528 2892 Quo
552 2844 786 2901 diligenter
808 2850 989 2898 attento,
1016 2845 1257 2902 prudencia
1387 2844 1547 2896 segnius
1565 2844 1715 2883 irritant
1732 2843 1908 2882 animum
1926 2842 2123 2881 demissae
2140 2853 2206 2891 per
2223 2851 2355 2878 aurem
2366 2845 2398 2870 8·

189 2918 264 2955 tua
285 2918 403 2956 recte
427 2913 686 2967 consideret,
712 2915 747 2956 si
769 2914 899 2958 fuerit
920 2916 962 2957 in
989 2915 1254 2971 archiponti-
1387 2928 1507 2965 quam
1539 2927 1613 2964 que
1647 2917 1738 2952 sunt
1765 2911 1886 2951 oculis
1919 2908 2118 2950 subiectah
2150 2909 2368 2956 fidelibus&

122 2998 156 3024 ιο
191 2981 271 3024 fice
302 2987 450 3025 nostro
1333 2983 1470 3038 ipsam
1494 2996 1646 3038 puram
1672 2985 1714 3022 et
1731 2979 1889 3021 nudam
1910 2979 2135 3020 veritatem
2154 2991 2398 3032 processus,

1329 3065 1455 3107 quem
1483 3056 1632 3092 contra
1659 3063 1737 3090 nos
1763 3048 1918 3089 summi
1941 3046 2165 3102 pontifices
2192 3045 2398 3087 hactenus

1331 3120 1591 3169 habuerunt,
1624 3122 1770 3159 vestro
1797 3115 2047 3171 conspectui
2078 3119 2396 3171 presentamus.

1329 3189 1399 3231 Ad
1427 3186 1569 3230 cuiusi
1589 3187 1909 3243 inspeccionem
1933 3184 2169 3241 plenariam
2193 3188 2235 3225 et
2257 3189 2397 3225 atten-

329 3305 415 3340 262.
450 3307 480 3346 ³)
506 3307 555 3339 ita
572 3306 604 3339 A
622 3307 661 3348 2;
695 3307 912 3340 Frethericus
936 3310 999 3339 etc.
1018 3307 1049 3338 A
1067 3306 1104 3348 13
1136 3306 1330 3339 Fridericus
1355 3310 1417 3338 etc.
1445 3304 1476 3336 A
1495 3304 1515 3337 3
1524 3317 1532 3344 3
1569 3305 1596 3336 F
1599 3304 1658 3336 rid.
1685 3303 1757 3345 regi
1782 3302 1922 3334 Francie
1947 3300 1980 3332 Β
2001 3300 2034 3340 1;
2075 3301 2128 3332 Fr.
2164 3300 2235 3342 regi
2258 3299 2400 3332 Francie

105 3371 156 3403 Α45
191 3374 293 3407 super
316 3365 486 3398 sententia
510 3365 729 3408 depositionis
751 3365 821 3398 late
852 3365 888 3397 in
912 3376 991 3398 eum
1016 3376 1075 3408 per
1099 3375 1223 3407 papam
1247 3368 1281 3396 et
1305 3363 1497 3396 cardinales
1528 3363 1564 3394 in
1593 3361 1737 3394 concilio
1761 3359 1985 3402 Lugdunensi
2011 3358 2043 3390 B
2059 3356 2091 3390 3.
2200 3355 2232 3398 b)
2259 3357 2399 3400 prelatis

192 3432 295 3465 usque
319 3434 418 3456 omne
442 3423 572 3456 bonum
597 3423 664 3455 des.
681 3422 724 3455 B.
866 3421 920 3464 b')
948 3422 1087 3455 deestA
1105 3421 1136 3455 2.
1155 3420 1186 3454 3.
1320 3422 1348 3459 ⁰)
1375 3421 1505 3453 devotiS
1530 3437 1573 3442 -—
1600 3419 1671 3452 suis
1697 3418 1765 3450 des.
1784 3416 1816 3448 A
1835 3414 1866 3447 2.
2001 3417 2054 3453 θ’)
2087 3419 2125 3447 et
2158 3425 2399 3457 processum

194 3479 364 3513 add.B4
389 3491 464 3513 eum
487 3481 605 3521 forma
630 3479 665 3513 Ο.
781 3478 813 3521 d)
852 3481 1027 3523 vulgantis
1052 3480 1086 3512 A
1110 3479 1139 3513 3.
1260 3478 1290 3522 e)
1323 3479 1502 3521 regionum
1530 3477 1560 3509 A
1581 3476 1615 3515 1;
1654 3475 1886 3508 multorum
1912 3473 1944 3505 A
1962 3471 1994 3505 3.
2020 3472 2063 3505 B.
2181 3470 2210 3514 f)
2248 3473 2399 3505 sereni-

194 3538 296 3571 tatis
320 3537 364 3572 B.
482 3539 514 3578 8)
538 3538 672 3571 animos
697 3538 835 3570 dimissa
853 3537 885 3569 A
902 3536 934 3571 2.
1052 3540 1106 3577 8⁴⁹)
1133 3547 1233 3570 aures
1250 3535 1282 3568 A
1301 3534 1333 3568 2.
1351 3534 1383 3569 3.
1500 3533 1535 3576 11)
1562 3534 1709 3567 demissa
1734 3532 1765 3564 A
1787 3531 1815 3564 1.
1933 3528 1956 3573 i)
1983 3529 2072 3563 deest
2091 3528 2123 3561 A
2142 3528 2173 3562 2.

334 3628 368 3672 1)
402 3627 457 3670 Of.
484 3626 635 3662 ‘Fontes
663 3637 787 3662 rerum
810 3628 1100 3663 Austriaearum'
1125 3627 1179 3670 II,
1202 3630 1281 3660 tom.
1302 3630 1354 3668 25,
1372 3629 1440 3660 435
1465 3635 1521 3659 nr.
1539 3629 1588 3659 19.
1705 3623 1741 3667 2)
1768 3620 1954 3656 Lectiones
1979 3619 2136 3664 propius
2160 3618 2329 3653 acc-edwii
2353 3617 2400 3651 ad

129 3693 163 3720 50
195 3683 343 3721 codicem
368 3685 396 3719 B
414 3688 445 3721 3.
563 3685 598 3728 3)
627 3684 680 3728 Of.
709 3685 868 3720 ‘Archiv'
896 3685 945 3730 X,
962 3690 1038 3721 662.
1155 3685 1191 3728 4)
1218 3683 1367 3718 Horatii
1394 3681 1509 3726 Epist.
1537 3681 1589 3725 ΙΙ,
1607 3685 1638 3725 3,
1657 3684 1736 3716 180.

2081 3738 2126 3772 46
