2558 3970
214 159 293 198 430
656 155 870 190 HEINRICI
898 154 1037 191 REGIS
1063 155 1488 190 CONSTITUTIONES.
1540 156 1636 191 1234.
1687 157 1748 190 Nr.
1768 157 1844 192 320.
1869 157 1946 192 321.

211 414 341 480 320.
389 410 1008 481 SENTENTIA
1053 411 1195 482 DE
1242 411 1647 483 [UDIOIO
1694 412 1811 482 IN
1857 412 2383 487 OLERICOS.

1094 536 1233 582 1234.
1274 537 1414 583 Febr.
1449 536 1521 582 192.

353 678 627 729 ΡνοροηίυιαικἸ
670 691 740 732 ope
776 679 972 731 ima-ainis
1011 679 1370 732 plzotoqraphicac,
1408 694 1530 732 quam
1568 679 1678 721 dedit
1714 679 1904 735 Philippi
1943 680 2152 735 ‘Beitrdye
2189 695 2265 723 ,zur
2307 682 2386 724 Ge-

207 747 376 787 svleiehte
406 747 477 786 ‹lm-
500 746 812 788 Refelaskamlei
841 750 962 788 meter
988 748 1065 788 den
1097 749 1240 790 lctztcn
1263 749 1475 801 Staufcrn'
1498 763 1548 790 ca:
1569 749 1822 802 autoyraploeo
1843 750 2048 791 tabularii
2066 750 2384 793 Hannoveromi.

208 816 357 856 Eodem
389 816 642 867 ‹zatoqrapho
676 827 773 855 usus
802 818 861 855 cst
890 816 955 855 vir
985 816 1033 858 cl.
1055 815 1245 858 Doclmer
1277 818 1321 858 in
1352 817 1457 858 libro
1488 816 1839 859 ‘Ur-kundenbuch
1868 818 1940 859 der
1971 818 2089 859 Stadt
2118 817 2384 862 Hildesheim‘
2436 832 2451 857 ⁵

207 885 240 927 I.
268 886 320 924 68
353 897 416 925 nr.
440 887 534 924 131.
567 884 773 936 Siqillum,
805 883 922 923 cuius
952 884 1124 936 vcstiqia
1155 887 1315 926 tantum,
1345 888 1514 935 restant,
1548 886 1592 926 m
1623 888 1731 938 tcrqo
1751 885 1930 938 affixum
1950 889 2051 927 erat.
2081 912 2134 917 —-
2162 886 2387 929 Hu-z‘llard-

206 952 422 993 B›·‹³leolles
453 952 484 994 I
491 952 534 993 V.
558 954 650 994 638.
711 951 906 1001 Balanea
940 952 1038 1005 Rcy.
1070 953 1168 1006 imp.
1202 953 1246 1003 V,
1267 955 1393 996 4306.
2035 954 2105 1007 (P.
2127 956 2246 1009 302.)

348 1077 403 1117 H.
443 1077 525 1118 Dei
568 1078 707 1132 gratia
746 1077 1036 1119 Romanorum
1077 1093 1154 1120 rex
1193 1084 1234 1120 et
1278 1093 1448 1136 semper
1494 1085 1704 1135 augustus
1748 1081 1910 1121 civibus
1952 1081 2386 1125 Hildensemensibus

206 1147 416 1187 universis
449 1147 633 1200 gratiam
666 1151 708 1187 et
741 1160 865 1187 omne
899 1147 1071 1189 bonum.

349 1214 454 1255 Cum
487 1216 529 1255 in
562 1216 786 1271 sollempni
819 1217 934 1257 curia
966 1218 1007 1257 in
1040 1217 1343 1259 Frankenvort
1376 1232 1430 1259 ex
1462 1218 1675 1258 communi
1700 1232 1915 1259 consensu
1948 1219 2188 1275 principum
2213 1233 2238 1260 a
2259 1218 2383 1262 nobis
2421 1232 2454 1257 10

206 1285 259 1324 sit
291 1284 528 1325 decretum:
563 1288 608 1324 ut
641 1285 897 1340 quicumque
932 1286 1126 1327 seculare
1158 1286 1365 1327 iudicium
1399 1286 1604 1327 adversus
1637 1287 1820 1341 aliquem
1851 1287 2053 1328 clericum
2078 1287 2320 1328 exercuerit
2341 1287 2385 1330 in

205 1353 284 1393 hiis
326 1366 407 1407 que
452 1353 672 1407 sanguinis
712 1352 915 1394 iudicium
957 1355 1200 1409 requirunt‚
1244 1359 1343 1396 ante
1384 1354 1735 1410 degradationem
1779 1355 1832 1396 ab
1873 1355 2085 1410 episcopis
2129 1354 2383 1407 faciendam,

204 1427 346 1476 preter
379 1421 420 1461 id
453 1421 563 1476 quod
595 1422 636 1462 in
672 1436 880 1463 canonem
913 1423 998 1463 late
1032 1425 1248 1466 sententie
1281 1423 1452 1476 incidit,
1490 1438 1515 1465 a
1546 1438 1628 1479 quo
1660 1428 1806 1479 preter
1836 1423 2047 1465 indultum
2080 1424 2238 1465 domini
2270 1437 2382 1482 pape

204 1490 389 1544 speciale
431 1490 586 1544 nequid
626 1490 811 1538 absolvi,
858 1505 911 1531 ex
955 1496 1101 1532 nostra
1142 1492 1197 1533 sit
1238 1493 1451 1533 sententia
1495 1492 1844 1548 proscribendus,
1888 1497 1930 1533 et
1968 1492 2149 1534 dilectus
2181 1493 2381 1550 princeps

203 1563 349 1599 noster
381 1558 427 1600 C.
461 1558 835 1600 Hildensemensis
858 1560 1084 1615 episcopus
1116 1574 1192 1615 per
1224 1575 1345 1601 suam
1379 1561 1500 1602 nobis
1525 1561 1834 1616 querimoniam
1867 1561 2131 1616 patefecerit,
2166 1561 2279 1617 quod
2303 1575 2377 1604 vos
2421 1580 2452 1604 15

203 1628 454 1668 auctoritate
488 1628 661 1683 propria
693 1628 871 1669 clericos
905 1634 1067 1669 temere
1100 1629 1327 1670 iudicando
1359 1631 1487 1671 morti
1518 1630 1709 1671 feceritis
1742 1629 1971 1681 destinari,
2010 1630 2054 1670 in
2087 1643 2193 1685 quos
2226 1629 2379 1686 degra—

203 1696 386 1736 dationis
421 1697 634 1737 sententia
666 1710 751 1737 non
784 1698 1009 1752 precessit,
1044 1698 1163 1739 vobis
1196 1699 1452 1739 auctoritate
1475 1699 1595 1753 regia
1616 1699 1793 1739 firmiter
1815 1698 2089 1754 precipiendo
2111 1698 2383 1751 mandamus,

205 1766 402 1819 quatinus
436 1766 473 1805 ei
507 1769 549 1805 et
581 1764 765 1806 ecclesie
798 1779 888 1814 sue„
922 1766 962 1806 in
996 1780 1123 1820 quam
1156 1765 1409 1821 deliquistis,
1442 1771 1568 1822 prout
1601 1767 1693 1807 eius
1726 1767 1908 1821 gratiam
1939 1767 2132 1808 invenire
2167 1767 2380 1822 poteritis,

67 1869 73 1873 .
110 1856 130 1875 r.
147 1853 170 1875 21.
204 1833 453 1874 emendetis.
515 1834 720 1888 Alioquin
743 1848 817 1874 vos
851 1835 892 1874 in
924 1834 1067 1875 media
1091 1835 1434 1890 quadragesima,
1467 1839 1513 1876 ut
1534 1849 1610 1891 pro
1633 1836 1763 1876 tantis
1788 1835 2084 1890 respondeatis
2110 1835 2379 1886 excessibus‚

201 1901 253 1941 ad
286 1907 470 1942 nostram
504 1903 782 1957 presentiam„
815 1903 1072 1958 ubicumque
1106 1904 1327 1956 fuerimus,
1361 1918 1606 1947 evocamus,
2421 1922 2455 1948 20

343 1970 439 2011 Dat.
474 1971 783 2017 Frankenvort,
819 1971 872 2014 ΙΙ.
907 1972 1009 2013 Idus
1043 1972 1262 2024 Februar.7
1296 1973 1526 2016 indictione
1550 1973 1651 2015 VII.

292 2380 417 2448 321.
474 2377 959 2450 DONATIO
1020 2378 1743 2451 [MMUNITATIS
1797 2378 2291 2451 TELONEI.

1082 2505 1224 2551 1234.
1260 2504 1402 2552 Febr.
1431 2505 1505 2552 13.

343 2634 469 2675 Dedit
500 2636 583 2676 iam
615 2637 711 2678 olim
742 2637 777 2678 b.
799 2652 850 2678 m.
884 2637 1091 2679 Hinrz'cus
1122 2638 1258 2679 Smiclt
1289 2638 1483 2679 duumvir
1520 2652 1571 2679 ex
1600 2637 1854 2691 autographo
1894 2638 2095 2680 tabularii
2126 2638 2378 2688 Bremcnsis,

199 2703 264 2742 eui
295 2703 497 2754 appendet
526 2705 763 2746 etiamnunc
799 2706 982 2758 ssiqillum
1017 2708 1186 2758 ramum.
1220 2732 1272 2737 ——
1306 2705 1759 2748 Huillard-Bre‘holles
1790 2705 1990 2756 1V,638.
2052 2706 2245 2758 Bo‘kmer,
2277 2706 2374 2759 ch.
2415 2729 2446 2754 2⁵

199 2772 295 2822 simp.
327 2771 371 2821 V,
393 2774 521 2816 4307.
2028 2775 2100 2830 (P.
2123 2776 2239 2826 571.)

342 2874 396 2915 H.
430 2874 511 2916 Dei
544 2878 681 2930 gratia
714 2877 1005 2919 Romanorum
1043 2892 1121 2919 rex
1162 2893 1333 2934 semper
1365 2883 1574 2934 augustus
1614 2878 1823 2920 universis
1857 2878 1935 2920 hoc
1969 2880 2173 2935 scriptum
2207 2880 2377 2920 intuen-

201 2941 312 2982 tibus
353 2944 394 2983 in
435 2948 704 2998 perpetuum.
823 2946 1031 2987 Noverint
1071 2948 1280 2999 universi,
1321 2947 1433 3002 quod
1477 2952 1564 2988 tam
1597 2947 1976 2989 constitutionibus
2008 2961 2033 2988 a
2064 2952 2212 2991 nostra
2243 2948 2377 2989 maie-

201 3017 310 3051 state
351 3025 486 3066 nuper
525 3013 566 3052 in
600 3015 717 3054 curia
747 3014 1047 3056 Frankenfurd
1084 3017 1388 3071 promulgatis,
1429 3030 1555 3071 quam
1589 3017 1718 3057 etiam
1759 3016 1961 3071 peticioni
1994 3016 2141 3058 dilecti
2173 3016 2375 3072 principis

202 3081 334 3119 nostri
382 3079 433 3120 G.
474 3082 730 3123 venerabilis
780 3083 1030 3125 Bremensis
1078 3085 1262 3125 ecclesie
1311 3085 1623 3140 archiepiscopi
1675 3085 1926 3126 satisfacere
1971 3085 2215 3140 cupientes,
2259 3085 2374 3125 cives
2413 3098 2446 3123 ³0

202 3146 459 3189 Bremenses
506 3156 547 3190 et
587 3150 821 3193 Stadenses
866 3167 890 3193 a
931 3154 1194 3208 prestatione
1237 3154 1446 3199 thelonei,
1494 3153 1605 3208 quod
1658 3153 1711 3194 ab
1754 3154 1856 3208 ipsis
1897 3155 1938 3194 in
1983 3155 2154 3196 civitate
2197 3153 2375 3194 Lubeke

201 3215 419 3270 hucusque
453 3219 567 3273 exigi
601 3221 842 3271 consuevit,
874 3221 1032 3262 liberos
1065 3223 1235 3277 penitus
1268 3222 1519 3263 dimittimus
1549 3228 1591 3262 et
1623 3222 1858 3263 absolutos.
1920 3221 1975 3262 Et
2007 3236 2060 3265 ne
2094 3221 2135 3262 id
2169 3222 2371 3277 temporis

202 3297 404 3337 processu
445 3286 484 3325 in
527 3286 702 3328 dubium
743 3294 981 3337 revocetur,
1022 3291 1298 3345 presentibus
1339 3292 1493 3332 litteris
1527 3296 1672 3331 nostre
1712 3291 1947 3331 maiestatis
1980 3291 2136 3346 apponi
2172 3291 2372 3331 iussimus

203 3351 402 3403 sigillum.

344 3420 498 3461 Datum
533 3425 642 3477 apud
677 3424 978 3473 Frankenfurtff
1014 3427 1113 3467 Idus
1146 3428 1382 3475 Februarii,
1417 3428 1647 3468 indictione
1682 3429 1878 3482 septima.
2409 3449 2439 3476 35
