2558 3970
14 1716 212 1744 1235..lun.·.¹4.

235 178 314 217 225
721 173 956 206 FRIDl-Illlt'l
987 172 1027 205 ll.
1054 171 1480 206 CONSTITUTIONES.
1532 172 1629 206 1234.
1679 172 1835 207 Nr.18‹3.
1864 173 1938 207 187.

235 289 484 329 Rethmmm.
530 288 797 339 Aulam-(ephe
821 288 884 327 nsi
905 289 1001 327 suut
1022 289 1058 325 et
1081 287 1160 337 ipsi
1181 286 1353 327 editores
1371 285 1589 338 Oriqinum
1612 287 1893 338 er-Ifiearmn
1911 287 1989 333 IV,
2008 289 2102 330 141.
2122 312 2174 317 —
2196 287 2418 329 Huillard-

233 358 446 397 Rm'lwlles
478 356 674 398 111437.
737 355 928 403 Biihmer,
962 355 1059 406 Rey.
1096 355 1189 406 imp.
1225 354 1267 404 V,
1288 356 1414 397 2056.
2038 355 2109 408 (P.
2131 355 2272 405 deest.)

376 470 619 510 Fridericus
644 469 724 510 Dei
748 469 886 523 gratia
916 468 1209 509 Romanorum
1233 468 1467 523 imperator
1490 482 1660 523 semper
1681 472 1903 522 augustus,
1936 467 2176 510 Ierusalem
2208 474 2250 510 et
2273 469 2415 513 Sicilie

234 554 323 578 rex.
440 538 524 578 Per
557 552 734 592 presens
767 538 970 592 scriptum
1003 541 1149 592 pateat
1181 537 1376 577 omnibus
1408 537 1574 592 imperii
1607 536 1823 586 fidelibus,
1857 535 1969 590 quod
2001 550 2079 577 nos
2112 536 2164 577 ad
2197 539 2415 592 supplices

231 606 481 646 dilectorum
526 606 765 661 principum
811 610 1054 646 nostrorum
1101 605 1326 645 instantias
1367 605 1578 654 inclinati,
1621 618 1798 659 quorum
1841 618 1998 659 magna
2037 618 2135 659 pars
2168 605 2415 646 celsitudini
2471 614 2485 638 ⁵

231 685 373 714 nostre
415 675 558 728 sepius
600 674 803 714 attentius
845 674 1100 728 supplicavit
1133 677 1175 713 et
1207 672 1259 712 ad
1292 672 1487 713 ultimum
1520 672 1724 712 dilectum
1758 671 1927 712 fidelem
1961 677 2153 713 nostrum
2186 673 2416 714 Albertum

233 742 284 782 de
324 742 529 782 Arnstein
574 742 624 782 ad
674 743 934 796 presentiam
977 746 1166 781 nostram
1207 741 1247 780 in
1288 740 1459 782 Italiam
1501 740 1790 791 destinarunt,
1839 741 2054 795 supplices
2095 742 2415 796 magnificentie

234 818 379 851 nostre
414 825 490 865 per
523 825 618 851 eum
651 824 800 865 preces
834 811 1079 857 offerentes,
1114 815 1158 850 ut
1184 809 1387 850 Ottonem
1420 809 1471 850 de
1494 809 1754 849 Luneburch
1786 808 1957 850 fidelem
1990 813 2183 850 nostrum
2212 811 2255 851 in
2277 811 2415 866 pleni-

232 879 419 919 tudinem
463 880 598 933 gratie
644 884 788 920 nostre
831 893 1049 920 assumere
1093 878 1388 933 dignaremur,
1439 877 1491 918 de
1540 878 1687 918 innata
1739 877 1957 918 serenitati
2001 882 2145 918 nostre
2189 879 2418 920 elementia

232 948 429 1002 precibus
472 961 615 987 eorum
658 953 779 1002 grato
823 962 1003 988 assensu
1048 950 1344 998 occurrentes,
1389 960 1483 987 cum
1528 946 1608 986 zeli
1645 946 1779 986 nostri
1812 946 1996 986 maxime
2029 946 2171 987 fervor
2202 951 2415 999 exestuet‚
2454 959 2487 983 10

231 1022 276 1055 ut
321 1015 501 1056 subiecti
543 1016 664 1056 nobis
709 1016 854 1071 populi
895 1031 970 1071 per
1013 1015 1286 1056 latitudinem
1328 1014 1495 1069 imperii
1537 1015 1654 1069 pacis
1692 1013 1910 1068 gaudeant
1948 1015 2167 1067 ubertate,
2214 1015 2418 1071 quidquid

232 1084 341 1124 inter
363 1084 631 1125 altitudinem
657 1090 845 1125 nostram
870 1091 911 1124 et
934 1084 1145 1139 prefatum
1169 1083 1400 1124 Ottonema
1425 1083 1478 1123 de
1503 1083 1757 1138 patrimonio
1782 1087 1824 1123 et
1845 1083 2174 1138 proprietatibus
2196 1083 2418 1124 Heinricib

231 1151 350 1192 ducis
386 1154 523 1207 patrui
558 1154 635 1196 sui.
670 1167 750 1208 que
774 1167 797 1193 a
821 1154 1107 1208 primogenita
1130 1152 1217 1192 filia
1240 1165 1317 1192 sua
1342 1152 1698 1206 comparavimus,
1732 1165 1866 1191 uxore
1891 1151 2149 1192 marchionis
2173 1151 2225 1193 de
2248 1151 2416 1204 Baden,

231 1221 393 1262 dissidii
429 1223 606 1262 vertitur
638 1223 707 1263 vel
742 1223 952 1269 rancoris,
995 1222 1047 1262 ad
1080 1221 1301 1262 arbitrium
1336 1221 1588 1261 dilectorum
1623 1221 1862 1275 principum
1896 1225 2140 1261 nostrorum
2173 1221 2415 1276 patriarche

232 1290 556 1344 Aquilegensisc
580 1292 649 1331 vel
674 1291 813 1332 fratris
841 1292 907 1332 sui
926 1291 1116 1346 episcopi
1135 1289 1509 1344 Bambergensisd,
1534 1290 1648 1344 regis
1666 1289 1860 1340 Boemie,
1882 1289 2145 1344 landgraviie
2164 1288 2414 1345 Thuringie,
2453 1307 2486 1332 15

231 1358 406 1399 alterius
446 1360 739 1401 marchionum
783 1360 835 1401 de
867 1358 1248 1414 Brandenburghs,
1291 1359 1343 1399 A.
1377 1359 1445 1399 vel
1479 1358 1528 1399 G.
1563 1358 1615 1399 de
1647 1358 1851 1399 Arnstein
1883 1358 2083 1399 duximus
2123 1358 2415 1407 referendum·‚

230 1428 545 1469 committentes
586 1442 731 1469 eorum
776 1428 894 1479 fidei,
937 1434 985 1469 ut
1023 1428 1074 1468 de
1112 1428 1350 1483 prescripta
1392 1428 1615 1481 questione
1654 1427 1766 1468 inter
1809 1427 2111 1468 excellentiam
2150 1432 2341 1468 nostram
2375 1432 2419 1469 et

231 1495 413 1536 eundem
454 1496 688 1538 Ottonem⁸
727 1497 778 1538 de
822 1497 1090 1551 plenitudine
1135 1496 1364 1552 potestatis
1404 1496 1465 1536 eis
1507 1509 1582 1550 per
1625 1509 1702 1536 nos
1750 1495 1906 1536 collate
1952 1495 2094 1536 taliter
2134 1495 2333 1537 ordinent
2375 1500 2418 1537 et

230 1571 504 1619 componant.
554 1567 665 1607 sicut
711 1567 930 1620 utriusque
980 1566 1111 1620 partis
1151 1565 1301 1606 honori
1343 1570 1385 1605 et
1423 1564 1645 1605 commodo
1679 1563 1863 1605 viderint
1905 1564 2126 1620 expedire.
2187 1564 2233 1605 Si
2273 1569 2415 1606 autem

231 1632 380 1686 aliquis
414 1634 703 1689 predictorum
736 1634 876 1676 eidem
910 1635 1085 1676 arbitrio
1118 1648 1202 1675 non
1235 1634 1425 1689 potuerit
1457 1634 1690 1684 interesse,
1735 1633 1866 1674 ceteri
1899 1634 2027 1674 alium
2068 1647 2142 1689 pro
2175 1647 2246 1685 eo,
2288 1647 2416 1688 quem
2455 1647 2488 1674 20

233 1701 453 1744 voluerint.
489 1703 651 1757 eligant
675 1710 717 1744 et
740 1710 980 1752 assumant:
1016 1708 1253 1745 statuentes
1276 1709 1323 1744 ut
1346 1702 1496 1744 eadem
1521 1703 1686 1757 questio
1711 1716 1735 1742 a
1755 1702 1897 1743 futuro
1919 1702 2030 1744 festo
2054 1702 2191 1744 sancti
2212 1701 2418 1743 Iohannis

229 1769 416 1825 baptiste
450 1771 573 1812 VIII.
619 1772 861 1814 indictionis
905 1787 1039 1827 usque
1082 1773 1135 1814 ad
1176 1786 1334 1813 annum
1379 1771 1431 1812 ad
1475 1772 1670 1812 ultimum
1713 1771 1767 1811 sit
1808 1770 1972 1820 decisa3
2020 1770 2220 1826 quicquid
2263 1770 2419 1827 prefati

228 1838 374 1879 arbitri
414 1839 465 1879 de
507 1855 637 1881 causa
679 1841 882 1882 iamdicta
920 1842 1220 1893 tractaverint,
1266 1841 1494 1881 statuerint
1526 1844 1600 1881 aut
1631 1841 1966 1895 composuerint,
2009 1844 2148 1881 ratum
2187 1844 2229 1881 et
2261 1840 2417 1881 stabile

228 1906 409 1947 fideliter
450 1908 647 1950 habituri.
711 1909 777 1950 Ad
822 1911 940 1951 cuius
980 1911 1042 1951 rei
1080 1910 1341 1951 evidentiam
1379 1922 1558 1963 presens
1602 1909 1810 1964 scriptum
1851 1909 1981 1963 sigilli
2019 1909 2151 1950 nostri
2184 1909 2416 1950 munimine

227 1974 406 2017 fecimus
441 1978 644 2019 roborari.
2455 1994 2486 2020 25

370 2045 510 2087 Huius
543 2048 603 2088 rei
637 2052 770 2089 testes
795 2054 912 2089 sunt:
946 2048 1079 2090 frater
1102 2048 1157 2089 H.
1180 2048 1390 2102 magister
1411 2047 1559 2088 domus
1583 2046 1989 2098 Theutonioorumg,
2021 2045 2069 2088 L.
2095 2050 2137 2088 et
2158 2046 2419 2089 H..comites

228 2111 279 2152 de
302 2112 542 2161 Yrobureh,
568 2116 622 2157 H.
647 2130 788 2158 comes
818 2117 869 2158 de
895 2116 1210 2165 Greiffesbach.
1235 2116 1286 2158 G.
1306 2116 1358 2157 de
1378 2116 1599 2163 Arnstein,
1624 2115 1671 2157 O.
1697 2115 1748 2156 de
1767 2114 2065 2166 Hohenloehh,
2089 2115 2138 2156 O.
2161 2115 2212 2156 de
2239 2114 2419 2156 Stuzze-

230 2181 387 2233 lingen.
421 2189 463 2223 et
495 2184 563 2224 alii
598 2186 887 2240 quamplures.

372 2252 481 2292 Acta
529 2260 627 2293 sunt
670 2254 746 2294 hec
796 2267 907 2294 anno
950 2253 1122 2294 Domini
1166 2252 1527 2302 MOCXXXIIII,
1575 2267 1723 2294 mense
1767 2252 2066 2308 Septembrisi,
2115 2252 2260 2294 indict.
2294 2251 2415 2293 VIII.

228 2319 385 2360 Datum
419 2322 531 2375 apud
565 2322 755 2363 Montem
788 2322 1025 2366 Flasconis.
1061 2335 1186 2364 anno.
1221 2335 1369 2363 mense
1403 2327 1446 2363 et
1477 2321 1710 2363 indictione
1743 2322 2006 2377 prescriptis.
2452 2340 2485 2364 30

230 2729 352 2796 181.
396 2726 967 2797 SENTENTIA
1003 2727 1115 2796 IN
1152 2725 1644 2797 FAVOREM
1673 2726 2411 2797 ECOLESIARUM.

1179 2851 1320 2898 1234.
1360 2851 1480 2897 Nov.

371 2983 535 3025 Damus
566 2999 616 3025 est:
646 2984 900 3038 autoyraplzo
940 2984 1146 3025 tabularii
1176 2984 1294 3036 reym·
1324 2983 1554 3033 Bawariez',
1588 2983 1970 3026 Rarita'ten—Selcct
1990 2986 2057 3034 44,
2089 2983 2198 3036 quod
2221 2983 2416 3037 provenit

227 3065 245 3090 e
277 3053 483 3093 tabulario
514 3054 735 3104 episcopali
765 3053 1038 3094 Eichstetensi
1068 3055 1104 3093 et
1134 3053 1372 3093 etiamnunc
1403 3052 1515 3093 bulla
1546 3066 1677 3092 aurea
1707 3052 1954 3104 insequitum
1984 3054 2054 3093 cst.
2115 3051 2246 3091 Edita
2275 3052 2334 3091 est
2363 3063 2414 3090 esc

230 3122 314 3171 ipso
334 3121 586 3173 (cetloyraplco
610 3122 652 3161 in
670 3121 956 3162 Monwnentis
973 3120 1116 3162 Boicis
1138 3120 1285 3170 XXX,
1304 3122 1340 3169 1,
1357 3121 1443 3160 227
1463 3133 1526 3161 nr.
1547 3121 1641 3161 727.
1666 3146 1717 3149 ——
1741 3119 2189 3161 Herillard-Bre'holles
2209 3119 2299 3170 III,
2316 3118 2409 3158 508.
2449 3131 2481 3157 35

227 3190 420 3239 Balanea,
453 3190 550 3242 Rey.
585 3192 681 3244 imp.
715 3190 758 3240 V,
779 3191 902 3231 2065.
2057 3187 2127 3240 (P.
2151 3188 2269 3235 304.)

371 3315 459 3369 (C.)
490 3324 506 3347 κ
538 3316 586 3356 In
621 3317 790 3357 nomine
825 3320 973 3356 sancte
1007 3320 1049 3356 ct
1080 3314 1298 3356 individue
1331 3314 1566 3356 Trinitatis,
1627 3311 1988 3354 FRIDERIOUS
2023 3312 2234 3354 secundus
2267 3312 2410 3353 divina

229 3384 399 3424 favente
434 3385 661 3424 clementia
695 3384 987 3425 Romanorum
1027 3385 1260 3438 imperator
1290 3397 1460 3439 semper
1492 3387 1721 3437 augustus,
1754 3381 1994 3422 Ierusalem
2025 3386 2068 3421 et
2101 3381 2246 3422 Sicilie
2279 3383 2411 3436 rem}

230 3451 470 3506 Imperialis
519 3453 775 3492 excellentie
822 3452 1004 3506 dignitas
1054 3457 1154 3492 tunc
1195 3453 1397 3507 precipue
1444 3451 1618 3492 laudum
1665 3447 1837 3490 suarum
1880 3449 2028 3489 titulos
2069 3450 2264 3505 ampliat,
2313 3462 2409 3489 cum

367 3554 449 3587 186.
483 3560 512 3585 ³5
539 3556 577 3587 Ο.
604 3555 654 3586 ed.
796 3556 824 3594 ὓ)
851 3556 988 3587 chrici
1015 3556 1064 3588 ed.
1205 3556 1235 3595 θ)
1260 3555 1512 3597 Aquilegiensis
1536 3555 1586 3585 ecl.
1719 3551 1753 3595 (¹)
1784 3553 2075 3594 Babenbergensis
2099 3552 2149 3583 ed.
2268 3550 2298 3593 θ)
2323 3552 2409 3584 lant-
2444 3558 2478 3583 40

227 3613 337 3653 grauii
363 3612 414 3643 ml.
531 3610 556 3650 f,
597 3613 858 3644 Brandeuburcli
885 3613 935 3644 ed.
1052 3612 1087 3652 8)
1119 3613 1327 3645 Theutonice
1353 3624 1396 3651 e.;
1434 3613 1651 3643 'rhemonum
1676 3610 1726 3642 ed.
1844 3608 1877 3651 h)
1910 3609 2088 3642 Hohenloh
2114 3609 2166 3641 ed.
2283 3607 2306 3649 i)
2332 3609 2410 3650 Sep-

227 3669 345 3699 tembri
371 3668 421 3699 ed.
