2558 3970
71 919 104 944 10

71 1263 104 1288 15

71 1617 104 1643 20

71 1961 104 1987 25

71 2306 105 2332 30

72 2657 103 2683 35

74 3356 108 3382 45

697 165 907 201 OTTONlS
935 166 994 200 IV.
1021 166 1452 200 CONSTITUTIONES.
1506 167 1602 199 12141.
1656 166 1715 199 Nr.
1734 167 1788 199 37.
2283 175 2334 210 43¹,

143 282 354 323 communi
396 281 558 323 Pisano
607 280 930 336 recipientibus,
976 281 1089 334 quod
1132 283 1260 321 faciet
1303 283 1372 322 ita.
1422 281 1532 336 quod
1575 289 1760 320 ‹aisti-um
1799 280 2002 321 Bonifatii
2038 283 2090 321 ab
2126 282 2248 321 lindie
2283 283 2332 321 :ul

141 350 300 391 festum
332 351 519 391 omnium
553 354 800 390 sanctorum
835 349 1030 404 proxime
1064 355 1290 389 venturum
1325 350 1497 389 dabitur
1529 350 1664 390 libere
1699 351 1737 390 iu
1773 357 2031 404 potestatem
2063 352 2240 391 rectoris
2267 352 2330 391 vel

142 419 365 460 consulum
398 418 650 460 Pisanorum
690 417 741 458 ad
783 417 1029 458 faciendum
1064 417 1161 457 inde
1202 418 1403 472 quiequid
1438 420 1579 458 faeere
1616 419 1792 458 voluerit
1830 419 1893 458 vel
1929 420 2137 459 voluerint
2171 419 2335 473 abs-que

141 487 320 528 alicuius
344 486 701 532 contradictione;
736 486 802 527 vel
838 486 977 541 ipsum
1002 491 1189 526 castrum
1216 486 1415 526 Bonifatii
1442 487 1610 541 penitus
1635 486 1798 527 destrui
1825 488 1965 528 saciet„
2002 488 2115 527 nullo
2140 487 2336 527 lie‹liti‹·i‹›

141 555 201 597 ibi
232 560 507 599 remanente:
552 556 633 605 vel,
675 556 708 595 si
742 559 939 595 neutrum
975 555 1154 595 istorum
1189 555 1329 595 faeere
1364 557 1533 609 poterit.
1575 562 1618 595 ut
1653 555 1811 595 dictum
1847 564 1923 598 est.
1957 563 2087 611 ponet
2120 557 2335 596 civitatem

140 623 276 665 Ianue
318 629 361 666 et
400 639 547 666 omnes
591 623 787 665 homines
827 624 962 679 ipsius
997 624 1182 664 civitatis
1214 630 1256 664 et
1288 624 1414 664 fortie
1449 630 1491 664 et
1524 624 1742 664 districtus
1777 633 1905 679 atque
1941 626 2093 666 rivet-ie
2132 626 2262 665 lanue
2297 626 2334 665 in

139 692 328 735 bannum
360 694 541 749 imperii,
574 697 617 735 et
640 692 691 733 de
716 693 857 734 banno
882 706 965 733 non
989 692 1202 734 extrahet.
1236 692 1373 733 donec
1398 698 1586 733 castrum
1612 693 1815 733 Bonifatii
1841 693 1986 734 datum
2017 695 2145 734 fuerit
2168 694 2336 734 Pisanis

139 762 208 803 vel
241 761 505 804 destructum
539 762 681 807 fuerit,
714 766 760 802 ut
792 760 954 802 dictum
988 766 1068 802 est.

286 838 322 877 2.
357 836 413 877 Et
445 837 693 878 civitatibus
727 835 925 877 omnibus
947 835 1209 877 Lombardie
1244 841 1286 877 ct
1319 837 1496 891 singulis
1531 843 1573 877 et
1606 838 1735 877 etium
1769 838 1873 877 lovis
1899 845 1940 877 et
1965 838 2116 877 eastris
2142 837 2337 877 omnibus=

144 909 188 946 et
228 905 545 946 marchionibus
590 910 633 945 et
666 905 895 946 comitibus
928 905 1007 945 sub
1041 911 1311 946 sacramento
1356 905 1576 946 fidelitatis
1618 907 1846 961 precipiet.
1891 912 1930 945 vt
1972 913 2219 960 preceptum
2256 920 2336 945 nou

141 974 378 1023 revocabit,
421 978 464 1015 et
496 974 736 1015 rectoribus
769 979 812 1015 et
845 974 1096 1015 consulibus
1130 989 1178 1015 ac
1218 975 1508 1030 potestatibus
1543 976 1730 1029 ipsarum
1766 975 1987 1015 civitatum
2029 981 2069 1014 et
2104 974 2337 1014 marchioni

140 1042 453 1084 Montisferrati
495 1047 539 1084 et
580 1042 899 1084 marchionibus
941 1043 993 1084 de
1026 1042 1164 1083 vasto
1203 1048 1245 1083 et
1284 1044 1521 1084 marchioni
1558 1044 1798 1099 Malaspine
1832 1050 1871 1084 et
1914 1044 2117 1099 episeopo
2152 1043 2338 1083 Lunensi

142 1115 185 1154 et
217 1111 459 1153 rectoribus
502 1112 693 1152 locorum
729 1112 917 1153 omnium
951 1112 1213 1153 Lunisciane
1257 1117 1299 1153 et
1332 1113 1516 1153 Lucanis
1549 1113 1797 1153 consulibus
1840 1118 1966 1166 atque
2002 1112 2171 1152 l'istorii
2217 1119 2333 1167 [miv-

141 1181 242 1221 stati
277 1186 319 1222 et
352 1180 601 1222 consulibus
630 1180 901 1224 Florentinis,
936 1180 1051 1235 quod
1084 1182 1302 1222 civitatem
1336 1181 1470 1222 Ianue
1504 1187 1546 1222 et
1579 1196 1728 1221 ornnes
1763 1181 1958 1221 homines
1993 1181 2123 1235 ipsius
2157 1182 2339 1221 civitatis

142 1254 186 1291 et
216 1249 341 1291 fortie
375 1255 418 1292 et
443 1250 662 1291 districtus
694 1256 823 1305 atque
847 1249 1002 1290 riverie
1027 1250 1162 1290 Ianue
1185 1264 1262 1305 pro
1287 1250 1476 1291 bannitis
1502 1250 1723 1291 habebunt
1748 1255 1789 1290 et
1812 1250 1863 1290 ad
1889 1265 1962 1290 eos
1987 1250 2052 1290 vel
2077 1249 2129 1289 ad
2153 1251 2338 1303 aliquem

139 1319 281 1360 locum
314 1333 461 1360 eorum
495 1333 580 1360 non
612 1319 864 1374 permittent
896 1318 965 1360 vel
998 1319 1218 1374 patientur
1249 1320 1552 1360 mercimonias
1587 1319 1652 1359 vel
1687 1334 1755 1360 res
1789 1320 1955 1374 aliquas
1982 1318 2047 1358 vel
2082 1318 2251 1358 bladam
2286 1319 2339 1358 ab

140 1388 284 1444 aliquo
317 1388 370 1430 de
415 1389 504 1430 suis
538 1389 606 1430 vel
649 1388 803 1429 alienis
844 1387 1003 1429 deferri
1047 1401 1126 1428 nec
1160 1403 1183 1429 a
1218 1389 1306 1429 suis
1346 1389 1499 1443 recipi:
1545 1394 1586 1428 ct
1627 1388 1736 1442 quod
1771 1388 2007 1442 quemlibet
2043 1387 2173 1427 lanue
2215 1394 2255 1427 et
2288 1387 2339 1427 (le

140 1458 297 1499 riveria
339 1458 429 1499 eius
472 1462 514 1499 et
557 1471 706 1498 eorum
737 1469 804 1497 res
845 1457 1106 1511 ubicumque
1147 1461 1349 1512 poterunt
1394 1458 1567 1512 capient
1601 1463 1643 1497 ct
1676 1458 1873 1497 auferent
1907 1463 1948 1497 et
1982 1458 2076 1511 capi
2111 1465 2150 1495 ct
2184 1457 2337 1497 auferri

141 1526 303 1568 facient
335 1530 378 1568 et
410 1540 492 1567 non
524 1524 715 1567 reddent'
738 1540 817 1566 nec
850 1526 972 1567 reddi
1001 1527 1175 1567 facient.

285 1601 322 1643 3.
356 1600 439 1642 Vel
488 1601 522 1641 si
561 1600 785 1649 acciderit,
831 1600 942 1655 quod
984 1600 1182 1641 dominus
1227 1601 1462 1656 imperator
1508 1601 1704 1642 faciendo
1745 1606 1786 1641 et
1827 1602 1916 1641 fieri
1963 1602 2158 1642 faciendo
2198 1603 2336 1643 omnia

139 1669 333 1726 predicta
365 1669 419 1711 ad
453 1675 642 1711 castrum
672 1669 876 1711 Bonifatii
900 1669 1071 1711 Pisanis
1105 1669 1294 1711 dandum
1329 1671 1396 1711 vel
1431 1670 1754 1711 destruendum.
1789 1676 1833 1709 ut
1867 1671 2227 1725 suprascriptum*
2261 1678 2338 1712 est.

138 1739 285 1781 facere
328 1753 413 1780 non
455 1738 625 1794 poterit,
666 1743 713 1780 ut
752 1744 940 1780 castrum
974 1738 1181 1780 Bonifatii
1216 1739 1387 1780 Pisanis
1432 1739 1558 1780 detur
1591 1740 1657 1780 vel
1699 1739 1988 1779 ‹lestruhatun
2032 1739 2227 1779 dominus
2262 1741 2337 1779 im-

139 1813 315 1864 perator
347 1809 400 1850 ab
433 1807 562 1850 hodie
595 1807 648 1849 ad
679 1807 902 1849 Kalendas
925 1808 1028 1849 Maii
1061 1809 1280 1864 proximas
1305 1809 1507 1850 convenit
1531 1813 1572 1849 et
1595 1809 1790 1864 promisit
1813 1808 2140 1863 suprascriptis¹’
2174 1809 2338 1861 legatis,

140 1882 188 1919 ut
220 1878 582 1933 suprascriptuma
615 1881 695 1927 est,
728 1876 840 1932 quod
872 1877 1003 1918 faciet
1034 1878 1106 1923 ita,
1141 1877 1366 1919 retinendo
1400 1892 1573 1932 semper
1594 1877 1772 1919 Ianuam
1799 1882 1841 1917 ct
1877 1876 2071 1917 homines
2095 1877 2186 1917 eius
2212 1877 2340 1917 foi-eie

142 1951 187 1988 et
218 1947 373 1988 riverie
405 1947 447 1987 in
479 1945 636 1996 banno,
668 1950 715 1986 ut
747 1945 907 1987 dictum
941 1951 1020 1997 est,
1055 1961 1080 1986 a
1101 1946 1274 1987 domino
1309 1947 1569 2002 imperatore
1603 1951 1645 1986 et
1678 1946 1731 1987 ab
1765 1946 1962 1986 omnibus
1998 1945 2344 2001 suprascriptis'¹1

142 2015 256 2071 quod
288 2020 473 2057 castrum
507 2015 840 2056 Portusveneris
874 2015 927 2056 ab
969 2015 1071 2057 inde
1105 2015 1156 2057 ad
1191 2015 1414 2057 Kalendas
1450 2015 1721 2071 Septembris
1754 2015 1970 2069 proximas
2004 2014 2174 2054 dabitur
2206 2014 2340 2054 libere

141 2085 185 2126 in
221 2088 482 2141 potestatem
521 2084 702 2126 rectoris
734 2084 804 2125 vel
843 2085 1070 2126 consulum
1102 2084 1361 2126 Pisanorum
1403 2084 1456 2125 ad
1497 2084 1744 2125 faciendum
1786 2083 1884 2124 inde
1927 2083 2126 2138 quicquid
2162 2083 2344 2122 voluerit

140 2154 210 2196 vel
243 2153 459 2196 voluerint
497 2153 662 2208 absque
703 2153 886 2195 alicuius
928 2153 1284 2206 contradictione,
1328 2154 1447 2195 nulla
1487 2154 1615 2194 fortia
1646 2153 1782 2194 Ianue
1815 2153 1882 2193 vel
1917 2153 2095 2193 alterius
2129 2152 2269 2206 gentis
2306 2152 2343 2191 iu

141 2223 234 2280 ipso
267 2226 544 2271 remanente3
583 2222 654 2264 vel
687 2222 800 2278 quod
843 2223 985 2278 ipsum
1029 2227 1217 2264 castrum
1255 2223 1585 2265 Portusveneris
1625 2223 1799 2278 penitus
1839 2221 2002 2262 destrui
2041 2220 2183 2265 faciet,
2229 2220 2344 2260 nullo

139 2291 339 2335 hedificio
368 2291 429 2333 ibi
460 2295 730 2333 remanente.

283 2371 322 2410 4.
363 2366 422 2408 Et
462 2366 574 2424 quod
619 2367 833 2422 precipiet
866 2367 945 2409 sub
978 2367 1125 2409 debito
1163 2366 1387 2409 fidelitatis
1420 2371 1463 2407 et
1495 2366 1637 2407 banno
1681 2365 1861 2420 imperii,
1902 2369 1945 2405 et
1977 2368 2226 2419 preceptum
2262 2378 2342 2403 non

140 2437 379 2489 revocabit,
411 2441 455 2477 et
487 2436 567 2477 sub
601 2448 714 2492 pena
745 2436 862 2476 mille
893 2436 1163 2478 marcharum
1198 2436 1368 2492 argenti
1400 2436 1646 2490 unicuique,
1682 2435 1800 2476 cuius
1832 2447 1943 2489 pene
1976 2434 2218 2488 pentionem
2245 2447 2341 2473 con-

142 2506 274 2548 cessit
295 2506 503 2562 potestati
524 2505 686 2547 Pisane
711 2509 755 2546 et
777 2505 1100 2547 successoribus
1125 2506 1231 2557 eius,
1265 2505 1470 2561 episcopo
1494 2504 1702 2555 Lunensi,
1737 2503 1987 2544 consulibus
2012 2503 2079 2542 vel
2103 2501 2342 2543 rectoribus

139 2573 574 2616 Pontremulensibus
619 2578 662 2616 et
702 2574 938 2616 marchioni
980 2573 1224 2630 Malaspine
1264 2578 1306 2615 et
1339 2573 1537 2615 omnibus
1578 2572 1817 2614 rectoribus
1858 2572 2047 2612 locorum
2081 2570 2342 2611 Luniseianc

141 2648 184 2685 et
216 2643 456 2699 capitaneis
489 2642 676 2684 Versilie
709 2647 752 2684 et
784 2642 1063 2698 Garfagnane
1098 2647 1140 2684 et
1173 2642 1422 2684 consulibus
1444 2641 1561 2682 Luce
1595 2645 1638 2682 et
1668 2640 1875 2696 potestati
1898 2640 2072 2680 Pistorii
2099 2644 2140 2679 et
2163 2638 2340 2678 Floren-

140 2712 243 2754 tinis
275 2711 526 2753 consulibus
559 2716 603 2754 et
636 2713 842 2768 episcopo
864 2712 1128 2754 Vulterrano
1163 2717 1206 2753 et
1236 2711 1394 2753 rectori
1416 2711 1632 2757 Vulterre,
1667 2709 1779 2764 quod
1813 2709 1866 2750 ab
1900 2708 1995 2748 hinc
2029 2709 2069 2748 in
2102 2713 2226 2747 antea
2261 2721 2340 2746 non

141 2781 362 2823 offendent
402 2795 483 2822 nec
525 2780 685 2822 offendi
724 2781 887 2823 facient
928 2786 1002 2823 aut
1046 2782 1298 2837 permittent
1331 2794 1407 2822 seu
1439 2780 1661 2836 patientur
1693 2777 1852 2819 offendi
1886 2777 2103 2817 civitatem
2139 2775 2339 2815 Pisanam

141 2850 212 2892 vel
243 2850 430 2905 aliquem
469 2849 523 2891 de
560 2849 689 2891 fortia
728 2854 772 2892 et
803 2849 1003 2892 districtu
1041 2855 1083 2891 et
1122 2850 1327 2891 comitatu
1359 2849 1518 2890 Pisane
1552 2847 1751 2898 civitatis,
1793 2859 1873 2887 nec
1907 2845 2092 2899 aliquem
2127 2843 2339 2884 hominem

141 2918 196 2961 de
229 2919 404 2960 civitate
435 2918 597 2960 Pisana
629 2918 698 2960 vel
731 2919 825 2960 eius
859 2919 1056 2960 districtu
1088 2919 1155 2959 vel
1188 2918 1317 2959 fortia
1349 2922 1422 2959 aut
1444 2917 1651 2958 comitatu
1674 2916 1715 2955 in
1738 2928 1923 2969 persona
1947 2913 2013 2954 vel
2036 2913 2178 2962 rebus,
2213 2913 2340 2952 immo

142 2986 406 3029 adiuvabunt
436 2987 620 3029 Pisanos
659 3002 755 3029 cum
793 2992 884 3029 tota
924 3001 1072 3029 eorum
1113 2987 1243 3029 fortia
1283 2991 1430 3028 contra
1468 2985 1647 3026 Ianuam
1690 2983 1742 3024 ad
1783 2987 1969 3024 castrum
2009 2981 2339 3022 Portusveneris

140 3055 399 3112 capiendum
441 3070 578 3111 usque
618 3056 671 3098 ad
711 3056 929 3099 redditum
969 3057 1203 3108 exercitus,
1244 3069 1371 3110 quem
1411 3054 1563 3096 civitas
1602 3053 1762 3093 Pisana
1803 3052 1843 3092 in
1879 3050 2024 3092 Sicilia
2061 3064 2136 3105 pro
2168 3049 2340 3090 domino

141 3125 404 3180 imperatore
436 3124 606 3167 factura
636 3129 715 3168 est.

287 3202 326 3243 5.
357 3199 415 3240 Et
437 3200 640 3242 convenit
663 3204 705 3241 et
726 3200 923 3255 promisit
945 3197 1274 3256 supraseriptisb
1297 3197 1526 3239 missaticis
1550 3194 1674 3250 quod,
1707 3208 1757 3235 eo
1783 3206 1955 3234 reverso
1980 3192 2032 3233 de
2058 3191 2217 3239 Sicilia⁷
2243 3195 2284 3230 et
2308 3189 2340 3230 si

142 3282 228 3311 non
267 3268 378 3321 ierit,
421 3269 464 3309 in
511 3269 688 3324 propria
726 3281 914 3324 persona
955 3269 1100 3310 veniet
1143 3271 1186 3309 et
1234 3267 1366 3308 stabit
1414 3267 1456 3306 in
1494 3263 1712 3305 obsidione
1754 3260 2084 3303 Portusveneris
2127 3273 2220 3300 cum
2265 3272 2340 3299 suo

145 3336 340 3378 exercitu
372 3337 459 3377 suis
491 3337 697 3392 expensis
730 3337 944 3388 omnibus,
976 3341 1019 3377 et
1050 3337 1197 3378 facere
1230 3336 1274 3376 in
1306 3349 1356 3376 eo
1391 3347 1516 3375 omne
1549 3333 1709 3373 malum
1743 3330 1854 3386 quod
1887 3329 2056 3385 poterit.

288 3413 327 3452 6.
357 3410 416 3451 Et
446 3410 560 3466 quod
590 3411 683 3467 ipse
717 3411 915 3453 dominus
947 3412 1182 3467 imperator
1205 3410 1273 3451 vel
1307 3409 1390 3450 alia
1421 3421 1604 3463 persona
1636 3419 1712 3461 pro
1746 3418 1795 3446 eo
1829 3418 1912 3445 non
1945 3403 2075 3444 faciet
2096 3415 2246 3456 pacem
2274 3400 2341 3441 vel

143 3479 271 3521 finem
303 3479 372 3534 vel
403 3484 633 3535 treuguam
665 3481 733 3521 vel
777 3495 979 3535 guerram
1009 3479 1297 3529 remedutam,
1340 3478 1383 3518 in
1417 3490 1499 3532 qua
1532 3489 1616 3516 non
1648 3478 1777 3529 ponat
1810 3473 2027 3514 civitatem
2062 3469 2262 3510 Pisanam
2298 3473 2340 3508 et

282 3616 344 3651 37·
376 3617 408 3658 ²)
435 3619 688 3661 infrascriptum
715 3618 780 3659 ed„
804 3618 893 3651 male
918 3624 1003 3651 certe
1027 3617 1193 3650 intellecto
1220 3614 1427 3658 compendio.
1547 3612 1579 3655 b)
1606 3611 1830 3653 infrascriptis
1857 3610 1908 3642 ed.

2398 1806 2470 1828 1¹:11⁴

2383 1834 2445 1862 Man.
2463 1840 2484 1862 1.

2399 2010 2471 2034 1210.

2377 2044 2456 2077 Ssssl.
2477 2049 2497 2070 l.
