2558 3970
90 884 123 909 10

90 1227 122 1250 15

91 1919 123 1945 25

93 2262 126 2288 ³0

96 2607 129 2634 35

97 2969 131 2994 40

99 3254 132 3280 45

101 3539 134 3564 50

697 135 938 170 FRIDERICI
967 136 1009 170 11.
1037 136 1469 172 CONSTI'PUTloNEs.
1521 138 1618 173 1236.
1669 139 1730 173 Nr.
1749 140 1825 173 ⁶201).
2273 144 2354 181 267

157 252 294 293 ralisW
325 251 498 292 honoris
532 250 775 306 stipendia¹
808 252 1039 305 querimus.
1073 251 1171 292 dum
1207 252 1518 293 marmonium->¹
1555 254 1596 294 in
1633 255 1787 296 fama&
1824 260 1863 295 et
1889 256 2183 296 retributionis
2208 261 2356 296 eterne

156 319 354 362 fiduciam
387 319 672 368 obtinemus²‚
703 318 803 359 dum
837 319 1083 374 proficimus
1117 321 1157 360 in
1189 321 1343 361 salute.
1408 321 1484 361 In¹¹
1518 323 1663 362 iussuc
1696 323 1908 364 dominico
1942 334 2037 379 *que
2072 330 2171 365 sunt
2194 326 2356 365 cesaris

159 389 294 430 cesari
336 386 650 444 persolvantur'
696 387 1020 428 emolimentum
1066 388 1289 429 solutionis
1331 390 1370 429 in
1410 395 1543 430 totum
1583 392 1671 431 fere
1715 392 1895 432 solventi
1939 393 2214 448 relinquitur.
2258 393 2356 434 dum

158 456 382 512 recipienti
427 454 585 497 etiamd
627 456 764 508 magis
811 455 979 496 eomodi
1021 461 1064 497 et
1108 456 1280 496 honoris
1323 458 1578 511 acquiritur,
1626 473 1751 513 quam
1793 461 2005 501 solventi⁰
2038 463 2283 503 vexationis
2317 467 2358 502 et

158 524 322 567 oneriss
347 528 651 580 aggregeturss.
715 523 807 564 Ea¹¹
841 538 1026 579 namque
1059 529 1158 564 sunt
1183 525 1338 568 omnia.
1372 526 1406 565 si
1432 540 1579 566 verum
1616 527 1883 582 inspicimus.
1917 530 2207 571 subiectorum
2235 535 2358 584 grata

157 594 386 645 levamina,
418 606 500 648 que
533 596 631 633 sunt
663 592 806 633 huiusi
838 592 1008 633 onera³⁰
1041 593 1322 648 principatus:
1358 594 1398 633 in
1434 594 1512 634 hoc
1546 596 1657 635 enim
1693 597 1859 648 gloria¹‘
1895 600 2008 651 regis
2042 600 2280 640 extollitur¹
2317 604 2357 639 ct

158 667 370 714 servatur,
410 661 495 702 ut¹⁰
535 662 575 702 in
617 662 764 716 quiete
805 662 921 716 pacis
960 661 1163 716 populum
1204 661 1361 715 dirigat
1399 667 1440 702 et
1480 663 1518 703 in
1562 664 1726 704 iusticie
1769 666 1950 719 vigorem
1990 674 2229 708 conservet.
2292 668 2358 708 Ad

158 737 363 787 quorumn
410 731 622 786 primum⁰
664 743 747 770 non
789 730 882 770 sinc
926 730 1086 770 multov
1128 731 1396 784 regnantium
1436 732 1587 772 salutis
1631 738 1673 772 et
1707 735 1792 774 vite
1833 734 2078 776 discrimine
2123 737 2358 776 laboratur.

157 800 362 855 Legimus
393 812 592 853 namque,
625 797 791 853 quami'
823 798 997 854 plures‘¹
1030 812 1106 853 pro
1129 799 1272 853 quiete
1296 799 1467 853 publica
1493 801 1743 855 populorum
1769 802 1936 843 labores
1960 805 2141 844 eximios
2165 820 2359 860 assump-

160 870 291 914 sisse:
332 881 412 909 nec
444 882 498 908 ex
541 871 631 908 toto
664 873 838 908 securaf
869 867 1040 907 iusticia
1081 881 1157 922 per
1195 881 1320 921 reges
1362 873 1405 908 ct
1445 877 1638 909 cesarcs‘³
1671 871 1968 915 ministratur&
2014 875 2083 927 qui
2120 874 2218 914 dum
2255 875 2358 914 infe-

157 939 294 979 riores
337 937 549 987 iudicant,
597 936 805 990 superiori
848 935 1009 976 iudicio
1056 942 1347 977 reservantur.
1469 938 1534 991 (2)
1579 938 1634 978 Et
1675 953 1933 994 quamquam
1977 943 2081 982 tanti
2118 942 2360 982 sollicitudo

155 1007 418 1047 ministeriiu
453 1005 717 1060 quibuslibet
750 1008 864 1045 terre
907 1005 1175 1059 principibus
1209 1005 1439 1050 debeatur,
1487 1006 1697 1047 Romaniv
1731 1013 1875 1049 tamen
1917 1010 2082 1064 imperii
2119 1011 2359 1051 veneranda

157 1075 414 1126 sublimitas,
447 1073 560 1128 quod
584 1074 625 1114 in
649 1073 839 1114 omnium
870 1073 1233 1128 presidentiumv·
1267 1074 1402 1114 oculis
1427 1075 1544 1115 velut
1566 1076 1606 1115 in
1640 1077 1817 1131 speculo
1842 1079 2090 1124 collocatur.
2125 1085 2241 1119 tanto
2266 1094 2361 1134 pcr-

158 1145 350 1186 sectiusW
383 1143 526 1186 zelare
559 1142 778 1199 paccmw',
810 1147 930 1183 tanto
961 1147 1132 1183 tenetur
1164 1143 1393 1184 instantius
1428 1158 1582 1185 vacare
1617 1145 1785 1186 iusticie
1810 1146 2121 1192 subditorumx,
2155 1155 2363 1203 quanto’‘·

158 1214 290 1254 totius
313 1213 429 1255 orbis
452 1212 638 1253 ambitus
663 1210 1002 1266 quodammodo'
1026 1211 1176 1265 spiritu
1203 1211 1308 1251 vivit
1330 1212 1514 1266 imperii.
1547 1218 1593 1253 ut
1616 1221 1692 1253 eoy
1719 1215 1924 1269 langueat
1947 1216 2181 1269 languente
2205 1223 2247 1257 ct
2271 1218 2362 1272 ipso

158 1285 441 1338 prosperante
488 1281 659 1323 letetur.
733 1280 825 1321 Nec
866 1281 908 1321 in
954 1281 1265 1336 temporalibus
1305 1281 1440 1321 solum
1484 1282 1704 1323 christiani
1744 1285 1889 1339 populi
1933 1286 2135 1326 tenebras
2181 1286 2363 1327 Romani

157 1352 313 1406 sceptri
346 1350 487 1406 fulgor
518 1350 745 1401 illuminat,
778 1348 851 1390 sed
885 1349 991 1404 ipsiZ
1024 1349 1235 1390 catholice
1267 1350 1366 1391 fidei
1390 1351 1642 1393 fulcimenta
1675 1366 1759 1393 non
1789 1355 1901 1395 levia
1924 1355 2233 1401 subministrat.
2267 1371 2360 1396 cum

157 1425 310 1477 caput²¹
333 1419 404 1462 etb
427 1423 608 1460 matrem
633 1418 914 1460 ecclesiarum
939 1418 1142 1470 omnium,
1176 1419 1472 1474 apostolorum
1497 1420 1658 1471 sedem,
1683 1422 1821 1463 interc
1845 1424 1976 1464 totius
2000 1425 2132 1479 ipsius
2159 1425 2358 1479 potencie

158 1489 327 1531 viscera
359 1489 638 1539 collocatam,
679 1501 704 1528 a
736 1501 820 1542 qua
853 1487 1036 1528 ecclesie
1068 1487 1238 1528 urbium
1280 1488 1547 1543 singularum
1580 1491 1849 1532 auctoritatis
1884 1493 2067 1547 insignia
2107 1494 2366 1535 contrahunt

160 1562 204 1600 et
234 1559 550 1599 instruuntur&
582 1557 809 1612 exempliS,
844 1556 1129 1597 hereticorum
1163 1556 1354 1611 perfidiis
1386 1562 1460 1598 aut
1491 1559 1730 1613 aliquorum
1765 1560 1927 1602 iniuriis
1962 1563 2131 1603 concuti
2156 1577 2238 1603 non
2264 1577 2360 1617 pcr-

160 1626 343 1668 mittatd.
406 1627 588 1682 Propter
630 1625 739 1681 quod
784 1625 1075 1680 gratissimum
1119 1630 1350 1680 putamus⁰
1383 1626 1592 1668 exhibere
1625 1627 1718 1669 Deo
1751 1630 1848 1670 vivo
1882 1631 2163 1686 obsequium,
2205 1633 2238 1671 si
2274 1631 2366 1671 zelo

159 1695 365 1738 laudabili
409 1700 452 1737 et
498 1694 715 1736 constanti
763 1694 987 1750 proposito
1032 1693 1086 1734 ad
1131 1694 1263 1735 totius
1311 1695 1479 1750 imperii
1528 1700 1685 1737 statum
1732 1698 1958 1753 pacificum
1999 1705 2117 1740 tanto
2161 1700 2366 1740 libentius

161 1765 420 1821 aspiremus,
467 1768 628 1820 quanto
668 1763 838 1805 clariori
878 1763 1080 1818 presagio
1124 1763 1203 1804 hoc
1248 1763 1302 1805 de
1343 1765 1492 1806 celesti
1539 1765 1781 1820 colligimus
1814 1768 2052 1810 voluntate.
2177 1769 2242 1823 (3)
2276 1768 2366 1809 Nec

160 1834 274 1875 enim
305 1833 358 1875 ob
389 1833 504 1874 aliud
528 1832 757 1883 credimus,
791 1831 903 1886 quod
927 1832 1200 1887 providentia
1223 1831 1459 1874 Salvatoris
1483 1834 1544 1875 sic
1566 1835 1810 1889 magnifice,
1846 1837 1975 1878 immo
2005 1838 2180 1878 mirifice
2204 1836 2371 1891 dirigitf

161 1915 337 1957 gressus
368 1906 553 1954 nostros,
586 1901 687 1943 dum
719 1902 773 1943 ab
807 1902 1007 1943 orientali
1040 1916 1147 1943 zona
1179 1917 1360 1958 regnum
1383 1903 1789 1953 Ierosolimitanum,
1824 1904 2009 1947 Conradi
2034 1907 2252 1947 karissimi
2280 1906 2367 1947 nati

159 1971 295 2012 nostri
333 1975 529 2012 materna
561 1971 803 2023 successio,
844 1985 894 2012 ac
927 1970 1084 2012 deinde
1125 1985 1307 2026 regnum
1343 1971 1509 2023 Sicilie,
1550 1974 1746 2027 preclara
1777 1979 1974 2016 materne
2009 1980 2155 2016 nostre
2192 1989 2368 2016 succes-

160 2040 292 2081 sionis
326 2039 569 2091 hereditas,
610 2044 653 2082 et
683 2044 946 2096 prepotensg
979 2039 1214 2082 Germanic
1247 2041 1512 2096 principatus
1546 2042 1606 2082 sic
1638 2047 1745 2083 nutu
1779 2043 1954 2085 celestis
1987 2045 2168 2096 arbitrii,
2201 2045 2368 2099 pacatis

157 2108 347 2164 undique
380 2109 566 2165 populis,
599 2109 679 2150 sub
703 2109 929 2151 devotione
962 2110 1098 2151 nostri
1120 2110 1306 2151 nominis
1330 2111 1655 2165 perseveranth,
1689 2112 1770 2152 nisi
1794 2117 1840 2153 ut
1863 2112 1967 2153 illud
1995 2112 2138 2154 Ytalie
2165 2113 2367 2161 medium,

159 2177 271 2233 quod
312 2179 468 2219 nostris
514 2178 703 2233 undique
743 2178 907 2219 viribus
953 2178 1263 2231 circumdatur,
1312 2179 1365 2220 ad
1406 2185 1552 2220 nostre
1596 2181 1844 2222 serenitatis
1888 2182 2098 2237 obsequia
2140 2183 2286 2223 redeat
2328 2187 2369 2222 ct

162 2247 333 2302 imperii
369 2247 594 2291 unitatem.
664 2247 758 2288 Nec
797 2248 839 2288 in
881 2247 962 2288 hoc
1002 2247 1232 2302 providere
1274 2247 1591 2289 tantummodoi
1623 2250 1855 2290 commodis
1899 2252 2056 2291 nostris
2090 2251 2370 2292 intendimus.

163 2315 240 2357 sed
272 2329 402 2371 super
432 2314 543 2357 hock
578 2316 715 2357 crucis
747 2316 976 2370 negocium
1010 2315 1296 2358 directissime
1338 2322 1614 2372 procuratur,
1659 2317 1758 2359 dum
1792 2319 2029 2360 rebellibus
2066 2320 2224 2361 nostris
2259 2320 2369 2359 circa

161 2389 308 2441 partes
340 2383 487 2426 Ytalie
526 2386 567 2426 in
609 2385 821 2440 gremium
854 2389 1000 2426 nostre
1032 2386 1171 2439 gratie
1204 2387 1439 2437 revocatis,
1484 2386 1858 2441 expectationesk·
1891 2388 2125 2428 multorum
2161 2388 2366 2429 nobilium

162 2453 407 2496 desiderato
454 2454 540 2494 fine
582 2453 861 2509 precidimus,
905 2455 976 2509 qui
1017 2459 1118 2495 vota
1160 2468 1239 2495 sua
1285 2455 1328 2495 in
1374 2461 1577 2496 eventum
1618 2455 1859 2496 huiusmodi
1900 2457 2241 2512 suspenderunt,
2292 2456 2368 2498 ne¹

163 2523 302 2564 crucis
335 2522 556 2578 signaculo
588 2523 851 2578 presignitos
874 2523 1097 2564 christiani
1123 2523 1288 2564 cruoris
1313 2523 1480 2576 effusio,
1514 2524 1617 2565 licet
1638 2525 1764 2575 iusta,
1799 2525 1852 2565 ob
1873 2525 2067 2566 debitum
2097 2530 2138 2566 et
2162 2526 2368 2566 honorem

165 2592 334 2647 imperii
355 2591 574 2644 scilicet¹’,
607 2591 863 2641 macularet3
897 2606 974 2633 nos
999 2592 1144 2643 etiam,
1177 2592 1230 2633 de
1255 2593 1378 2633 cuius
1401 2607 1529 2634 manu
1553 2594 1823 2649 potissimum
1847 2598 1963 2635 terra
1984 2594 2178 2649 predicta
2202 2600 2368 2650 presto-

162 2660 275 2701 latur
317 2660 609 2711 subsidiumm,
655 2661 745 2701 sine
792 2661 925 2702 tacita
971 2661 1124 2701 saltem
1168 2661 1474 2715 redargutione
1513 2662 1764 2713 multorum,
1813 2663 1987 2703 relicto1¹
2027 2664 2067 2703 in
2110 2668 2196 2703 tam
2230 2663 2365 2703 nobili

163 2729 341 2784 regione
374 2730 542 2786 imperii
574 2731 709 2771 nostri
743 2743 923 2786 corpore
955 2730 1195 2771 laceraton'
1228 2735 1272 2771 et
1293 2730 1565 2771 dissimulata
1596 2736 1682 2772 tam
1707 2732 1841 2772 veteri
1866 2732 2104 2772 rebellione
2128 2732 2368 2777 rebellium,

168 2805 419 2840 assumere0
451 2804 616 2840 tantum
642 2800 868 2854 negocium
894 2812 978 2839 non
1002 2799 1218 2854 possimus
1232 2806 1261 2838 1³.
1364 2800 1428 2853 (4)
1465 2799 1532 2840 De
1556 2800 1649 2840 sinu
1675 2800 1834 2841 etenim
1847 2808 1864 2830 “¹
1886 2801 2020 2855 ipsius
2050 2800 2189 2840 Ytalie
2218 2814 2367 2855 supra-

302 2901 392 2936 200.
423 2901 464 2946 W)
490 2904 569 2946 imp.
596 2903 779 2946 imperialis
804 2903 834 2936 5.
952 2902 986 2944 x)
1011 2904 1186 2946 dispendia
1210 2903 1241 2935 5.
1359 2904 1392 2946 y)
1416 2905 1613 2937 claudicans
1637 2904 1669 2937 3.
1787 2907 1815 2945 z)
1843 2906 1929 2936 same
1954 2903 1984 2935 5.
2103 2910 2133 2945 ³)
2158 2904 2246 2936 deest
2272 2903 2303 2936 2.
2329 2904 2370 2941 53

167 2961 343 3004 capiamus
367 2959 400 2993 4.
517 2959 551 3001 1’)
578 2961 620 2992 Et
645 2961 673 2992 si
698 2959 729 2993 5.
848 2960 879 3003 c)
905 2961 995 2993 enim
1021 2961 1102 2993 add.
1121 2960 1152 2994 3.
1179 2960 1211 2994 4.
1308 2960 1342 3002 (1)
1368 2973 1435 2994 non
1461 2961 1492 2994 5.
1589 2962 1619 3002 Θ)
1647 2962 1736 2994 deese
1760 2961 1791 2994 4.
1818 2961 1848 2994 5.
1945 2960 1975 3001 s)
2001 2966 2076 2993 offis
2103 2960 2142 3000 4;
2176 2962 2312 2993 honoris
2339 2961 2370 2993 5.

165 3018 200 3060 8)
223 3024 432 3061 aggregatur
456 3018 495 3059 53
521 3023 704 3061 aggeretur
727 3016 759 3050 3.
855 3016 887 3058 h)
915 3018 1064 3059 Eiusque
1082 3017 1114 3051 5.
1208 3017 1232 3060 i)
1258 3019 1347 3051 deest
1363 3019 1403 3059 ῦς
1430 3020 1491 3052 bec
1509 3018 1546 3057 3;
1572 3021 1672 3052 etiam
1697 3018 1729 3051 4.
1825 3018 1868 3060 ἰ·)
1894 3019 1984 3050 dees!
2009 3018 2039 3050 4.
2134 3017 2168 3060 k)
2193 3020 2306 3061 gratia
2331 3017 2371 3053 42

165 3075 303 3118 gloriosi
327 3075 358 3109 5.
475 3073 500 3118 l)
524 3075 648 3108 solium
673 3075 755 3107 add.
773 3074 805 3107 5.
922 3073 971 3116 1“’)
997 3077 1025 3107 si
1049 3074 1083 3108 4.
1195 3077 1237 3117 ¹¹¹)
1265 3078 1375 3119 rigore
1403 3076 1432 3108 1.
1459 3076 1490 3109 2.
1609 3079 1642 3117 ¹¹)
1670 3088 1813 3118 quarum
1841 3076 1870 3108 1.
1897 3076 1926 3108 2.
2046 3079 2077 3117 ⁰)
2102 3077 2244 3119 primam
2272 3076 2318 3108 1-‹
2339 3075 2370 3108 4.

166 3133 199 3175 P)
224 3133 315 3165 deest
337 3132 378 3173 43
415 3137 565 3176 tempore
590 3133 672 3166 add.
691 3132 722 3164 3.
841 3132 874 3174 ι1)
901 3133 1026 3165 multos
1051 3133 1220 3176 principes
1244 3133 1276 3166 5.
1410 3134 1438 3175 1“)
1464 3139 1581 3167 secuta
1607 3133 1638 3166 2.
1664 3133 1700 3173 3;
1739 3145 1855 3166 secure
1880 3132 1912 3166 4.
1939 3134 1970 3165 ι’».
2087 3136 2113 3174 ⁸)
2140 3135 2308 3177 principes
2333 3132 2370 3172 4;

166 3191 327 3232 gentibus
350 3190 432 3222 add.
449 3189 483 3223 5.
600 3188 627 3233 t)
652 3191 888 3223 ministrantur
913 3189 944 3222 5.
1062 3189 1097 3233 ¹¹)
1123 3191 1170 3221 sie
1194 3189 1233 3229 3;
1267 3192 1420 3234 mysterii
1448 3191 1476 3224 l.
1502 3190 1534 3224 2.
1560 3190 1591 3223 4.
1616 3191 1648 3224 5.
1743 3192 1775 3232 V)
1802 3192 1987 3223 Romanum
2015 3190 2046 3222 5.
2166 3194 2221 3232 v⁹)
2246 3202 2311 3232 quc
2339 3191 2371 3222 in

167 3249 325 3281 omnibus
350 3248 556 3291 presentium
581 3248 613 3280 4.
776 3248 818 3289 w)
856 3249 1040 3291 profectius
1066 3248 1098 3281 5.
1238 3251 1301 3290 W')
1333 3249 1436 3281 zelari
1463 3260 1581 3291 pacem
1608 3248 1822 3291 compellitur
1847 3247 1878 3280 4.
2019 3247 2053 3290 Χ)
2085 3248 2313 3280 subiectorum
2340 3247 2370 3280 5.

165 3303 220 3349 ¹¹⁹)
244 3310 278 3337 et
301 3316 404 3347 quam
429 3304 462 3338 4.
557 3305 585 3347 ⁵)
610 3306 723 3338 debita
747 3306 926 3338 devotione
951 3306 1112 3348 deposcit,
1139 3306 1236 3346 quasi
1261 3317 1281 3338 a
1306 3307 1403 3338 nobis
1430 3307 1644 3349 presentibus
1669 3306 1848 3346 obtineret,
1874 3306 1971 3337 cuius
1998 3316 2075 3337 vcre
2102 3305 2241 3348 spiritus
2267 3316 2370 3346 quam

165 3363 307 3396 affectus
324 3363 419 3395 velut
434 3363 544 3395 fidelis
561 3369 595 3396 et
611 3364 759 3406 prudens
777 3363 860 3396 add.
873 3361 905 3403 4,
930 3374 1016 3404 qnae
1034 3374 1164 3395 sensnm
1186 3363 1403 3405 perturbant.
1488 3364 1521 3402 y)
1547 3374 1624 3395 cum
1646 3363 1675 3396 1.
1693 3361 1725 3395 2.
1797 3366 1826 3403 Ζ)
1853 3363 1923 3405 ipse
1943 3361 1972 3394 1.
1990 3360 2021 3393 4.
2095 3362 2126 3403 ³)
2152 3362 2242 3404 apud
2265 3361 2369 3393 1—3:

166 3419 256 3453 deest
277 3417 310 3452 4.
426 3419 459 3460 b)
484 3421 586 3453 etiam
613 3419 712 3452 1—4.
830 3420 861 3462 c)
887 3421 977 3453 infra
1004 3419 1034 3453 1.
1060 3419 1098 3459 2;
1130 3421 1220 3452 intra
1243 3419 1283 3457 4;
1315 3420 1405 3452 deest
1429 3419 1461 3452 3.
1580 3423 1632 3461 θ’)
1659 3425 1692 3452 et
1718 3421 1812 3451 instr.
1838 3420 1906 3451 (les.
1924 3418 1954 3451 4.
2075 3417 2106 3459 (¹)
2131 3419 2256 3451 conieci
2264 3430 2274 3457 ,·
2299 3430 2372 3461 pcr-

167 3478 270 3510 mittit
292 3476 324 3510 4.
343 3477 381 3516 5;
407 3479 603 3520 permittant
628 3477 728 3511 1-3.
822 3479 851 3519 e)
877 3489 1034 3522 paramus
1059 3477 1092 3510 ι’).
1187 3475 1216 3518 f)
1243 3478 1403 3510 direxerit
1428 3477 1458 3509 5.
1555 3479 1589 3519 8)
1615 3477 1823 3519 prepotentis
1840 3475 1873 3510 3.
1893 3477 1925 3508 5.
2021 3475 2054 3517 ¹¹)
2080 3482 2272 3519 perseverat
2293 3475 2320 3507 l.
2340 3474 2370 3507 2.

167 3531 191 3576 i)
218 3535 409 3567 omnimodo
433 3534 463 3567 3.
559 3534 594 3578 k)
619 3536 666 3568 sic
683 3534 720 3576 33
746 3547 849 3579 super
866 3537 930 3568 hiis
950 3535 980 3568 1.
999 3535 1039 3576 2;
1066 3536 1099 3567 in
1118 3536 1182 3567 hoc
1199 3534 1238 3575 43
1264 3546 1324 3578 per
1341 3535 1405 3567 hoc
1422 3534 1453 3567 5.
1548 3533 1602 3575 k¹⁵)
1628 3535 1812 3567 discordias
1829 3533 1861 3566 4.
1956 3532 1981 3576 1)
2007 3535 2053 3566 sic
2070 3534 2102 3566 3.
2121 3533 2158 3567 4:
2186 3539 2222 3565 ut
2243 3533 2271 3566 l.
2290 3532 2321 3565 2.
2340 3531 2370 3562 5.

168 3588 200 3613 ¹·
231 3596 265 3624 et
288 3593 383 3635 regni
407 3593 513 3625 Siculi
536 3591 568 3626 4.
709 3593 752 3635 m)
789 3594 956 3626 auxilium
982 3593 1020 3633 53
1063 3593 1256 3636 postulatur
1289 3593 1472 3635 presidium
1498 3590 1530 3624 4.
1670 3593 1703 3633 n)
1742 3592 1849 3624 relicti
1878 3591 1906 3623 l.
1933 3589 1970 3630 2;
2011 3591 2125 3623 relicta
2146 3590 2177 3631 4,
2211 3590 2300 3621 deest
2326 3590 2370 3620 in.

169 3646 225 3692 ¹¹⁰)
249 3649 400 3682 lacerata
423 3648 456 3681 4.
572 3650 605 3692 0)
629 3651 736 3683 libere
761 3651 843 3684 add.
860 3650 891 3683 5.
1009 3650 1043 3692 P)
1070 3661 1245 3693 possemus
1270 3648 1370 3682 3—-5,
1489 3650 1522 3691 (1)
1548 3650 1650 3682 etiam
1674 3648 1712 3689 43
1739 3649 1829 3682 deest
1854 3647 1885 3681 5.

2028 3708 2098 3741 34*
