2558 3970
91 912 124 936 10

93 1261 122 1285 15

92 1605 125 1631 20

94 1951 126 1976 25

99 2797 132 2822 30

105 3141 136 3166 35

106 3426 140 3451 40

573 158 813 193 FffllAEfflCl
843 159 886 193 ll.
913 158 1345 193 e‹)NS'1‘1'l¹L·'1‘loNEs.
1399 159 1495 192 1247.
1538 159 1633 192 124⁵.
1687 158 1747 192 Nr.
1769 160 1845 192 269.
1873 158 1949 190 2711.
2281 160 2361 198 377

304 276 396 317 Ne*
428 289 504 330 per
536 274 783 329 excogitate
818 273 1095 327 malignitatis
1130 275 1330 314 astutiam
1366 275 1445 314 iste
1474 273 1665 314 Romane
1691 273 1805 314 sedis
1840 274 2035 315 antistes.
2071 273 2169 314 dum
2196 273 2361 313 factus¹‘

161 345 282 386 nobis
315 344 534 389 insidians.
569 344 650 384 hiis
684 356 766 398 que
801 342 881 383 Dei
916 350 1015 383 sunt
1051 343 1176 396 longe
1202 344 1419 397 sepositis,
1454 343 1504 382 de
1531 344 1752 397 pravitatis
1779 343 1996 382 lin-reticec
2031 348 2160 396 puteo
2185 346 2363 382 conatur

161 427 334 469 semper
355 411 558 454 haurire‘l
583 412 798 465 suffragia.
833 411 987 466 quibus
1012 410 1256 451 evidentem
1283 418 1425 452 nostr(-
1452 425 1581 451 cause
1617 412 1821 451 iustitiam
1847 412 2079 452 decoloret.
2113 409 2362 451 effundens⁰

159 482 348 524 bibulis¹
391 482 591 523 auribusf
633 487 737 521 suess
782 479 946 520 fellite¹¹
988 480 1252 520 conscientie
1296 494 1502 521 canones.
1548 481 1680 534 quieti
1717 486 1958 520 nostrorum
2009 479 2196 519 fidelium
2231 479 2361 519 vitam

160 552 297 607 pariat
328 551 587 606 inquietam.
632 549 777 590 habita
811 562 947 603 nuper
980 548 1175 602 diligenti
1212 549 1477 602 provisione.
1514 549 1752 589 sancimus:
1789 556 1831 588 ut
1866 549 2124 602 quicumque
2159 546 2363 587 clericusi

156 620 225 662 vel
258 620 481 674 religiosus
505 619 558 659 ad
581 619 735 673 papale
761 616 868 657 seuk
901 616 1067 671 papalis
1091 617 1223 671 legati
1248 617 1497 657 mandatum
1523 618 1693 672 publice
1720 619 1860 657 forsan
1892 615 2099 656 omiserit¹
2137 616 2361 656 missarum

157 695 271 730 seu¹¹¹
311 688 397 729 alia
438 687 658 729 celebrare
703 686 943 741 solempnia
976 692 1018 726 et
1058 685 1141 726 alia
1183 686 1484 726 ecclesiastiea
1517 692 1819 726 saeramcnta¹¹
1855 685 2053 725 fidelibus
2089 685 2361 739 propinas-20.

157 757 209 799 de
243 757 417 799 civitate
451 757 517 797 vel
552 757 658 806 loco,
693 756 813 796 cuius
847 755 988 795 incola
1019 754 1300 809 reperieturv,
1337 755 1501 796 eiectus
1516 763 1532 784 ‘¹
1566 755 1653 795 suis
1688 755 1811 795 bonis
1845 754 2043 793 omnibus
2080 754 2360 808 patrimonia-

158 826 270 867 libus
304 830 347 867 et
370 825 696 875 ecclesiasticis,
729 828 775 864 ut
799 838 952 879 penam
977 823 1030 864 de
1055 827 1175 864 tanta
1199 824 1445 864 temeritate
1470 824 1621 864 tulisse
1647 838 1691 863 se
1724 823 1879 872 doleat,
1914 823 2136 877 spolietur,
2171 822 2364 862 clericisr

160 894 361 936 mandato
392 893 585 949 predicto
619 906 770 949 parere
804 892 1078 934 nolentibus¹³
1112 895 1175 933 ett
1209 893 1250 932 in
1283 891 1366 933 fide
1400 897 1548 933 nostra
1582 892 1851 933 ferventibus
1887 891 2195 932 ecclesiasticis
2220 891 2361 945 appli-

159 962 327 1015 candis,
361 962 735 1019 patrimonialibus
767 966 942 1003 autemu
974 962 1181 1017 proximis
1216 962 1269 1002 ab
1304 962 1509 1003 intestato
1545 961 1815 1002 venientibus
1850 961 2041 1001 scilieetv
2074 958 2364 1014 assignandis.

161 1031 399 1074 Statuimus
433 1032 580 1081 etiam,
614 1036 659 1072 ut
692 1031 796 1072 nulli
830 1031 1024 1086 religiosi
1057 1030 1108 1072 de
1142 1031 1315 1073 civitate
1351 1032 1392 1071 in
1426 1031 1646 1072 civitatem
1683 1029 1874 1071 audeant
1907 1044 1952 1070 se
1987 1029 2242 1070 transferre.
2286 1028 2364 1068 nisi

159 1101 386 1158 potestatis
428 1101 529 1150 loci,
577 1100 630 1141 de
679 1114 760 1155 quo
805 1101 886 1142 iter
926 1101 1188 1157 arripiuntw,
1235 1101 1551 1142 testimoniales
1596 1100 1762 1141 litteras
1808 1099 2006 1140 deferant
2051 1104 2092 1138 et
2135 1098 2240 1138 alias
2283 1096 2367 1137 sint

158 1170 349 1212 moribus
381 1174 423 1210 et
455 1170 543 1211 vita
575 1169 817 1211 laudabiles
851 1174 921 1211 etx
956 1170 1113 1210 nostris
1147 1169 1349 1211 fidelibus
1383 1183 1468 1210 non
1502 1170 1678 1223 ignotiy.
1742 1168 1952 1209 Volentes
1977 1168 2106 1222 igitur
2130 1168 2206 1207 has
2232 1179 2365 1206 novas

160 1244 305 1282 nostre
347 1239 700 1294 magnificencie2
734 1239 979 1280 sanctiones
1013 1253 1037 1278 a
1078 1239 1233 1280 nostris
1268 1238 1468 1280 fidelibus
1502 1237 1813 1279 inviolabiliter
1845 1237 2087 1283 observari,
2128 1240 2200 1276 tue
2234 1233 2363 1275 devo-

161 1309 294 1350 tioni⁸
332 1307 584 1349 mandamus
624 1307 779 1363 atqueb
819 1309 1101 1364 precipimus,
1148 1313 1361 1364 quatenus
1396 1322 1469 1349 eas
1503 1322 1580 1362 per
1620 1312 1757 1349 terras
1793 1305 2009 1360 quaslibet
2052 1310 2124 1346 tuo
2168 1304 2365 1359 regimini

162 1377 416 1434 deputatas⁰
449 1391 524 1433 per
556 1382 598 1418 te
642 1377 852 1432 imperiali
897 1383 1219 1433 programmate
1258 1377 1501 1433 publicatas
1541 1377 1650 1418 inter
1691 1380 1854 1417 statuta
1901 1375 2088 1416 civitatis
2123 1373 2366 1416 cuiuslibet.

161 1452 208 1488 ut
239 1446 357 1488 nulla
389 1447 443 1487 sit
473 1446 515 1486 in
552 1447 811 1488 executione
845 1446 1096 1497 diversitas,
1132 1447 1490 1488 inextricabiliter
1523 1446 1673 1488 iubeas
1708 1444 1962 1486 inserendas
1977 1444 2006 1484 d.
2042 1448 2085 1485 et
2116 1443 2367 1498 promittas*

162 1531 236 1558 nos
269 1514 364 1558 eas?
391 1514 706 1556 infallibiliter&
738 1519 1006 1563 servaturos;
1045 1516 1179 1571 quas¹¹
1213 1517 1343 1557 etiam
1376 1519 1617 1571 potestates
1657 1518 1882 1570 presentes
1916 1518 1958 1555 et
1991 1514 2061 1568 qui
2098 1512 2366 1553 civitatibus¹

161 1585 265 1641 ipsis
304 1585 510 1639 temporis
554 1598 760 1639 processu
801 1584 1081 1639 prefuerintk,
1125 1599 1170 1626 se
1215 1599 1312 1626 cum
1355 1585 1527 1626 statutis
1562 1584 1659 1624 aliis
1699 1584 1841 1624 iurent
1880 1582 2184 1623 inviolabiliter
2218 1594 2364 1622 serva-

161 1653 308 1696 turos¹.
382 1651 587 1693 Harumm
635 1652 766 1694 etiam
811 1653 1095 1708 publicationi
1135 1653 1319 1705 adicias,
1367 1653 1480 1709 quod
1525 1653 1690 1694 clericis
1738 1652 1939 1693 omnibus
1990 1651 2111 1692 nobis
2154 1649 2365 1691 adherere

161 1723 405 1765 volentibus
440 1726 483 1764 et
515 1721 717 1763 mandata
753 1723 976 1778 presentia
1008 1722 1198 1765 devoten
1231 1722 1506 1765 servantibus
1541 1722 1748 1763 inviolata
1781 1720 1943 1762 servari
1978 1721 2203 1761 volumusO
2236 1718 2365 1773 privi-

162 1792 278 1848 legia
317 1790 536 1846 quelibetv
569 1795 611 1831 et
653 1791 968 1833 ecclesiasticas
1015 1792 1260 1844 libertates,
1304 1806 1383 1834 nec
1427 1791 1481 1833 ad
1514 1805 1666 1848 pacem
1710 1795 1779 1831 etq
1813 1789 2088 1831 concordiam
2123 1803 2218 1829 cum
2253 1802 2367 1843 papa

162 1861 356 1918 predicto
389 1875 436 1902 se
470 1864 618 1901 nostra
651 1862 862 1902 serenitas
905 1861 1146 1914 inclinabit,
1191 1862 1273 1903 nisi
1314 1862 1432 1917 prius
1472 1860 1604 1902 iidem
1641 1860 1783 1902 cleriei
1828 1860 1869 1900 in
1902 1859 2162 1914 plenariamr
2195 1871 2367 1913 posses-

165 1931 331 1972 sionem
355 1929 545 1971 omnium
568 1929 775 1971 bonorum
799 1935 842 1972 et
864 1922 1182 1973 restitutionem
1207 1931 1367 1973 ordinis
1392 1931 1485 1972 vel⁸
1508 1930 1698 1981 honoris,
1733 1929 1888 1985 quibus
1911 1928 2058 1969 forsan
2082 1942 2159 1983 per
2184 1927 2369 1968 eundem

162 2000 321 2056 privati
354 1999 592 2051 extiterint,
626 1999 793 2055 integre
828 2000 1101 2042 reducantur.

167 2388 297 2457 270.
341 2386 1104 2459 PROMULGATIO
1149 2385 1717 2458 CAPITANEJ
1770 2379 2371 2454 GENERAMS

771 2502 1268 2575 DUCATUS
1323 2501 1771 2574 STIRIAE.

1105 2628 1276 2686 (10248.
1316 2628 1445 2685 Iun.)

311 2775 464 2818 Edidit
490 2775 789 2817 Winkelmann
822 2776 944 2816 ‘Acta
967 2775 1132 2826 imperii
1154 2774 1324 2815 incdit&
1348 2774 1383 2824 I,
1405 2775 1491 2814 347
1521 2786 1586 2813 nr.
1610 2774 1694 2812 400
1725 2785 1777 2812 ca·
1804 2769 2008 2821 excerptis
2030 2763 2374 2808 Massiliensibus

169 2844 357 2899 Reyistri
387 2844 600 2886 Friderict'
621 2844 684 2885 II.
712 2843 792 2899 fol.
816 2846 842 2883 6
871 2857 938 2886 nr.
961 2845 1028 2894 42,
1060 2843 1306 2897 exemplaris
1336 2842 1387 2882 ab
1420 2841 1615 2882 Arndtio.
1676 2838 1989 2881 Animadvertit
2020 2836 2084 2876 vir
2106 2835 2154 2876 cl.
2186 2832 2372 2875 Winlcel-

306 2959 394 2994 269.
427 2960 458 3003 a)
484 2961 624 2993 rubrica
656 2961 692 2992 in
716 2959 837 2992 -2—4:
874 2960 1066 2992 Friderieus
1094 2960 1197 3000 (deest
1222 2958 1253 2992 2.
1279 2958 1314 3000 4)
1342 2959 1503 3002 magistro
1537 2958 1718 2990 iustitiario
1751 2962 1867 2988 eontra
1901 2954 2040 2986 clericos
2067 2963 2133 2984 non
2159 2950 2371 2982 celebrantes

171 3020 349 3052 missarum
373 3019 560 3061 solempnia
585 3024 734 3061 tempore
760 3018 930 3050 interdicti
948 3023 981 3050 et
996 3018 1086 3060 quod
1104 3017 1252 3061 religiosi
1277 3028 1345 3049 nou
1362 3017 1569 3049 transferant
1586 3026 1621 3047 se
1639 3015 1679 3047 de
1697 3014 1834 3046 civitate
1860 3013 1892 3044 in
1916 3011 2096 3043 civitatem.
2171 3006 2189 3030 b
2195 3014 2203 3045 l
2230 3011 2323 3038 stans
2341 3004 2371 3036 3.

172 3077 201 3118 ⁰)
228 3077 319 3110 ἆθθθῖ
344 3077 372 3109 1·
505 3074 537 3116 (¹)
563 3076 743 3109 exhaurire
769 3075 869 3108 2—4.
999 3074 1029 3118 e)
1056 3076 1235 3108 offuudeus
1260 3074 1298 3113 3;
1337 3075 1510 3107 offendens
1535 3074 1567 3105 ⁴2.
1694 3070 1725 3113 f)
1752 3071 1862 3103 arenis
1886 3068 1918 3101 2.
1945 3068 1976 3101 3.
2096 3064 2129 3108 8)
2156 3064 2245 3097 dee8t
2271 3061 2371 3094 2-4-

170 3133 205 3177 h)
228 3135 354 3168 felicita
377 3133 409 3167 4.
539 3131 563 3175 i)
589 3134 717 3167 electus
742 3133 774 3167 3.
799 3131 830 3165 4.
970 3131 1004 3174 k)
1032 3134 1086 3166 vel
1112 3132 1211 3165 2-4.
1356 3130 1381 3168 1)
1407 3132 1575 3165 renuisset
1599 3129 1629 3162 3.
1651 3142 1653 3144 ¹
1760 3127 1802 3169 ¹¹1)
1830 3127 1900 3159 loco
1929 3137 1987 3158 seu
2014 3125 2081 3157 alia
2114 3141 2148 3145 —-
2175 3123 2240 3154 alia
2266 3119 2372 3153 2—4:

172 3191 359 3235 solempnia
390 3203 451 3225 seu
482 3192 552 3225 alia
576 3192 688 3224 officia
713 3192 883 3224 celebrare
908 3197 956 3231 et;
989 3190 1084 3223 lectio
1110 3190 1183 3223 cod.
1204 3189 1219 3222 l
1247 3192 1470 3233 confirmatur
1494 3188 1637 3230 epistola
1657 3197 1784 3229 papae.
1925 3182 1958 3220 Π)
1993 3181 2129 3214 celestia
2163 3183 2374 3212 sacramenta

172 3250 404 3283 ecclesiastica
428 3248 460 3282 4.
593 3249 624 3290 0)
650 3249 810 3281 exhibere
838 3249 867 3281 1.
986 3246 1017 3290 P)
1042 3249 1208 3291 reperitur
1236 3247 1264 3280 l.
1383 3246 1416 3287 q)
1443 3247 1533 3279 deest
1556 3244 1586 3277 4.
1699 3242 1725 3284 ι“)
1752 3254 1831 3275 vero
1857 3241 1937 3273 add.
1958 3238 2056 3272 2—4.
2170 3241 2198 3277 ὅ)
2225 3237 2271 3268 εἰσ
2296 3234 2326 3267 2.
2353 3233 2375 3267 4

173 3317 246 3339 cum
281 3307 444 3349 epistola,·
480 3307 674 3340 volentibus
706 3307 734 3340 1.
761 3306 792 3339 3.
922 3308 945 3346 t)
980 3307 1071 3338 deest
1096 3306 1125 3338 1.
1244 3305 1279 3346 ι1)
1312 3316 1391 3338 vero
1419 3304 1447 3337 1.
1580 3302 1611 3343 V)
1647 3302 1735 3334 deest
1760 3298 1860 3332 ‘2—4.
2001 3298 2039 3337 w)
2065 3296 2230 3339 arripient
2255 3293 2374 3326 2—4.

172 3362 206 3406 x)
231 3375 273 3397 ae
294 3362 395 3397 2—4.
523 3363 555 3405 δ’)
581 3365 692 3407 ignari
716 3363 828 3396 2—4.
956 3364 986 3404 Ζ)
1013 3363 1244 3396 munificentie
1269 3361 1300 3394 2.
1326 3360 1357 3393 3.
1483 3360 1514 3401 a)
1548 3366 1605 3393 tue
1630 3357 1801 3391 devotioni
1825 3356 1891 3389 des.
1914 3354 1942 3387 1.
2075 3351 2107 3392 b)
2134 3351 2246 3384 mand.
2274 3355 2375 3392 atque

174 3421 242 3455 des.
259 3420 360 3454 2—4.
479 3421 509 3463 c)
536 3427 594 3454 tue
618 3422 842 3454 iurisdietioni
868 3421 1008 3454 traditas
1032 3419 1132 3452 2—4.
1252 3417 1284 3459 d)
1311 3419 1513 3451 exserendas
1542 3417 1569 3449 l.
1695 3419 1722 3455 e)
1749 3414 1924 3457 permittas
1952 3410 1980 3443 1.
2101 3408 2132 3450 s)
2161 3409 2251 3441 deest
2274 3406 2374 3440 2—4.

172 3479 206 3519 8)
230 3479 476 3512 inviolabiliter
503 3477 538 3519 13
564 3479 781 3511 ineffabiliter
806 3477 837 3510 2.
947 3476 981 3520 h)
1007 3489 1091 3520 quas
1117 3494 1159 3499 -—
1185 3480 1378 3509 servaturos
1403 3475 1471 3507 des.
1492 3472 1592 3506 2-4.
1703 3470 1726 3513 i)
1754 3471 1888 3504 civibus
1916 3468 1945 3500 l.
2057 3465 2090 3510 k)
2118 3468 2317 3509 prefuerunt
2346 3463 2375 3496 1.

172 3533 198 3578 1)
222 3541 410 3569 servatores
436 3535 465 3568 1.
561 3534 604 3578 m)
630 3536 721 3568 Huic
747 3534 776 3568 4.
871 3536 903 3576 11)
931 3535 1023 3568 deest
1048 3534 1077 3566 1.
1172 3534 1203 3574 0)
1229 3533 1343 3565 omnia
1368 3531 1448 3564 add.
1468 3530 1499 3563 2.
1525 3529 1562 3569 3;
1588 3530 1701 3563 omnia
1726 3539 1842 3561 eorum
1868 3525 1950 3558 add.
1969 3523 2000 3557 4.
2097 3529 2129 3563 Ρ)
2155 3522 2246 3555 deest
2272 3520 2373 3552 2—4.

174 3591 206 3635 q)
231 3594 287 3626 vel
311 3592 342 3626 4.
460 3593 488 3635 r)
515 3593 649 3635 plenam
675 3591 775 3625 2-4.
894 3591 921 3635 ⁸)
947 3597 979 3624 et
1004 3591 1035 3624 2.
1061 3590 1091 3624 3.

314 3683 348 3725 1)
375 3682 430 3725 of.
458 3682 575 3716 Persa·
599 3682 671 3716 Sat.
692 3682 757 3726 IV,
779 3687 834 3716 50.

314 3757 362 3781 m..
389 3755 671 3780 consrrrurmnsss
687 3756 718 3780 11.
2058 3731 2104 3764 48
