2558 3970
170 179 221 218 98
720 170 959 205 FRIDERICI
990 170 1030 203 ΙΙ.
1059 168 1488 203 CONSTITUTIONES.
1539 164 1637 203 1'2‘20.
1687 168 1750 202 Nr.
1769 168 1821 201 77.

314 308 317 327 ι
341 293 346 328 Ι
370 300 375 328 l
410 292 514 328 i'uln
559 297 639 337 post
665 292 801 325 multus
825 290 969 334 imperii
993 289 1305 333 perturbationes,
1338 302 1408 334 que
1439 301 1482 323 ex
1514 289 1617 324 obitu
1642 283 1785 322 inclito
1808 288 1983 323 memorie
2007 282 2357 322 excellentissimi

171 370 208 398 et
243 358 416 398 illustris
448 362 564 407 patris
597 360 714 395 nostri
747 359 983 404 imperatoris
1017 358 1167 393 Henrici
1200 370 1316 402 usque
1347 359 1394 392 ad
1426 360 1595 402 tempora
1628 359 1755 392 nostra
1777 357 1814 391 in
1836 356 2045 392 mutatione
2069 369 2197 402 regum
2219 356 2356 401 ubique

171 433 331 466 ltu-‹ssrum
366 430 510 475 imperii
543 430 818 474 procreverunt.
852 420 996 461 divina
1028 421 1258 461 clementia
1290 420 1467 474 dignata
1489 420 1606 460 sitin
1632 419 1739 459 solio
1770 419 2090 473 progenitorum
2112 423 2356 459 nostrorum

171 508 247 533 nos
280 503 364 533 tam
399 491 653 532 mirabiliter
685 504 811 544 quam
855 487 1192 529 misericorditer
1223 487 1477 533 colloca-reb,
1520 487 1790 529 decrevimus
1824 487 2043 541 vestigiisc
2075 486 2259 528 feliciter
2290 488 2355 527 in-

172 561 360 603 herendo
395 566 534 601 mente
567 560 731 600 intenta
765 557 1036 598 commodum
1070 561 1113 598 et
1145 560 1425 610 augmentum
1448 556 1614 611 imperii
1647 568 1914 611 promovere,
1946 559 1988 596 et
2013 556 2048 595 si
2071 568 2154 610 qua
2174 555 2357 596 inveniri

172 636 371 685 poterunt
403 643 484 684 que
517 629 556 668 in
591 628 683 669 eius
716 625 995 681 preiudicium
1028 638 1255 680 perperam
1287 628 1412 678 gesta
1444 624 1541 675 sint,
1574 623 1626 664 ad
1661 623 1931 665 rectitudinis
1955 623 2129 664 semitas
2153 636 2358 664 revocare

173 707 214 739 et
255 697 501 752 specialiter
537 695 589 736 ad
637 696 794 736 bonum
837 698 995 735 statum
1038 696 1080 734 et
1127 693 1468 750 tranquilitatem
1511 692 1698 732 omnium
1745 692 2049 734 subiectorum.
2118 691 2359 747 Eapropter

173 765 441 806 universitati
482 770 623 805 vestre
669 763 858 818 presenti
898 762 1055 817 pagina
1095 761 1293 802 duximus
1325 759 1649 812 insinuandum,
1690 759 1802 815 quod
1850 774 1928 801 nos
1962 774 2090 816 super
2121 760 2360 802 rationibus

173 835 352 889 imperii.
387 848 492 889 quas
527 834 729 888 preterite
762 831 1112 888 perturbationes
1146 843 1222 870 nos
1254 830 1520 883 investigare
1554 828 1880 883 prohibuerunt,
1914 843 1962 870 ac
1998 843 2126 884 super
2158 829 2359 870 omnibus

173 904 280 945 aliis.
314 918 394 958 que
428 904 566 944 minus
601 902 711 943 bene
745 902 786 941 in
820 900 972 941 eadem
1006 899 1227 954 provincia
1258 897 1467 952 disposita
1500 902 1611 948 sunt,
1650 901 1693 938 et
1724 901 1899 953 propter
1930 897 2087 938 multas
2120 896 2355 938 discordias

175 977 302 1026 atque.
348 985 546 1026 guerras.
591 984 671 1025 que
716 971 825 1010 inter
862 983 937 1009 vos
977 967 1136 1008 diutius
1168 966 1425 1021 vigilaruntd
1467 967 1508 1006 in
1550 965 1849 1007 detrimentum
1891 966 2058 1021 imperii
2098 969 2141 1007 et
2173 966 2362 1007 omnium

175 1040 456 1081 subditorum.
482 1039 814 1081 sollicitudiuem
834 1037 1024 1079 debitam
1048 1050 1160 1077 nunc
1185 1035 1408 1086 habentes,
1433 1035 1605 1076 fidelem
1630 1039 1818 1075 nostrum
1837 1034 2102 1076 Everardum
2122 1033 2174 1076 de
2192 1034 2363 1085 Lutrae,

177 1109 311 1149 virum
345 1110 491 1163 utique
526 1107 748 1163 providum
783 1112 825 1147 et
858 1106 1103 1147 discretum.
1137 1109 1179 1146 et
1210 1104 1262 1145 dc
1297 1104 1419 1144 cuius
1452 1103 1663 1144 industria
1684 1103 1880 1144 fiduciam
1905 1103 2093 1158 gerimus
2118 1103 2363 1158 specialem,

176 1177 350 1232 provida
393 1178 558 1218 consilii
601 1177 737 1217 nostri
776 1175 1086 1216 deliberatione
1127 1188 1151 1213 a
1194 1175 1330 1214 latere
1373 1177 1517 1214 nostro
1557 1172 1611 1213 ad
1653 1177 1795 1228 partes
1838 1172 1952 1227 ipsas
1985 1171 2188 1212 duximus
2221 1175 2361 1212 trans-

177 1246 445 1287 mittendum.
479 1255 517 1286 ut
551 1252 629 1297 ipse
661 1263 734 1286 non
769 1250 998 1285 solummodo
1031 1249 1230 1283 fidelitates
1264 1250 1301 1283 et
1331 1248 1406 1282 alia
1437 1248 1519 1282 iura
1550 1249 1678 1282 nostra
1700 1245 1827 1296 atque
1851 1240 2018 1281 fodrum
2041 1240 2186 1295 regale
2214 1257 2236 1280 a
2258 1246 2361 1281 vobis

176 1321 339 1365 requirat
375 1321 452 1355 rice
485 1321 587 1366 regia
620 1323 657 1355 et
689 1320 856 1364 recipiat,
889 1320 1000 1354 immo
1034 1318 1147 1353 etiam
1179 1316 1382 1352 discordias
1405 1327 1531 1351 omnes
1563 1315 1601 1350 in
1634 1310 1727 1364 ipsa
1758 1309 1977 1365 provincia
2009 1316 2048 1349 et
2077 1314 2247 1360 partibus
2272 1309 2364 1349 eius

1642 1379 1654 1402 f
1685 1387 1723 1419 et
1754 1397 1930 1427 securam,
1964 1396 2036 1429 quo
2060 1383 2178 1430 magis
2201 1383 2365 1429 expediti

176 1391 220 1424 ad
253 1403 381 1435 pacem
415 1392 448 1424 et
484 1389 718 1424 concordiam
752 1389 971 1431 revocando,
1005 1388 1102 1422 viam
1134 1387 1241 1422 nobis
1273 1387 1448 1431 preparet
1480 1386 1629 1430 planam

179 1459 415 1493 festinantius⁴
448 1459 493 1492 ad
527 1458 668 1493 felicem
705 1458 781 1492 voti
815 1457 930 1492 nostri
963 1456 1319 1491 consummationem
1355 1455 1528 1489 accedere
1561 1454 1759 1488 valeamus.
1822 1447 1885 1501 (2)
1918 1452 2017 1487 Scire
2050 1452 2165 1498 igitur
2197 1452 2365 1487 volumus

179 1528 460 1563 universitatem
485 1530 655 1563 vestram.
679 1527 778 1571 quod
801 1538 866 1561 nos
890 1519 1137 1560 iamdictum
1158 1517 1456 1559 Everardu1n³3
1479 1518 1520 1557 in
1541 1516 1693 1557 eadem
1716 1516 1934 1571 provincia
1956 1516 2151 1556 nuntium
2170 1518 2365 1556 nostrum

179 1591 477 1631 constituimus
517 1590 747 1644 specialem
785 1596 826 1629 ct
865 1589 902 1629 ei
944 1588 1238 1629 concessimus
1282 1587 1451 1641 plenam
1493 1592 1536 1626 et
1581 1585 1816 1641 perfectam
1856 1584 2195 1625 iurisdictionem
2233 1588 2360 1638 atque

178 1660 358 1700 liberam
401 1659 648 1699 facultatem
691 1672 769 1713 per
811 1671 855 1698 se
897 1671 1086 1711 suosque
1128 1655 1290 1696 iudices
1325 1660 1368 1695 et
1401 1655 1583 1695 vicarios
1617 1652 1937 1708 cognoscendih
1970 1657 2013 1693 et
2044 1652 2282 1693 diffiniendi
2315 1651 2366 1692 de

179 1728 374 1769 omnibus
409 1729 564 1768 causis.
599 1727 727 1768 dandi
761 1726 1059 1782 possessiones
1093 1729 1135 1765 et
1169 1723 1439 1775 restituendi,
1478 1729 1712 1774 supponendi
1745 1723 1873 1763 etiam
1906 1728 2090 1770 civitates,
2122 1727 2366 1770 marchiones,

179 1803 351 1839 comites,
385 1803 619 1848 capitaneos,
660 1813 912 1839 varvassorcS,
945 1801 1100 1845 burgos,
1141 1802 1264 1834 castra
1303 1797 1346 1834 et
1378 1798 1484 1833 villas
1524 1797 1568 1832 et
1599 1791 1905 1832 universaliter
1943 1805 2089 1831 omnes
2128 1805 2205 1846 per
2235 1794 2368 1831 totam

180 1867 378 1906 Tusciam
418 1871 642 1906 constitutos
682 1871 804 1905 banno
846 1872 973 1905 nostro
1013 1871 1049 1904 ot
1090 1861 1342 1903 absolvendi
1382 1861 1433 1902 de
1475 1860 1629 1907 banno,
1671 1865 1831 1901 faciendi
1864 1857 2205 1900 commissionesi
2239 1862 2368 1899 etius

177 1941 499 1976 animadvertendi
532 1934 690 1975 habero
723 1940 760 1973 in
792 1939 1032 1980 facinorosos
1066 1949 1181 1983 penas
1213 1929 1399 1986 ponendi
1434 1933 1476 1970 et
1507 1934 1680 1980 exigendi
1714 1933 1756 1969 et
1787 1934 1826 1969 in
1858 1934 2028 1969 omnibus
2051 1933 2204 1979 agendis
2227 1933 2364 1969 nostris

179 2015 212 2046 ast
247 2010 393 2056 imperii
426 2005 467 2044 in
501 2008 589 2044 tota
623 2003 792 2051 Tuscia,
827 2001 1064 2043 secundum
1098 2000 1208 2055 quod
1243 2001 1334 2054 ipse
1367 2005 1413 2040 acl
1445 2006 1624 2040 honorem
1657 2006 1694 2039 et
1716 2004 1951 2039 commodum
1972 2005 2140 2038 nostrum
2163 2005 2202 2038 et
2222 2002 2370 2048 imperii

180 2080 313 2115 viderit¹
345 2079 534 2124 expedire;
570 2079 611 2113 et
651 2071 763 2127 quod
797 2071 1039 2112 habitantes
1072 2071 1113 2110 in
1146 2069 1340 2124 predicta
1378 2068 1618 2123 provincia,
1659 2071 1746 2107 tam
1792 2066 2125 2122 archiepiscopi,
2166 2066 2369 2121 episcopi,

180 2143 359 2184 abbates
394 2148 435 2183 et
471 2142 750 2183 ecclesiarum
785 2140 937 2195 prelati
971 2153 1096 2194 quam
1130 2139 1258 2179 etiam
1285 2137 1569 2184 marchiones,
1605 2136 1797 2185 comiteS,
1830 2135 2059 2190 capitanei,
2093 2148 2370 2176 varvassores

181 2219 222 2252 et
256 2211 433 2252 nobiles.
467 2211 678 2262 civitates,
713 2215 865 2259 castra,
900 2209 1024 2263 burgi
1057 2212 1100 2248 et
1131 2207 1255 2257 ville,
1287 2210 1519 2247 teneantur
1559 2205 1597 2246 ei
1631 2203 1893 2259 respondere
1926 2203 1978 2245 de
2012 2204 2209 2245 omnibus
2242 2217 2367 2258 rega-

182 2280 296 2321 libus
331 2285 373 2320 et
412 2280 507 2319 aliis
547 2279 782 2319 rationibus
825 2277 992 2332 imperii
1033 2276 1131 2316 hinc
1172 2280 1286 2316 retro
1327 2275 1514 2316 detentis
1548 2277 1591 2314 et
1621 2273 1663 2314 in
1695 2274 1883 2313 futurum
1916 2272 2120 2313 debendis
2153 2276 2369 2327 tamquam

182 2348 317 2397 nobis,
351 2353 392 2389 et
423 2353 469 2388 ut
499 2362 551 2388 ca
583 2348 725 2388 onmia
757 2347 810 2387 ad
842 2351 1034 2387 nostrum
1070 2349 1112 2386 et
1151 2343 1349 2399 imperiik
1382 2357 1488 2398 opus
1524 2342 1750 2397 recolligat
1780 2341 2023 2396 diligenter.
2085 2340 2149 2396 (3)
2178 2340 2371 2396 ‚Ideoque

182 2417 421 2457 devotioni¹
462 2427 601 2457 vestre
650 2415 901 2456 mandamus
953 2419 1156 2468 rogantes
1199 2418 1242 2454 et
1282 2413 1359 2453 sub
1402 2411 1580 2452 obtentu
1620 2411 1756 2465 gratie
1805 2414 1951 2451 nostre
1998 2409 2186 2450 districte
2233 2411 2370 2464 preci-

181 2487 362 2540 pientes.
397 2491 607 2540 quatenus
641 2484 800 2525 dictum
831 2483 1123 2524 Everardumg
1156 2483 1368 2522 honorare
1402 2485 1446 2522 et
1478 2481 1639 2521 servire
1674 2483 1716 2520 et
1749 2479 1787 2519 ei
1809 2478 1985 2519 obedire
2009 2483 2225 2533 tamquam
2247 2478 2371 2520 nobis

183 2555 338 2595 curetis
379 2560 506 2608 atquc
545 2554 596 2594 de
639 2553 834 2594 omnibus
874 2553 968 2593 aliis
1010 2552 1184 2592 iustitiis
1225 2556 1267 2591 et
1304 2549 1540 2590 rationibus
1582 2547 1749 2603 imperii
1783 2552 1826 2588 et
1867 2547 1987 2588 fodro
2029 2547 2165 2601 regali
2196 2560 2370 2602 respon-

183 2623 321 2664 deatis
362 2623 501 2664 eidem
547 2627 590 2663 et
633 2622 671 2663 ei
713 2622 898 2662 fideliter
946 2620 1202 2668 intendatis,
1253 2633 1329 2674 pro
1369 2620 1488 2659 firmo
1533 2617 1769 2667 habentes,
1817 2616 1929 2671 quod
1969 2615 2168 2671 quicquid
2204 2615 2370 2670 ipsein

185 2693 381 2733 omnibus
429 2693 607 2747 agendis
655 2694 812 2734 nostris
860 2707 935 2747 per
976 2696 1107 2733 totam
1140 2690 1339 2732 Tusciam
1381 2694 1424 2730 et
1464 2692 1607 2744 partes
1664 2687 1755 2728 eius
1798 2686 1955 2727 dixerit
1995 2699 2072 2726 seu
2109 2684 2271 2733 fecerit,
2311 2684 2372 2724 ita

187 2769 323 2802 ratum
368 2767 408 2802 et
455 2763 621 2802 firmum
664 2761 940 2811 habebimus,
988 2774 1037 2801 ac
1083 2760 1117 2800 si
1156 2760 1208 2800 ab
1251 2772 1322 2800 ore
1362 2757 1646 2813 processisset
1685 2756 1800 2810 regie
1838 2754 2090 2795 maiestatis.
2158 2751 2214 2793 Et
2254 2753 2372 2793 illam

185 2831 455 2871 devotionem
491 2845 538 2870 ac
574 2830 874 2879 reverentiam,
909 2843 1036 2884 quam
1070 2829 1108 2868 ei
1142 2826 1441 2875 exhibueritis,
1474 2829 1617 2865 nostre
1651 2823 1948 2878 reputabimus
1972 2821 2208 2863 exhibitam
2239 2821 2372 2862 maie-

187 2900 298 2939 stati.
364 2899 407 2939 Si
441 2900 532 2953 quis
567 2912 666 2939 vcro
698 2898 1007 2953 presumpserit
1040 2898 1079 2937 ei
1110 2896 1286 2937 rebellis
1310 2895 1513 2943 existere,
1547 2893 1886 2947 indignationem
1916 2896 2106 2931 nostram
2132 2904 2177 2931 se
2200 2890 2372 2944 gravius

187 2969 351 3008 noverit
390 2969 671 3015 incursurum,
713 2973 754 3007 et
793 2968 967 3021 insuper
1006 2966 1193 3007 bannum
1227 2968 1269 3005 et
1310 2977 1465 3018 penam
1503 2962 1849 3017 pecuniariamm,
1890 2973 2016 3014 quam
2051 2959 2133 3000 sibi
2164 2959 2370 3013 imponet,

186 3036 361 3090 perinde
396 3042 529 3076 ratam
562 3036 813 3077 habebimus
846 3041 973 3089 atque
998 3035 1158 3074 firmam
1185 3038 1227 3074 et
1250 3033 1451 3073 tollemus
1475 3046 1524 3072 ac
1555 3031 1589 3070 si
1622 3018 1823 3071 nos'eam
1848 3029 2158 3083 posuissemus.
2221 3027 2282 3080 (4)
2305 3025 2373 3066 Ad

188 3106 311 3144 huius
346 3111 489 3145 nostre
525 3106 814 3145 concessionis
850 3105 1020 3159 plenam
1054 3103 1248 3143 notitiam
1284 3103 1528 3155 presentem
1566 3099 1767 3153 paginam
1803 3097 1901 3138 inde
1932 3094 2140 3137 conscribi
2172 3094 2374 3135 iussimus

191 3183 231 3213 et
266 3179 406 3213 nostre
441 3174 678 3213 maiestatis
710 3173 825 3213 bulla
861 3171 1124 3213 communiri.

332 3240 471 3281 Huius
511 3242 568 3280 rei
610 3247 744 3281 testes
786 3242 977 3282 fuerunt:
1019 3239 1241 3280 dominusn
1275 3236 1519 3292 patriarcha
1553 3233 1900 3289 AquilegiensiS,
1934 3231 2115 3272 Sifridus
2148 3231 2375 3286 episcopus

192 3309 522 3363 Augustensis0.
564 3309 731 3349 Olricus
767 3310 993 3364 episcopus
1026 3307 1316 3357 pataviensis,
1350 3304 1631 3346 Homobonus
1664 3303 1892 3357 episcopus
1927 3299 2254 3350 Cremonensis,
2287 3299 2372 3339 Lo-

329 3442 387 3475 ῘῙ·
423 3444 452 3482 b)
479 3444 601 3476 vollare
627 3456 652 3475 c.
794 3446 822 3473 0]
862 3444 1089 3485 Ι>ἰιμ[ιίε)ιιὶιιηι
1127 3443 1255 3474 ridetur
1294 3441 1396 3483 patris
1435 3440 1548 3471 nostri.
1692 3431 1731 3477 ‘¹)⁴
1761 3435 1998 3478 curriyendum
2022 3435 2153 3467 videtur
2178 3434 2372 3475 viguerunt.

191 3506 219 3529 ‘³1
248 3499 298 3536 lui
324 3501 415 3532 (lutri
460 3512 486 3532 c-
628 3500 656 3539 f)
689 3502 836 3538 1:07·reu:i;
862 3502 995 3543 plenam
1030 3512 1116 3532 corr.
1143 3500 1218 3532 ead.
1244 3509 1349 3529 mcmu
1380 3497 1523 3540 plemam
1549 3507 1575 3527 c.
1719 3500 1750 3533 ¹3)
1778 3495 1864 3527 Evffr
1888 3505 1915 3525 c.
2056 3490 2087 3531 ¹¹)
2113 3491 2320 3535 9gn0scendi
2345 3501 2372 3521 c.

191 3564 212 3589 Ἰ»
247 3557 419 3599 deflendum.
452 3569 518 3589 esse
553 3558 681 3589 riclam}-
713 3559 954 3590 concessiones.
1102 3555 1136 3597 k)
1164 3556 1273 3598 Iperisl
1300 3567 1326 3587 c.
1478 3551 1502 3594 ¹)
1528 3550 1576 3593 dei
1594 3553 1649 3584 tim
1677 3564 1703 3583 c.
1844 3550 1885 3591 Π1)
1910 3553 2021 3592 peculi
2046 3560 2072 3581 c.
2201 3548 2233 3586 Π)
2260 3546 2324 3578 diis
2348 3557 2375 3578 c.

191 3614 223 3655 0)
252 3614 329 3655 Aug
355 3626 380 3645 c.

2395 905 2429 930 10

2400 1253 2431 1278 15

2401 1595 2435 1620 ‘20

2403 1943 2435 1969 25

2409 2281 2441 2306 30

2406 2628 2438 2653 35

2407 2969 2501 2994 40-

2409 3310 2440 3335 45
