2558 3970
210 169 290 208 344
740 159 979 196 FRIDERICI
1006 160 1049 195 11.
1075 158 1501 195 CONSTITUTIONES.
1549 160 1648 194 1244.
1698 159 1761 195 Nr.
1779 159 1857 194 252.

327 280 568 322 sentencias
603 282 746 318 contra
783 290 856 317 cos
899 276 1007 316 latas
1040 275 1349 316 revocabimus.
1413 274 1468 316 Et
1504 276 1537 316 si
1570 289 1676 330 quas
1710 275 1971 316 donaciones
2004 276 2071 316 vel
2105 276 2398 330 obligaciones

325 350 384 389 eis
418 349 696 389 fecissemusc
729 351 826 401 post
856 345 986 386 latam
1021 345 1288 386 sentenciam
1323 345 1391 385 vel
1423 348 1651 400 postquam
1683 344 1867 385 ecclesie
1901 343 2185 391 adheserunt.
2226 345 2397 386 relaxa-

321 418 498 457 bimusc.
548 414 648 456 etd-¹
693 416 734 455 in
776 415 946 469 plenam
989 414 1178 468 graciam
1222 413 1503 459 reducentur,
1546 412 1896 468 possessionibus
1937 426 2106 463 eorum,
2152 413 2315 454 iuribus
2355 418 2398 455 et

321 484 553 525 bonoribus
587 485 646 525 eis
680 484 846 537 integre
879 482 1103 526 restitutis.
1139 482 1218 522 etsi
1252 483 1345 523 aliis
1376 483 1461 523 sint
1493 495 1712 524 concessa.
1803 481 1908 536 (VH)
1944 480 2084 536 Super
2113 481 2209 522 aliis
2240 485 2396 533 autem,

323 554 391 608 qui
425 558 524 594 ante
558 556 692 592 ortam
735 550 991 592 discordiam
1033 550 1218 592 rebelles
1251 551 1373 592 nobis
1417 550 1591 592 fuerunt
1623 554 1666 592 et
1698 554 1819 591 erant
1851 554 1951 591 tunc
1984 551 2027 591 in
2060 563 2216 605 guerra
2247 550 2395 591 nobis-

321 636 434 662 cum.
478 622 534 662 ita
570 620 766 661 dicimus:
801 619 912 675 quod
945 620 1188 661 remittetur
1220 620 1281 661 eis
1316 619 1452 660 omnis
1486 619 1673 669 offensa,
1716 633 1843 674 quam
1877 623 2028 674 postea
2061 622 2209 659 contra
2241 633 2321 659 nos
2354 623 2398 660 et

321 690 545 744 imperium
572 690 891 730 commiserunt.
944 688 1010 730 De
1034 689 1208 730 offensis
1230 702 1331 729 vero
1355 688 1595 729 commissis
1621 692 1720 729 ante
1744 692 1880 729 ortam
1904 687 2163 729 discordiam
2187 687 2397 729 stabimus

321 758 553 813 provisioni
588 762 630 798 et
662 758 924 799 ordinacioni
959 757 1119 798 domini
1156 771 1266 813 pape
1300 760 1342 798 et
1382 758 1561 798 fratrum
1596 756 1788 797 faciende
1821 756 1932 797 infra
1964 760 2134 811 tempus
2168 770 2192 796 a
2225 755 2397 797 domino

320 841 429 882 pape
462 826 766 882 prefigendum.
819 826 955 882 Ipsise
989 827 1185 868 omnibus
1210 826 1408 868 dabimus
1437 827 1609 881 plenam
1632 840 1785 881 pacem
1798 825 1824 866 ².
1917 825 2039 880 (VIII)
2073 825 2215 881 Super
2236 826 2397 867 securi-

322 900 409 936 tate
442 908 544 935 vero
585 894 754 935 illorum
787 894 839 936 de
873 895 1146 945 Romaniola,
1190 895 1260 950 qui
1304 898 1402 949 post
1445 899 1581 935 ortam
1614 893 1867 935 discordiam
1901 894 2084 935 ecclesie
2117 893 2395 946 adheserunt,

322 972 364 1005 et
394 963 602 1004 nobilium
635 963 687 1004 de
719 964 911 1004 marchia
942 963 1179 1004 Trevisana
1214 967 1256 1004 et
1288 963 1549 1004 marchionis
1582 963 1890 1005 Montisferrati
1915 968 1957 1004 et
1987 963 2167 1005 aliorum
2193 963 2400 1005 nobilium

321 1032 510 1086 ubiquef,
555 1032 613 1073 ita
657 1046 701 1073 se
745 1032 949 1074 credereg
994 1047 1071 1073 nos
1114 1033 1305 1073 facturos
1339 1032 1568 1074 dixerunth
1601 1033 1745 1074 nuncii
1779 1031 2046 1087 supradictii‚
2089 1032 2255 1074 scilicet
2287 1032 2402 1088 quod

320 1100 500 1156 predicti
541 1101 705 1142 nobiles
746 1102 787 1141 in
829 1101 1011 1156 propriis
1054 1101 1274 1156 personis,
1315 1101 1396 1141 nisi
1429 1101 1483 1142 ad
1524 1102 1814 1156 provisionem
1848 1101 2008 1142 domini
2038 1115 2172 1157 pape,
2216 1100 2292 1143 sed
2324 1115 2402 1156 per

321 1170 598 1211 substitutos.
635 1170 792 1211 servire
825 1170 950 1210 nobis
983 1170 1157 1211 minime
1190 1175 1436 1212 teneantur:
1469 1170 1511 1210 in
1544 1170 1746 1211 iudicium
1780 1175 1923 1212 autem
1955 1170 2098 1211 vocati
2129 1184 2207 1225 per
2229 1169 2398 1212 nobiles

323 1244 363 1279 et
396 1253 520 1293 pares
556 1252 652 1279 suos
684 1239 873 1293 reliquos
907 1239 1095 1292 regionis
1131 1238 1344 1281 eiusdem.
1388 1238 1483 1279 aliis
1517 1238 1825 1280 adherentibus
1858 1239 2044 1280 ecclesie
2078 1252 2162 1279 non
2196 1239 2396 1289 exclusis,

321 1306 509 1348 debeant
540 1307 720 1347 iudicari
753 1306 804 1346 de
837 1306 1142 1361 personalibus
1168 1310 1209 1347 et
1233 1307 1423 1348 realibus
1447 1307 1685 1348 actionibus
1709 1306 1922 1363 impetitik
1955 1312 1998 1348 et
2021 1308 2158 1348 eciam
2182 1307 2234 1349 de
2258 1307 2399 1349 crimi-

321 1375 489 1416 nalibus
522 1375 724 1416 accusati.
790 1375 1047 1431 Specialiter
1080 1379 1224 1416 autem
1258 1376 1299 1415 in
1323 1374 1582 1417 Romaniola
1615 1376 1667 1417 ad
1699 1377 1906 1418 maiorem
1938 1377 2212 1418 securitatem
2238 1390 2400 1424 eorum,

321 1445 390 1499 qui
434 1445 616 1485 ecclesie
660 1444 943 1489 adheserunt.
989 1448 1229 1485 statuemus
1272 1445 1544 1499 capitaneum
1584 1445 1770 1500 aliquem
1805 1444 1856 1486 de
1902 1445 2081 1500 prelatis
2112 1444 2242 1486 Italie
2276 1449 2401 1486 extra

325 1512 536 1567 Regnum:
571 1513 646 1555 sub
681 1514 801 1554 cuius
835 1514 968 1554 solius
1003 1513 1201 1555 examine
1234 1514 1466 1568 litigabunt
1498 1528 1633 1568 usque
1667 1514 1719 1555 ad
1752 1514 2072 1569 beneplacitum
2097 1513 2260 1555 domini
2281 1527 2395 1569 pape

322 1586 407 1622 tam
441 1582 482 1622 in
517 1582 713 1623 civilibus
745 1596 872 1637 quam
896 1583 938 1623 in
962 1582 1255 1624 criminalibus
1281 1582 1421 1623 causis
1436 1583 1464 1625 3.
1517 1583 1784 1624 Municiones
1809 1587 1953 1624 autem
1975 1583 2169 1638 proprias
2191 1583 2400 1624 faciemus

318 1664 395 1704 per
442 1664 548 1704 quos
600 1651 720 1692 nobis
768 1651 980 1706 placuerit
1027 1651 1251 1696 custodiri:
1300 1652 1587 1693 municionesl
1631 1652 1921 1707 predictorum
1966 1665 2047 1692 non
2094 1651 2288 1693 ledemus
2334 1652 2402 1693 vel

320 1724 547 1773 tangemus
591 1720 681 1761 sine
725 1733 939 1761 consensu
978 1721 1068 1761 eius
1113 1721 1184 1775 qui
1224 1734 1354 1776 super
1392 1722 1452 1761 eis
1492 1721 1620 1761 fuerit
1663 1721 1937 1776 deputatus4.
2031 1720 2117 1775 (IX)
2161 1719 2403 1775 Captivosm

322 1787 576 1839 Romanosn,
610 1788 917 1839 Lombardos⁵‚
952 1789 1116 1830 Tuscos
1148 1790 1190 1830 in
1222 1790 1358 1844 galeis
1383 1794 1530 1845 captos
1556 1793 1599 1831 et
1622 1791 1731 1831 alios
1762 1804 1910 1831 omnes
1936 1790 2165 1831 occasione
2190 1789 2401 1831 discordie

329 1856 462 1898 libere
496 1857 772 1898 liberabimus
805 1863 846 1898 et
878 1859 931 1899 ab
966 1859 1161 1900 omnibus
1195 1859 1445 1900 iuramentis
1479 1863 1522 1901 et
1555 1859 1912 1914 obligacionibus‚
1948 1859 2100 1914 quibus
2134 1859 2401 1914 obligassent

330 1939 375 1966 se
409 1926 528 1966 nobis
561 1932 657 1981 post
692 1928 955 1982 capcionem‚
991 1928 1263 1969 absolvemus
1293 1936 1483 1979 omnes⁰‚
1517 1932 1604 1969 tam
1628 1936 1729 1970 eosl‘
1762 1930 1833 1984 qui
1864 1929 2036 1970 liberati
2060 1932 2158 1969 sunt
2180 1941 2307 1983 quam
2330 1928 2402 1982 qui

326 1999 477 2048 postea
519 1995 833 2038 liberabuntur:
877 2001 920 2037 et
953 2010 1082 2051 super
1120 1997 1201 2038 hoc
1235 2002 1305 2038 etq
1337 1998 1505 2039 litteras
1538 2001 1707 2038 nostras
1739 1997 1955 2045 dabimus3
1999 1997 2198 2039 fidelibus
2231 1997 2401 2047 nostris,

327 2063 423 2116 quir
457 2064 569 2117 capti
603 2068 701 2104 sunt
733 2064 904 2119 ubique,
937 2079 1013 2120 per
1047 2065 1294 2107 detentores
1328 2066 1512 2107 invicem
1540 2067 1735 2107 liberatis
1748 2073 1775 2109 S.
1827 2067 2006 2107 Aliost·6
2039 2079 2186 2107 omnes
2211 2067 2403 2121 captivos

330 2137 476 2186 captos
520 2134 747 2174 occasione
792 2133 1001 2175 discordie
1049 2135 1190 2174 interu
1229 2135 1457 2176 ecclesiam
1500 2139 1543 2176 et
1582 2136 1808 2190 imperium
1857 2135 2149 2176 liberabimus.
2242 2134 2310 2190 (X)
2348 2134 2404 2175 Et

324 2200 516 2241 eiectosV
549 2202 774 2243 occasione
815 2203 951 2257 prime
997 2203 1246 2244 discordieW
1279 2204 1345 2245 vel
1385 2203 1571 2245 secunde
1606 2208 1692 2244 tam
1725 2204 1901 2246 clericos
1934 2218 2062 2260 quam
2094 2204 2229 2246 laicos
2261 2203 2399 2245 libere

325 2270 622 2323 permittemus
657 2275 699 2311 et
732 2285 882 2313 secure
916 2272 1055 2313 redire
1088 2272 1141 2313 ad
1173 2273 1346 2328 propria
1379 2277 1422 2314 et
1455 2286 1711 2328 permanere
1742 2286 1916 2323 secure,
1949 2272 2328 2328 possessionibusx
2360 2276 2402 2313 et

326 2337 475 2378 bonisy
509 2346 682 2379 eorumz
705 2340 873 2395 integre
899 2341 1118 2399 restitutis.
1211 2341 1300 2394 (XI)
1335 2341 1400 2382 De
1426 2341 1641 2382 discordia
1666 2345 1809 2383 autem
1830 2342 2124 2383 Romanorum
2148 2342 2403 2383 volebamus

327 2412 440 2447 stare
473 2407 734 2448 ordinacioni
767 2409 925 2449 domini
957 2424 1067 2464 pape
1102 2415 1145 2451 et
1175 2411 1353 2450 fratrum
1386 2416 1470 2451 tam
1504 2410 1557 2452 de
1592 2411 1870 2452 restitucione
1901 2411 2182 2466 dampnorum
2206 2410 2403 2451 datorum

327 2475 366 2514 in
414 2489 567 2529 guerra
620 2490 746 2531 quam
795 2477 847 2518 de
895 2478 1012 2524 aliis.
1065 2478 1123 2518 ita
1166 2483 1308 2519 tamen
1357 2478 1468 2532 quod
1516 2482 1731 2519 statuatur
1783 2478 1835 2519 de
1888 2492 2041 2519 secura
2090 2477 2404 2533 indempnitate

326 2550 579 2595 nostrorum,
614 2550 657 2586 et
680 2551 862 2601 excepto
886 2550 1027 2587 castro
1053 2547 1258 2598 Anticuli,
1292 2546 1344 2587 de
1379 2561 1461 2601 quo
1496 2547 1741 2588 nullatenus
1766 2547 2113 2602 compromittere
2137 2545 2402 2588 volebamus.

328 2612 434 2666 (XII)
467 2612 533 2654 De
567 2613 762 2669 dampnis
795 2615 906 2655 datis
938 2628 1014 2670 per
1047 2629 1137 2663 nOS,
1170 2615 1375 2657 officiales
1410 2621 1453 2657 et
1485 2616 1649 2657 baiulos
1673 2620 1845 2657 nostros
1869 2616 2061 2671 prelatis,
2095 2615 2292 2657 ecclesiis
2315 2619 2403 2656 tam

326 2681 628 2735 religiosorum
661 2696 788 2737 quam
821 2684 1077 2725 secularium
1111 2685 1179 2725 vel
1212 2684 1308 2725 aliis
1343 2684 1394 2725 de
1429 2684 1630 2725 mandato
1662 2688 1810 2726 nostro
1844 2689 1940 2740 post
1973 2684 2240 2726 sentenciam
2272 2684 2404 2725 latam

329 2750 369 2789 in
412 2764 488 2791 nos
535 2751 786 2793 satisfacere
830 2752 1081 2793 volebamus
1125 2752 1361 2793 secundum
1400 2753 1685 2807 provisionem
1723 2758 1767 2794 et
1805 2753 2113 2808 benignitatem
2154 2752 2268 2795 sedis
2299 2765 2403 2807 apo-

329 2818 478 2860 stolice
494 2820 519 2859 7.

349 2932 435 2967 252.
469 2941 498 2975 0)
525 2936 754 2968 relaxabimus
779 2937 831 2968 laic
851 2937 994 2978 ponitur
1014 2936 1041 2968 1.
1138 2934 1167 2974 (1)
1194 2937 1283 2969 deest
1302 2936 1330 2969 l.
1425 2942 1455 2973 e,
1481 2939 1580 2970 etiam
1599 2938 1678 2970 add.
1697 2937 1736 2977 3;
1763 2942 1795 2970 et
1815 2939 1896 2970 add.
1917 2937 1957 2970 F.
1975 2938 2004 2969 I.
2100 2936 2130 2979 f)
2157 2937 2278 2969 abhinc
2301 2947 2404 2978 usque

215 2992 353 3032 predicti
380 3004 505 3024 rasura
533 2994 567 3024 ἰη
595 2993 621 3033 l,
655 3005 739 3035 quac
763 2999 899 3036 partem
931 2995 1147 3026 membranae
1172 2995 1384 3037 perforat-im
1415 3000 1626 3027 correcturas
1649 2995 1735 3037 fecit
1764 3006 1886 3027 manus
1911 3007 2033 3028 coaeva
2063 2995 2175 3027 multis
2200 2993 2404 3035 compendiis

215 3048 384 3087 adhibitis,
410 3050 454 3080 im
481 3056 515 3081 zet
542 3051 634 3083 lectio
660 3051 787 3083 incerla
812 3052 862 3082 sit.
934 3052 966 3091 g)
993 3050 1073 3086 &ire
1098 3052 1131 3092 13
1158 3053 1203 3084 ita
1220 3053 1359 3084 credant
1377 3051 1407 3084 3.
1478 3051 1512 3093 11)
1538 3053 1626 3085 sicut
1651 3053 1797 3086 dixerint
1814 3053 1844 3086 3.
1917 3052 1941 3095 i)
1968 3054 2022 3086 isti
2040 3051 2071 3085 3.
2142 3050 2177 3093 k)
2203 3051 2354 3094 impediti
2370 3049 2402 3083 3.

215 3103 237 3131 ¹*
266 3116 344 3137 vero
371 3107 450 3138 add.
471 3106 501 3139 3.
619 3107 791 3149 m)31·m5
829 3110 1030 3151 Captivos
1062 3110 1102 3141 in
1133 3110 1268 3151 galeis
1301 3115 1446 3152 captos
1481 3122 1554 3142 nec
1588 3122 1666 3143 non
1699 3122 1839 3143 omnes
1870 3112 2092 3151 Romanos,
2129 3109 2403 3148 Lombardos,

215 3163 404 3196 Thuscos
441 3171 477 3197 et
515 3166 624 3197 :ilios
662 3177 805 3198 omnes
843 3167 1035 3208 captivos
1073 3171 1166 3208 post
1207 3167 1335 3199 latam
1380 3168 1635 3200 sententiam
1675 3168 2155 3207 excommunicationis,
2194 3166 2318 3198 cuius
2355 3165 2404 3198 ad

217 3231 236 3260 p
247 3230 395 3251 resens
430 3222 640 3254 absolutio
674 3224 850 3264 petitur,
886 3223 1106 3255 liberabimus
1131 3229 1188 3255 etc.
1306 3222 1339 3263 Β)
1366 3224 1488 3255 abhinc
1512 3235 1632 3255 rursus
1657 3223 1689 3256 2.
1807 3225 1836 3264 0)
1867 3225 2002 3256 omnino
2026 3222 2058 3256 3.
2173 3223 2207 3264 1))
2232 3233 2347 3256 omnes
2371 3222 2403 3255 3.

217 3282 249 3308 ἰ»
277 3276 364 3308 deest
390 3276 419 3309 3.
515 3284 542 3318 r)
570 3285 605 3310 ut
628 3281 685 3320 qui
704 3278 734 3311 3.
831 3283 858 3321 Β)
883 3281 1065 3313 liberandis
1084 3280 1120 3320 ‘2;
1147 3281 1331 3313 liberentur
1351 3280 1382 3312 3.
1477 3280 1502 3322 t)
1529 3282 1646 3314 Alios
1671 3300 1713 3303 -—
1740 3282 2023 3314 liberabimus
2048 3282 2114 3315 des.
2133 3280 2165 3313 3.
2258 3281 2292 3323 ¹¹)
2317 3281 2404 3314 inter

218 3345 316 3375 usque
343 3335 504 3367 discordie
524 3336 590 3368 des.
609 3336 639 3368 2.
734 3338 765 3376 v)
793 3338 924 3370 Eiectos
950 3339 1087 3380 insuper
1103 3336 1134 3369 3.
1229 3338 1269 3377 w)
1296 3338 1375 3370 disc.
1402 3339 1506 3380 prime
1524 3336 1561 3378 33
1588 3339 1693 3381 prime
1719 3339 1841 3380 le‘qituo·
1857 3339 1956 3371 etiam
1973 3339 2008 3371 in
2025 3337 2057 3371 2.
2150 3337 2183 3379 x)
2208 3338 2242 3370 in
2267 3349 2354 3381 poss.
2373 3335 2404 3370 3.

217 3396 247 3430 ἵ)
274 3391 374 3422 rebus
400 3389 431 3422 2.
457 3390 487 3422 3.
606 3399 634 3435 Z)
662 3394 756 3426 bonis
783 3394 862 3426 adel.
882 3393 913 3427 2.
937 3393 968 3426 3.

356 3493 387 3533 1„
425 3495 459 3525 et
486 3492 521 3526 in
549 3493 695 3537 plenam
722 3495 879 3539 gratiam
912 3495 1133 3530 reducentur
1157 3495 1285 3529 desunt
1313 3494 1358 3529 F.
1380 3495 1407 3529 Ι.
1550 3497 1585 3539 2)
1619 3506 1661 3530 ex
1687 3507 1784 3530 nunc
1809 3495 1913 3529 addit
1940 3495 1983 3529 F.
2002 3495 2030 3528 Ι.
2171 3496 2207 3539 3)
2239 3495 2404 3530 Prelatos

220 3559 324 3590 usquc
359 3548 512 3582 volucrit
548 3550 649 3583 addit
678 3550 722 3584 F.
751 3553 775 3585 I.
917 3553 951 3594 4)
990 3552 1067 3586 Illis
1102 3575 1146 3579 -
1181 3552 1403 3596 eligendum,
1444 3552 1485 3585 (lc
1517 3552 1702 3595 capitaneo
1738 3551 1915 3586 marchiae
1954 3551 2170 3594 Tra-isariae,
2201 3551 2280 3586 add.
2309 3550 2354 3586 F.
2374 3551 2402 3584 I.

217 3607 251 3647 ὃ)
281 3605 501 3640 Lombardos
527 3606 618 3640 (least
647 3607 691 3642 F.
712 3609 742 3641 I.
853 3612 888 3653 6)
916 3610 1015 3643 Alios
1043 3630 1082 3634 —
1111 3609 1347 3643 liberabimus
1373 3608 1498 3643 desunt
1524 3609 1567 3642 F.
1588 3610 1616 3642 Ι.
1732 3610 1767 3651 7)
1795 3609 1855 3643 nbi
1885 3628 1924 3633 —
1952 3610 1989 3643 et
2016 3620 2163 3643 suorum
2187 3608 2283 3641 addit
2313 3607 2357 3642 F.
2379 3608 2401 3650 I,

219 3673 309 3705 quac
330 3666 513 3705 praeterea
539 3663 697 3696 abundat
721 3665 895 3708 capitibus
922 3671 1077 3700 13-15.

2438 901 2469 926 10

2439 1250 2470 1274 15

2439 1592 2473 1617 20

2439 1940 2471 1966 25

2440 2283 2472 2308 30

2441 2627 2472 2671 Ι35

2439 3002 2472 3027 40

2439 3287 2470 3312 45

2439 3615 2471 3639 50
