2558 3970
653 160 868 195 CONRADI
893 160 955 194 IV.
981 161 1408 197 CONSTITUTIONES.
1464 162 1560 197 1240.
1613 164 1673 198 Nr.
1693 164 1769 198 332.
1796 165 1873 199 333.
2280 170 2360 207 443

165 275 406 318 videbatur.
467 276 537 317 Ad
576 276 702 317 huius
745 277 889 332 itaque
932 277 991 318 rei
1026 278 1275 318 memoriam
1317 283 1562 333 presentem
1597 280 1850 321 sententiam
1887 280 2015 335 sigilli
2051 281 2187 322 nostri
2221 281 2358 321 muni-

165 346 278 387 mine
310 346 493 387 fecimus
527 345 734 388 roborari.

310 413 408 456 Dat.
441 413 555 469 apud
588 413 780 456 Ulmam.
822 429 933 455 anno
966 415 1179 456 dominice
1222 416 1528 456 incarnationis
1565 416 1836 459 M(¹('X1L.“.
1882 432 2027 459 mens(-
2061 419 2209 473 April..
2250 418 2355 458 ‹luo-

164 482 329 525 decime
361 482 507 524 indict.

110 857 124 881 ⁵
163 824 297 892 332.
344 820 949 892 SENTENTIA
992 822 1132 893 DE
1180 820 1496 893 OFle
1525 823 1608 893 ls
1654 823 2359 896 AssssA'rlARUM.

1075 958 1216 1006 1240.
1257 959 1358 1007 Ian.
1394 960 1468 1007 15.

306 1101 433 1143 Dedit
454 1102 520 1143 vir
542 1102 588 1143 el.
607 1101 830 1143 Kcmnecke
851 1115 901 1142 ex
922 1103 1180 1155 autoyrapko
1203 1104 1407 1145 tabularii
1429 1104 1767 1156 Illarbzc›·5lcn.s·is,
1797 1105 1914 1145 eitius
1938 1105 2122 1157 sim‘llum
2147 1106 2286 1157 pariit.
2313 1131 2360 1135 —

162 1171 622 1214 Iluillard-Breholles
647 1171 691 1221 V,
715 1173 835 1212 1185.
896 1171 1090 1222 Biihmer,
1124 1173 1224 1227 Rey.
1260 1175 1356 1226 imp.
1390 1174 1434 1224 V,
1457 1177 1580 1215 4411.
2005 1173 2075 1225 (1².
2099 1178 2218 1223 335⁵.)

306 1286 530 1329 Conradus
553 1286 639 1328 divi
663 1287 836 1342 augusti
860 1287 1132 1343 imperatoris
1155 1288 1366 1331 Frideriei
1396 1290 1521 1341 filius,
1556 1290 1638 1331 Dei
1669 1290 1808 1344 gratia
1830 1289 2122 1330 Romanorum
2148 1290 2188 1330 in
2214 1303 2359 1344 regem

92 1377 125 1400 ιο
162 1357 327 1398 electus
360 1370 531 1412 semper
561 1361 772 1411 augustus
806 1362 848 1397 et
882 1356 1008 1398 heres
1043 1359 1164 1413 regni
1198 1358 1438 1400 Ierusalem
1480 1359 1694 1400 universis
1730 1364 1957 1414 presentes
1993 1359 2158 1399 litteras
2195 1360 2360 1414 inspec-

161 1426 269 1467 turis
307 1425 509 1468 fidelibus
548 1426 714 1481 imperii
753 1427 934 1480 gratiam
974 1441 1095 1468 suam
1139 1433 1183 1469 et
1223 1442 1348 1470 omne
1390 1428 1564 1471 bonum.
1684 1428 1865 1469 Noverit
1905 1429 2163 1469 universitas
2206 1435 2361 1469 vestra.

162 1495 277 1551 quod
310 1495 364 1537 ad
397 1496 723 1551 requisitionem
756 1494 993 1538 Wernheri
1016 1498 1282 1539 venerabilis
1306 1497 1477 1539 abbatis
1503 1497 1844 1539 IIersueldensis
1869 1497 2063 1541 ecclesie.
2098 1497 2361 1539 dictantibus

163 1579 258 1606 eam
291 1565 510 1607 nobilibus
543 1569 587 1606 et
618 1565 713 1606 aliis
747 1565 818 1620 qui
852 1564 1043 1616 aderant,
1077 1566 1176 1607 talis
1211 1566 1298 1607 lata
1332 1566 1411 1607 fuit
1444 1580 1588 1607 coram
1623 1566 1746 1607 nobis
1781 1567 1994 1608 sententia
2020 1572 2062 1607 et
2085 1566 2137 1607 ab
2162 1567 2359 1607 omnibus

162 1634 420 1691 approbata:
455 1634 570 1690 quod
603 1634 702 1690 quia
734 1633 788 1676 de
821 1648 950 1676 manu
974 1640 1123 1676 nostra
1145 1636 1356 1691 regalium
1382 1641 1607 1691 receperat
1639 1636 1952 1677 investituram.
1987 1635 2178 1690 legitime
2204 1650 2355 1676 vacare

96 1722 127 1747 ιε,
165 1703 353 1746 debeant
384 1704 587 1745 universa
610 1704 751 1745 officia
775 1704 958 1746 ecclesie
981 1704 1333 1755 Hersueldensis,
1369 1706 1565 1761 exceptis
1589 1710 1773 1761 quatuor
1795 1705 2121 1761 principalibus,
2156 1719 2238 1760 que
2264 1710 2357 1760 post

165 1788 211 1814 se
244 1774 596 1829 consequentiam
639 1788 761 1816 suam
800 1775 989 1817 trahunt.
1052 1775 1178 1829 Unde
1212 1790 1266 1818 ne
1300 1776 1352 1818 de
1386 1776 1600 1817 sententia
1641 1775 1883 1817 huiusmodi
1920 1776 2094 1816 inantea
2127 1774 2362 1815 dubitetur.

164 1848 392 1898 presentes
424 1843 594 1885 litteras
629 1843 759 1899 sigilli
792 1845 924 1885 nostri
959 1845 1196 1887 munimine
1229 1845 1432 1887 duximus
1465 1845 1745 1887 roborandas.

307 1913 406 1954 Dat.
440 1912 553 1968 apud
586 1906 812 1968 Hagende,
845 1912 944 1954 XV.
979 1914 1183 1965 Ianuarii,
1218 1914 1342 1958 XIII.
1376 1915 1459 1956 ind.

163 2315 300 2384 333.
351 2311 947 2385 SENTENTIA
988 2311 1129 2383 DE
1172 2310 1584 2383 IURIBUS
1628 2307 2364 2382 EPISGOPORUM.

93 2473 127 2498 20
1120 2449 1263 2497 1240.
1303 2448 1413 2497 Mai.

307 2594 437 2638 Dedit
465 2595 532 2636 vir
562 2594 611 2637 cl.
640 2593 861 2636 Oswazdus
891 2592 1066 2635 Redlich
1096 2606 1146 2634 ea:
1176 2592 1434 2647 autoyrapho
1465 2592 1669 2634 tabularii
1699 2591 1944 2643 episcopalis
1976 2590 2265 2641 Brz'xz'nensis,
2299 2592 2365 2632 cui

160 2663 365 2719 appendet
399 2663 532 2717 siyilli
565 2662 853 2718 fraymentum
890 2662 979 2715 filis
1016 2661 1160 2704 sericis
1196 2662 1434 2716 purpureis.
1496 2661 1568 2702 Ex
1604 2660 1738 2702 eodem
1769 2659 1880 2701 edita
1910 2662 1969 2701 est
1998 2660 2044 2700 in
2077 2659 2365 2701 Monumentis

162 2732 308 2775 Boieis
331 2732 476 2784 XXX,
500 2735 537 2784 1,
558 2734 644 2774 274
674 2745 741 2774 nr.
765 2733 861 2773 764.
894 2756 948 2761 —
981 2730 1439 2773 Huillard-Breholles
1469 2729 1516 2781 V,
1535 2731 1656 2771 1190.
1713 2728 1905 2779 Bo'lmzer,
1927 2728 2027 2782 Rey.
2051 2729 2147 2781 imp.
2178 2728 2221 2780 V,
2238 2731 2363 2768 4417.

2009 2796 2080 2850 (P.
2103 2800 2223 2848 333.)

95 2923 127 2950 25
309 2905 534 2948 Conradus
557 2905 644 2947 divi
671 2905 844 2960 augusti
873 2903 1146 2960 imperatoris
1167 2903 1377 2945 Friderici
1409 2903 1534 2954 filius,
1567 2902 1650 2943 Dei
1674 2901 1812 2957 gratia
1834 2900 2128 2942 Romanorum
2153 2901 2194 2942 in
2218 2915 2364 2956 regem

165 2975 328 3017 electus
367 2989 539 3031 semper
580 2978 789 3029 augustus
821 2977 864 3014 et
895 2973 1023 3015 heres
1056 2973 1178 3028 regni
1208 2971 1452 3014 Ierusalem
1484 2971 1699 3013 universis
1732 2975 1958 3025 presentes
1993 2970 2158 3012 litteras
2191 2970 2361 3025 inspec-

164 3044 271 3086 turis
302 3043 502 3085 fidelibus
534 3043 706 3099 imperii
738 3043 922 3098 gratiam
955 3056 1077 3083 suam
1110 3046 1154 3083 et
1177 3055 1304 3083 omne
1337 3041 1513 3083 bonum.
1624 3039 1795 3081 Tenere
1826 3040 2091 3095 presentium
2117 3038 2171 3080 ad
2194 3038 2363 3080 moder-

163 3127 315 3155 norum
353 3118 397 3156 et
435 3112 678 3155 futurorum
716 3112 914 3154 notitiam
952 3112 1181 3168 pervenire
1222 3112 1418 3167 cupimus
1463 3116 1506 3152 et
1546 3109 1762 3166 pertendi,
1803 3107 1915 3163 quod
1955 3107 2008 3149 ad
2042 3109 2365 3163 requisitionem

165 3181 387 3238 Egenonis
421 3182 680 3224 venerabilis
714 3181 844 3224 electi
875 3180 1150 3222 Brixinensis
1184 3180 1367 3222 ecclesie
1400 3179 1547 3221 dilecti
1579 3177 1783 3235 principis
1815 3177 1968 3228 nostri,
2016 3181 2114 3232 post
2145 3181 2364 3233 receptam

96 3266 130 3291 30
164 3251 462 3294 investituram
501 3251 714 3307 regalium
754 3265 832 3307 per
873 3264 1026 3292 manus
1070 3254 1259 3301 nostras,
1302 3249 1563 3291 dictantibus
1605 3262 1677 3289 eas
1717 3246 2002 3303 principibus,
2045 3245 2281 3287 baronibus
2325 3250 2368 3287 et

163 3320 380 3363 nobilibus
413 3321 486 3376 qui
518 3321 722 3373 aderant,
761 3320 876 3362 idem
908 3319 1175 3375 subscriptas
1208 3319 1394 3374 optinuit
1432 3317 1679 3359 sentencias
1713 3329 1857 3357 coram
1891 3314 2036 3356 nobis:
2076 3315 2212 3370 primo
2246 3314 2364 3356 vide-

168 3390 290 3441 licet,
333 3390 446 3446 quod
486 3394 585 3446 post
624 3394 830 3445 suscepta
868 3388 1033 3444 regalia
1073 3388 1278 3429 universa
1318 3387 1459 3429 officia
1498 3387 1774 3442 episcopatus
1814 3384 1877 3424 sui
1922 3384 2008 3424 suis
2048 3383 2245 3427 manibus
2280 3384 2366 3424 sint

167 3459 328 3512 soluta,
374 3460 569 3515 exceptis
616 3463 800 3515 quatuor
839 3458 993 3499 officiis
1041 3456 1373 3513 principalibus,
1419 3470 1501 3511 que
1550 3453 1908 3509 consequentiam
1955 3456 2052 3508 post
2094 3466 2138 3493 se
2179 3452 2366 3493 trahunt.

168 3527 280 3569 Item
317 3528 433 3584 quod
471 3528 727 3570 durantibus
765 3529 808 3569 in
849 3527 1296 3569 excommunicatione
1340 3539 1418 3566 sua
1466 3524 1634 3580 possint
1680 3521 1809 3564 feuda
1849 3521 2054 3576 denegari
2097 3528 2141 3562 et
2178 3521 2362 3562 detineri

103 3616 136 3643 35
170 3596 377 3652 legitime,
412 3611 463 3639 eo
495 3597 607 3653 quod
636 3598 746 3639 tales
780 3596 1076 3638 communione
1106 3595 1255 3637 debita
1288 3594 1372 3635 sint
1403 3593 1572 3649 privati.
1672 3590 1739 3632 Ad
1771 3590 1848 3631 hec
1882 3603 1980 3631 cum
2009 3590 2101 3644 ipso
2125 3590 2219 3631 iure
2247 3589 2363 3630 nulle

308 3699 396 3735 331.
422 3702 468 3734 sie
493 3702 546 3735 ed.

2012 3753 2090 3787 56*
