2558 3970
217 136 297 175 268
747 131 985 164 FRwERlel
1012 131 1054 163 ΙΙ.
1082 128 1509 163 CONSTITUTIONES.
1560 129 1657 162 1236.
1707 128 1768 162 Nr.
1785 128 1861 162 200.

218 248 327 288 dicta
369 246 577 287 discordia
621 246 672 286 ad
713 245 917 285 honorem
956 244 1037 284 Dei
1081 248 1122 284 et
1164 244 1328 298 imperii
1370 243 1572 283 laudabili
1612 241 1693 282 fide
1734 241 1918 292 sedata‘,
1959 242 2119 295 grande
2159 243 2394 299 producere

219 329 440 370 speramus
482 315 689 355 auxilium
722 313 855 353 Terre
889 312 1067 362 Sancte,
1109 325 1190 365 que
1223 312 1341 351 velut
1373 311 1523 351 incolis
1562 310 1790 364 populosa,
1824 310 1963 350 vicina
1994 311 2223 360 maritime,
2268 312 2394 366 glebe

219 385 433 423 fructifera
470 383 600 424 cultu.
633 383 673 422 in
707 381 1067 435 oportunitatibus
1100 380 1324 420 omnibuss
1357 394 1402 420 se
1435 379 1582 419 utilem
1615 378 1741 418 nimis
1765 378 1993 419 exhibuitt.
2055 378 2124 419 Ad
2155 379 2235 420 hec
2265 380 2395 434 igitur

219 453 358 491 omnia
400 451 631 491 salubriter
669 448 934 504 procuranda
980 462 1057 490 nee
1100 448 1258 487 nostris
1300 447 1522 501 indulgere
1561 446 1778 486 laboribus
1820 459 1896 486 nee
1940 459 2115 500 parcere
2156 449 2395 502 sumptibus

217 520 491 574 disponentes
535 523 670 558 estate
713 517 901 572 presenti
938 516 1221 570 personaliter
1260 529 1354 556 eum
1393 515 1559 555 nostris.
1587 514 1849 569 principibus
1890 515 2078 556 intrareu
2119 515 2390 557 condiximus

218 588 539 628 Lonibardiam.
582 587 635 626 ad
669 587 746 626 hcc
780 586 860 626 tria
892 584 1273 625 considerationem
1307 588 1525 624 nostramv
1557 583 1778 637 potissime
1812 581 2068 636 dirigentes:
2101 587 2148 624 ut
2180 584 2398 625 eradicata

218 657 258 696 in
292 656 413 695 ltalia
449 655 637 696 heretica
671 654 903 709 pravitate.
937 654 1027 693 iura
1058 653 1240 694 ecclesie
1273 655 1362 692 etv·
1396 651 1562 705 imperii
1595 650 1876 691 reformemus
1909 650 2087 695 ibidem:
2120 655 2200 692 utW
2233 666 2398 708 pacem,

219 724 519 765 discordiarum
562 723 831 763 scismatibus
876 722 1087 776 fatigatis,
1134 725 1176 761 et
1217 720 1480 774 quibuslibet
1529 718 1666 773 passis
1705 718 1903 759 iniuriam
1943 719 2106 774 absque
2146 721 2398 776 acceptione

220 793 411 847 qualibet
444 806 721 847 personarum
756 791 954 831 iusticiex
987 790 1153 844 copiam
1187 789 1478 829 ministremus
1502 811 1554 816 —
1580 787 1762 827 scimusy
1795 787 1966 838 etenim,
1997 788 2176 829 veritate
2197 792 2398 840 testante,

221 861 333 915 quod
368 861 488 901 nobis
523 861 755 914 malignum
789 858 961 913 aliquod
994 858 1211 898 adversari
1243 870 1324 897 non
1358 857 1528 911 poterit,
1562 855 1660 895 dum
1695 855 1863 895 iusticie
1896 855 2001 895 solio
2032 855 2299 909 presidemus
2328 873 2395 905 -·,

219 935 286 969 ut²⁴
325 929 377 969 ad
418 928 678 983 expiandum
718 928 985 968 inimieorum
1019 925 1141 965 fidci³
1175 925 1422 979 piaculareb
1455 923 1668 977 flagitium
1708 923 1749 963 in
1792 922 1984 977 partibus
2016 925 2311 965 transmarinis
2343 924 2396 966 de

220 998 432 1038 eonununi
467 998 854 1037 cismontanorum⁰
886 995 1132 1035 Italicorum
1166 992 1343 1033 consilio
1377 992 1484 1032 votis
1515 989 1837 1031 communibusd
1869 990 2127 1032 unanimiter
2148 992 2402 1047 aspiremus,

221 1065 288 1105 Ad
322 1065 433 1119 quod
467 1071 657 1106 nostrum
689 1064 890 1119 precipue
923 1067 964 1103 et
996 1062 1126 1102 totius
1157 1060 1388 1101 christiane
1420 1059 1708 1100 universitatis
1741 1059 1973 1114 presidium
2006 1059 2091 1100 iam
2122 1074 2205 1101 non
2236 1064 2402 1102 tantum

220 1135 402 1176 utilitas.
443 1134 517 1175 sed
551 1134 645 1188 ipsa
676 1133 914 1174 necessitas
946 1131 1156 1172 instanter
1187 1129 1358 1180 invitat,
1401 1142 1496 1169 cum
1528 1132 1777 1181 treugarum
1808 1127 1925 1179 finis,
1970 1141 2073 1182 quas
2113 1142 2189 1170 nos
2221 1129 2264 1170 in
2297 1130 2402 1185 ipsis

220 1203 414 1258 partibus
448 1203 681 1243 existentes
719 1201 916 1242 inivimus
949 1213 1044 1239 cum
1079 1197 1286 1248 Soldano,
1332 1197 1423 1238 fere
1457 1196 1500 1236 in
1537 1196 1676 1236 ianuis
1709 1195 1934 1238 habeatur.
2051 1195 2116 1252 (5)
2149 1197 2315 1244 Qum-ee
2346 1198 2400 1240 de

220 1280 459 1312 nostrorum
493 1271 670 1312 consilio
702 1270 939 1324 principum
964 1267 1077 1322 apud
1100 1264 1395 1307 Placenciamf
1419 1265 1686 1319 solempnem
1708 1265 1869 1305 curiam
1893 1264 2093 1306 duximus
2115 1265 2401 1318 indicendam,

220 1340 273 1380 ad
305 1354 430 1394 quam
463 1339 516 1380 ab
549 1339 665 1379 Urbe
706 1338 811 1378 citra
851 1336 1040 1377 omnium
1074 1335 1327 1376 civitatumg
1358 1333 1503 1373 Ytalie
1534 1333 1709 1373 nuncios
1742 1332 1984 1373 invitamus.
2046 1332 2245 1374 Ibidemh
2275 1348 2403 1389 quam

222 1409 363 1463 plures
411 1407 654 1448 nobiscumi
696 1406 911 1461 principes
952 1408 1123 1445 nostros
1164 1402 1418 1444 habebimus
1461 1403 1504 1442 in
1537 1401 1777 1442 honorabili
1809 1401 2028 1451 comitiva,
2069 1402 2235 1456 legatos
2274 1403 2404 1444 etiam

221 1478 409 1517 omnium
443 1490 591 1530 regum
623 1474 952 1515 occidentalium
988 1473 1187 1527 partium,
1221 1485 1325 1526 quos
1358 1470 1448 1512 fere
1481 1484 1630 1511 omnes
1662 1469 1879 1510 affinitatis
1902 1469 2117 1511 vinculum
2149 1471 2273 1513 nobis
2296 1486 2402 1513 una-

221 1547 356 1586 nimes
390 1546 473 1586 iam
507 1544 669 1589 effecit,
716 1542 874 1584 ibidem
908 1541 1053 1597 procul
1085 1540 1214 1581 dubio
1248 1554 1326 1580 nos
1359 1539 1572 1580 credimus
1611 1538 1850 1589 habituros,
1892 1542 1939 1578 ut
1981 1539 2225 1580 intentionis
2257 1543 2400 1581 nostre

222 1614 392 1655 salubre
426 1614 649 1654 consilium
681 1611 758 1652 ack
791 1611 1078 1666 propositum,
1121 1608 1235 1664 quod
1267 1608 1320 1649 de
1355 1607 1544 1649 subsidio
1578 1611 1691 1648 terre
1723 1606 1807 1647 Dei
1839 1611 1882 1647 et
1913 1607 2216 1649 reformatione
2247 1609 2404 1649 iurium

223 1684 405 1724 ecclesie
440 1692 482 1723 et
514 1682 680 1737 imperii
714 1681 755 1720 in
778 1680 922 1720 Ytalia
953 1683 996 1719 et
1028 1682 1142 1719 statu
1175 1677 1352 1732 pacifico
1375 1676 1561 1730 regionis
1585 1675 1778 1717 eiusdem
1801 1676 1871 1730 pia
1894 1679 2037 1716 mente
2060 1676 2406 1731 coneepimusk‘,

222 1753 262 1791 in
306 1752 569 1805 solempnem
617 1754 658 1791 et
700 1749 914 1804 publicam
952 1746 1133 1802 prodeat
1173 1746 1401 1787 notionem.
1472 1745 1528 1785 Et
1567 1745 1602 1784 si
1645 1748 1766 1785 tanta
1802 1744 2028 1785 rebellium
2069 1744 2199 1786 fuerit
2231 1745 2407 1787 inventa

223 1821 495 1875 protervitas.
529 1819 642 1873 quod
674 1832 750 1858 nee
783 1816 834 1857 ad
867 1816 950 1857 Dei
983 1816 1208 1870 negocium
1241 1828 1318 1855 nee
1350 1813 1404 1855 ad
1437 1813 1568 1854 decus
1602 1813 1768 1868 imperii
1792 1813 1925 1853 velint
1956 1813 2116 1854 habere
2146 1817 2405 1869 respectum,

224 1888 426 1929 celebris¹
460 1887 685 1929 tribunalis
718 1887 759 1926 in
792 1899 864 1926 eos
898 1885 1118 1926 sentencie
1150 1883 1318 1938 gladius
1349 1887 1566 1933 exeratur,
1601 1896 1682 1937 que
1713 1895 1793 1923 nec
1816 1881 2118 1936 appellationis
2140 1896 2219 1923 nec
2243 1882 2404 1937 suppli-

225 1956 450 1998 cacionis1·
492 1955 681 1998 remedio
726 1953 1034 2009 suspendetur,
1077 1953 1154 1994 sed
1194 1953 1235 1992 in
1281 1966 1370 1993 rem
1410 1951 1620 1992 transiens
1652 1951 1884 1991 iudicatam
1916 1950 2115 1991 effectum
2153 1950 2281 1992 dante
2313 1950 2408 1991 Deo

223 2026 414 2066 debitum
461 2040 483 2065 e
523 2025 704 2078 vestigio
753 2027 1090 2078 consequeturm.
1161 2021 1218 2062 Et
1264 2026 1310 2061 ut
1350 2021 1418 2061 inn
1459 2020 1657 2061 omnibus
1701 2020 1901 2074 antiquus
1942 2024 1985 2060 et
2025 2019 2194 2060 debitus
2234 2033 2326 2060 mos
2366 2023 2410 2060 et

223 2095 385 2135 honor⁰
432 2094 599 2148 imperii
644 2096 941 2139 conservetur,
990 2104 1090 2132 ecee
1137 2089 1251 2144 quod
1292 2093 1391 2130 aute
1433 2089 1584 2130 faciem
1622 2092 1811 2129 nostram
1851 2087 1904 2129 de
1944 2088 2210 2143 principibus
2249 2087 2408 2129 nostris

224 2165 409 2218 aliquem
447 2163 763 2217 premittemus,
812 2161 877 2201 cui
921 2160 1156 2215 plenariam
1198 2159 1395 2199 dabimus
1438 2161 1722 2213 potestatem,
1766 2157 2073 2198 universitates
2111 2157 2327 2212 quaslibet
2358 2170 2408 2197 ac

225 2246 431 2287 personas
471 2231 599 2272 etiam
643 2230 882 2284 singulares
924 2233 1048 2269 extra
1088 2228 1284 2269 culminis
1323 2227 1456 2267 nostri
1495 2226 1676 2280 gratiam
1718 2225 1858 2266 banno
1898 2225 2064 2280 imperii
2096 2225 2334 2266 existentes
2362 2225 2407 2265 in

225 2299 534 2355 plenitudinem
567 2303 712 2339 nostre
744 2299 881 2352 gratie
914 2297 1119 2352 recipere,
1152 2301 1280 2352 prout
1311 2296 1463 2336 honori
1492 2299 1636 2335 nostro
1665 2299 1707 2335 et
1738 2294 1936 2349 imperiip
1969 2293 2150 2335 videritq
2183 2293 2408 2349 expedire3

224 2368 558 2423 premittendo‘l’
590 2368 724 2407 eciam
755 2366 937 2421 principi
958 2370 1220 2421 potestatem
1243 2364 1437 2405 conferre
1461 2363 1744 2415 decrevimus,
1776 2362 1818 2403 in
1842 2366 2116 2403 contumaces
2138 2376 2247 2403 nova
2269 2362 2411 2403 banna

224 2438 457 2478 decernere
500 2442 543 2478 et
583 2435 729 2476 debita
767 2449 841 2476 eos
886 2434 1257 2475 animadversione
1299 2433 1474 2488 punire,
1516 2432 1587 2472 illo
1630 2431 1904 2486 presentibus
1943 2431 2202 2487 expressimr
2232 2431 2408 2481 inserto,

226 2505 337 2560 quod
380 2520 456 2546 nos
497 2504 780 2559 promittimus
819 2503 1129 2543 inviolabiliter
1167 2502 1395 2543 observare
1437 2504 1480 2542 et
1518 2500 1736 2541 observari
1774 2499 1827 2541 ab
1870 2499 2106 2540 universis*3
2146 2504 2189 2540 et
2230 2499 2409 2553 singulis

224 2574 390 2629 imperii
430 2573 628 2615 fidelibus
662 2574 726 2614 ett
757 2571 1022 2627 principibus
1054 2571 1261 2611 faciemus
1300 2569 1500 2625 quicquid
1533 2568 1585 2610 de
1626 2569 1937 2609 restauratione
1969 2568 2107 2622 gratie
2139 2572 2283 2609 nostre
2313 2581 2410 2608 cum

226 2642 488 2697 quibuslibet
519 2641 870 2682 universitatibus
905 2654 981 2681 seu
1011 2640 1204 2694 personis
1237 2652 1313 2694 per
1333 2639 1472 2693 ipsum
1495 2638 1687 2679 extiterit
1710 2636 1963 2688 ordinatum,
1996 2650 2075 2677 nec
2097 2636 2236 2676 minus
2259 2635 2411 2677 honori

226 2718 268 2751 et
313 2711 521 2751 voluntati
576 2715 720 2750 nostre
770 2708 1061 2750 satisfactumu
1116 2707 1395 2757 habebimus,
1450 2706 1733 2760 quicumqueV
1785 2704 1899 2745 dicto
1951 2705 2144 2759 principe
2192 2703 2410 2745 mediante

226 2780 405 2833 gratiam
449 2784 638 2819 nostram
688 2777 835 2818 debita
874 2776 1100 2817 devotione
1132 2775 1375 2830 deposcitW‚
1417 2788 1543 2828 quam
1577 2774 1612 2814 si
1645 2789 1669 2814 a
1705 2773 1824 2814 nobis
1858 2773 1995 2827 ipsam
2028 2773 2299 2828 presentibus
2332 2771 2410 2813 ob-

227 2848 393 2887 tineret.
505 2846 569 2900 (⁸6)
603 2846 668 2886 Tu
699 2846 829 2899 igitur
858 2845 977 2886 velut
1009 2844 1145 2885 fidelis
1170 2848 1212 2884 et
1243 2843 1429 2898 prudens
1461 2846 1502 2883 te
1526 2843 1666 2896 ipsum
1689 2842 1742 2882 ad
1765 2842 1925 2883 curiam
1948 2841 2213 2896 predictamX
2234 2840 2409 2881 honori-

226 2916 303 2955 fice
327 2929 546 2969 prepares,
580 2915 881 2970 potestatibus,
908 2913 1151 2954 consulibus
1174 2917 1302 2967 atque
1327 2911 1651 2953 communibusy
1674 2911 1917 2951 civitatumZ
1941 2908 2210 2960 Cumaruma,
2242 2907 2408 2950 Medio-

363 3040 448 3074 200.
482 3047 509 3081 r)
536 3042 581 3073 sic
600 3040 636 3077 5;
663 3040 812 3072 sedanda
840 3038 938 3071 1—4.
1079 3044 1106 3080 Ξ)
1133 3039 1175 3070 ad
1201 3039 1326 3070 dictum
1352 3038 1525 3080 negotium
1550 3037 1631 3069 add.
1650 3036 1680 3070 5.
1798 3035 1823 3078 t)
1857 3035 2031 3067 exhibebit
2054 3034 2093 3075 43
2127 3035 2336 3067 incessanter
2358 3033 2414 3066 vel

226 3100 345 3139 iuuerit
371 3099 529 3130 exhibere
555 3098 634 3129 aelel.
653 3096 684 3129 3.
795 3100 829 3137 ¹¹)
856 3097 991 3128 introire
1010 3095 1040 3127 1.
1058 3094 1090 3127 2.
1184 3101 1215 3136 V)
1241 3095 1547 3127 considerationum
1573 3099 1762 3126 nostrarum
1788 3094 1878 3125 ottoe
1903 3091 1940 3130 53
1966 3103 1994 3124 c.
2020 3103 2053 3123 ιι.
2078 3092 2240 3124 intuitum
2264 3090 2302 3131 33
2327 3101 2356 3123 e.
2381 3102 2413 3122 n.

226 3156 378 3186 assiduus
404 3157 569 3197 cogitatus
595 3154 626 3186 4.
766 3156 818 3193 v⁴')
846 3154 926 3186 eccl.
953 3158 985 3185 et
1010 3153 1077 3185 cles.
1097 3152 1128 3184 4.
1268 3151 1308 3193 w)
1335 3158 1367 3185 et
1392 3157 1430 3184 ut
1454 3150 1486 3184 4.
1512 3150 1549 3190 5;
1575 3157 1613 3183 ut
1637 3157 1670 3183 et
1693 3149 1725 3183 3.
1850 3148 1883 3191 x)
1908 3150 2078 3181 iusticiam
2102 3149 2134 3189 5,
2159 3149 2290 3191 copiam
2313 3148 2412 3180 deest.

225 3218 257 3253 y)
284 3214 407 3243 scimus
434 3230 474 3233 —
501 3212 706 3253 presidemus
733 3211 799 3243 des.
815 3210 843 3242 2.
939 3216 968 3250 z)
995 3216 1028 3242 et
1052 3216 1090 3242 ut
1114 3210 1144 3242 5.
1240 3210 1271 3250 a)
1299 3209 1387 3242 deest
1411 3208 1442 3241 5.
1536 3206 1568 3249 b)
1595 3208 1764 3250 peculiare
1788 3205 1810 3239 4
1819 3219 1827 3246 ;
1853 3207 1908 3248 pia
1931 3207 2100 3238 celeritate
2124 3204 2156 3237 5.
2250 3206 2280 3245 c)
2305 3209 2412 3238 trans-

227 3269 431 3299 marinorum
458 3276 489 3299 et
515 3268 550 3306 4;
577 3275 609 3300 et
634 3268 714 3299 add.
733 3266 763 3299 5.
881 3265 914 3309 (ἲ)
942 3267 1079 3309 paribus
1105 3266 1135 3299 5.
1254 3271 1284 3306 e)
1320 3266 1465 3307 Ideoque
1490 3264 1521 3296 5.
1637 3262 1669 3305 f)
1702 3265 1859 3296 Parmam
1883 3261 1913 3294 4.
2021 3264 2054 3304 8)
2089 3262 2347 3294 universitatum
2371 3259 2410 3300 5;

227 3326 333 3356 omnis
361 3326 456 3357 Italic
482 3324 512 3356 4.
608 3323 639 3364 ¹¹)
668 3325 784 3366 Ibique
809 3323 909 3355 3—51.
1004 3322 1025 3363 i)
1052 3324 1183 3355 nobiles
1202 3322 1231 3355 1.
1252 3321 1283 3354 2.
1377 3321 1411 3363 k)
1438 3322 1617 3354 eonsilium
1642 3332 1682 3353 ac
1706 3321 1774 3353 dee.
1793 3319 1895 3353 3-5.
1987 3318 2044 3360 1⁰)
2070 3320 2286 3361 concepimus
2309 3329 2413 3360 usque

227 3382 266 3413 ad
291 3382 392 3413 decus
418 3382 483 3412 «les.
504 3381 535 3413 4.
629 3379 651 3419 ¹)
678 3382 795 3413 celeris
820 3380 857 3418 2;
883 3387 954 3412 tum
980 3381 1121 3412 celebris
1148 3379 1187 3417 5;
1213 3386 1278 3411 tam
1305 3380 1422 3412 celeris
1439 3378 1471 3411 3.
1566 3376 1610 3419 ¹⁴⁶)
1639 3388 1699 3409 nec
1724 3389 1797 3419 sup.
1823 3377 1891 3409 des.
1909 3375 1940 3408 4.
2017 3376 2059 3417 1η)
2085 3380 2312 3417 consequatur
2334 3375 2363 3408 1.
2381 3373 2414 3406 2.

227 3444 259 3478 Π)
288 3438 350 3469 hiis
376 3438 455 3469 add.
476 3438 507 3469 ’3.
601 3442 632 3476 0)
658 3449 729 3469 mos
755 3438 926 3479 honorque
953 3436 982 3468 1.
1076 3442 1105 3474 Ρ)
1132 3437 1271 3478 imperio
1298 3435 1327 3467 1.
1353 3434 1384 3467 2.
1480 3435 1512 3475 (1)
1539 3435 1742 3466 iudicabitur
1767 3433 1798 3466 5.
1894 3439 1911 3461 (1
1923 3432 1950 3473 '')
1978 3433 2198 3475 premittendo
2225 3449 2267 3453 —-
2293 3432 2415 3474 punire

228 3495 339 3526 (16.4.
434 3494 460 3534 Υ)
488 3505 682 3535 expressum
709 3494 738 3526 3.
765 3493 803 3531 4;
829 3500 862 3526 et
886 3494 1071 3536 expressim
1097 3492 1133 3532 5;
1159 3493 1249 3524 deest
1277 3492 1304 3524 l.
1329 3492 1361 3524 2.
1456 3496 1482 3530 Β)
1509 3492 1667 3523 omnibus
1694 3490 1723 3522 1.
1750 3490 1782 3523 2.
1876 3489 1901 3531 t)
1927 3490 1960 3521 in
1986 3490 2067 3521 acm.
2086 3488 2124 3527 4;
2151 3490 2206 3521 fid.
2233 3495 2265 3521 et
2289 3489 2357 3521 des.
2376 3487 2414 3528 5;

227 3559 259 3583 et
293 3552 499 3593 principibus
529 3551 595 3582 (les.
614 3550 645 3583 3.
785 3556 818 3591 υ)
851 3552 976 3582 factum
1004 3549 1020 3581 1
1040 3548 1124 3581 —4.
1274 3555 1310 3589 VJ
1338 3549 1575 3589 quodcumque
1599 3547 1632 3580 2.
1781 3550 1821 3589 W)
1856 3547 2044 3589 poposcerit
2068 3547 2099 3579 5.
2237 3546 2271 3587 x)
2296 3555 2412 3587 supra-

227 3609 348 3639 dictam
375 3606 473 3639 3—5.
567 3613 598 3646 y)
626 3607 821 3638 civitatibus
846 3606 876 3638 .3.
994 3613 1022 3646 ⁷·)
1050 3607 1227 3638 civitatum
1253 3606 1342 3638 deest
1367 3604 1465 3637 3-5.
1562 3609 1591 3644 a)
1617 3605 1662 3636 sic
1686 3604 1722 3644 53
1756 3604 1916 3635 Cumanis
1943 3602 1979 3642 1;
2005 3604 2135 3636 Camari
2161 3602 2196 3640 33
2223 3603 2355 3635 Cuman
2379 3600 2410 3633 4.

2435 873 2468 897 10

2438 1213 2470 1237 15

2438 1558 2472 1583 20

2442 1899 2474 1925 25

2444 2237 2477 2262 30

2446 2577 2478 2602 35

2446 3267 2478 3291 45

2448 3547 2480 3573 50
