2558 3970
236 184 319 222 420
678 180 890 215 HEINRICI
917 180 1057 216 REGIS
1083 180 1507 217 CONSTITUTIONES.
1558 183 1655 217 1231.
1704 183 1767 218 Nr.
1784 183 1860 218 304.
1887 183 1965 219 305.

235 300 452 350 posterum
493 294 763 337 obtinendist.
823 295 989 337 Eodem
1031 309 1199 351 quoque
1242 298 1331 338 iure
1370 297 1558 352 gaudere
1592 298 1787 338 volumus
1821 299 2044 352 vassallos,
2089 300 2408 353 ministeriales,

234 364 426 404 homines
462 369 503 404 et
536 364 730 404 civitates
763 364 884 404 nobis
919 368 960 405 et
992 365 1170 419 imperio
1203 367 1447 408 attinentes.

375 432 527 472 Testes
542 438 560 455 ¹¹
612 438 709 472 sunt
757 432 831 472 hii:
882 431 1107 474 siffridusv
1147 432 1424 488 Maguntinus
1467 435 1648 487 electus,
1689 435 1767 476 Th.
1800 435 2100 489 Treuerensis,
2141 437 2192 478 A.
2225 436 2405 491 Magde—

233 499 506 553 burgensisw.
555 500 612 541 H.
654 500 917 542 Coloniensis
962 501 1292 557 archiepiscopi;
1340 502 1396 543 H.
1429 502 1825 557 wirceburgensis,
1878 504 1933 546 H.
1966 504 2328 557 Wormaciensis,
2362 539 2404 548 ..

232 569 584 623 ArgentinensiS.
632 604 681 611 ..
722 570 960 625 SpirensiS,
1006 602 1015 610 .
1051 604 1058 612 .
1091 571 1422 626 Augustensis¹,
1467 604 1476 612 .
1512 604 1519 612 .
1554 571 1772 614 Curiensis
1818 573 2028 628 episcopi;
2082 572 2227 615 Sancti
2279 573 2406 627 Galli,
2460 589 2474 614 5

233 637 616 693 wizenburgensis
649 644 717 679 ety
749 638 1026 680 Brumensisz
1059 639 1262 683 abbates:
1303 640 1514 693 Meranie,
1555 639 1848 697 Lfituringiea,
1886 641 2148 684 Brabantieb
2180 643 2331 695 duces,
2366 648 2408 686 et

231 706 301 746 alii
334 720 459 761 quam
492 707 648 762 plures.

372 774 511 815 Datac
551 775 661 831 apud
695 775 978 817 WVormatiam
1025 777 1066 817 in
1110 778 1225 818 curia
1268 778 1506 833 sollempni,
1555 793 1665 819 anno
1711 779 1886 821 Domini
1925 778 2176 821 MOOXXX
2226 780 2406 835 primod,

232 842 327 883 Kal.
363 843 477 887 Maii.
512 845 739 886 indictione
773 851 962 899 quartae.

918 1186 1052 1253 305.
1109 1182 1724 1254 SENTENTIA
2443 1211 2476 1235 1⁰

555 1284 694 1354 DE
746 1285 1014 1356 IURE
1067 1285 1579 1358 STATUUM
1633 1286 2091 1358 TERRAE.

1138 1412 1280 1459 1231.
1319 1412 1429 1459 Mai.
1467 1413 1505 1458 1.

370 1540 534 1583 Damus
575 1556 625 1583 ea*
677 1543 712 1598 1)
745 1543 972 1595 exemplari
1000 1543 1313 1598 Wirzbmyensvt
1354 1544 1625 1599 (iutoyrapho,
1667 1545 1777 1596 quod
1817 1545 1901 1585 iam
1939 1547 2074 1586 exstat
2113 1546 2159 1586 in
2199 1545 2407 1587 tabulario

228 1611 344 1663 requi
383 1611 619 1661 Bawar‘iez',
662 1612 986 1654 Kaiser-Seleet
1015 1613 1228 1667 Nachtray
1252 1614 1317 1664 57,
1360 1614 1477 1654 cuius
1516 1614 1700 1666 siqillum
1737 1613 1939 1665 appendet
1972 1613 2060 1665 filis
2097 1614 2264 1664 serieis;
2299 1614 2407 1667 quod

227 1692 363 1720 omnes
384 1679 566 1730 editores,
590 1681 766 1732 exeeptis
787 1681 906 1733 infra
928 1682 1165 1733 laudandis,
1188 1682 1424 1724 adhibuisse
1445 1682 1661 1733 videntum
1692 1682 1736 1738 2)
1758 1682 1932 1724 editione
1946 1682 2151 1733 periodiei
2171 1682 2406 1725 ‘Me'moires
2443 1697 2475 1722 15

226 1750 263 1788 et
293 1748 525 1790 documents
556 1749 708 1791 inediis
732 1763 841 1800 pom·
871 1751 1003 1791 servir
1032 1751 1059 1791 d
1085 1751 1283 1792 l’laistoire
1313 1751 1361 1792 de
1392 1751 1434 1792 Za
1455 1751 1818 1793 Fraowhe-Gomte’
1852 1751 2003 1804 (1844)
2033 1751 2121 1801 III,
2144 1752 2228 1793 522
2256 1765 2322 1794 nr.
2348 1754 2403 1793 30

225 1817 297 1869 (=
322 1816 562 1870 Huillm-d),
600 1832 704 1870 quae
743 1819 934 1870 repetivit
971 1819 1187 1861 editionem
1216 1820 1423 1872 periodici
1454 1819 1739 1862 ‘Solotlmrner
1767 1819 2057 1861 Woelzenblatt’
2089 1821 2211 1871 1823,
2241 1834 2288 1872 p.
2308 1822 2404 1872 497,

227 1898 329 1936 quae
361 1885 417 1927 ad
447 1899 595 1927 manus
623 1889 788 1928 nostras
817 1900 901 1928 non
932 1889 1065 1938 mitit,-
1104 1888 1212 1941 quod
1252 1889 1465 1940 exemplar
1497 1888 1700 1929 territorii
1729 1887 1943 1929 cuiusdam
1973 1887 2240 1941 Buryundiei
2263 1888 2401 1944 fuisse

227 1966 277 1993 ex
307 1967 349 1995 eo
370 1956 521 2006 putari
552 1955 654 2005 lieet,
686 1956 793 2008 quod
822 1957 930 1997 ‘inter
962 1959 1078 1998 testes
1113 1956 1205 1998 Otto
1226 1957 1314 1997 dux
1336 1957 1561 1998 Memmiae
1592 1957 1733 1997 obvius
1762 1958 1832 1997 est.
1864 1982 1917 1985 ——
1950 1956 2400 1999 Huillard-Breholles

227 2021 314 2072 III,
337 2026 431 2063 461.
491 2023 682 2075 Belmner,
722 2024 822 2078 Ray.
855 2026 952 2077 inq).
984 2025 1028 2075 V,
1053 2027 1177 2069 4198.
2047 2025 2118 2079 (P.
2141 2027 2260 2080 283.)
2440 2039 2474 2065 ‘20

370 2150 446 2191 Ha
482 2150 564 2192 Dei
605 2152 743 2205 gratia
772 2151 1062 2193 Romanorum
1101 2165 1180 2193 rex
1220 2156 1263 2194 et
1307 2167 1480 2208 semper
1520 2156 1728 2208 augustus
1766 2152 1977 2193 universis
2010 2153 2177 2208 imperii
2207 2153 2406 2195 fidelibus

227 2219 408 2271 gratiam
447 2233 567 2261 suam
608 2224 650 2260 et
688 2234 812 2261 omne
858 2221 1029 2262 bonum.
1147 2221 1310 2262 Notum
1354 2235 1450 2262 esse
1491 2222 1686 2277 cupimus
1730 2221 1964 2273 universis,
2005 2221 2119 2276 quod
2148 2221 2272 2263 nobis
2304 2225 2408 2278 aput

227 2285 514 2328 Wormaciam
546 2289 706 2329 curiam
739 2289 1004 2345 solempnem
1039 2290 1360 2331 celebrantibus
1392 2291 1435 2331 in
1467 2294 1615 2332 nostra
1646 2290 1871 2345 presencia
1898 2290 2081 2344 petitum
2111 2289 2192 2332 fuit
2212 2290 2404 2332 diffiniri:

228 2356 262 2396 si
295 2356 448 2411 aliquis
473 2357 740 2399 dominorum
771 2363 885 2400 terre
910 2359 1075 2414 aliquas
1099 2359 1436 2401 constituciones
1460 2360 1529 2401 vel
1550 2373 1663 2401 nova
1694 2360 1787 2400 iura
1807 2359 1950 2401 facere
1973 2359 2122 2414 possit,
2155 2359 2404 2401 melioribus

228 2430 270 2465 et
301 2426 532 2467 maioribus
564 2430 675 2468 terre
709 2427 882 2468 minime
915 2427 1148 2482 requisitis.
1211 2427 1351 2483 Super
1384 2442 1467 2484 qua
1497 2443 1542 2470 re
1564 2428 1768 2484 requisito
1791 2442 2005 2470 consensu
2037 2428 2290 2484 principum,
2322 2428 2403 2469 fuit
2439 2443 2471 2469 25

226 2494 366 2534 taliter
398 2493 649 2536 diffinitum:
695 2500 742 2536 ut
783 2509 922 2550 neque
963 2496 1176 2551 principes
1219 2510 1359 2551 neque
1392 2497 1463 2538 alii
1495 2496 1673 2552 quilibet
1704 2497 2038 2538 constituciones
2072 2496 2140 2538 vel
2169 2510 2280 2537 nova
2309 2497 2404 2538 iura

225 2562 367 2605 facere
412 2564 594 2618 possint,
641 2565 720 2605 nisi
765 2565 988 2606 meliorum
1030 2569 1074 2605 et
1116 2565 1325 2606 maiorum
1367 2570 1480 2606 terre
1513 2579 1746 2608 consensus
1787 2565 2008 2622 primitusb
2039 2566 2264 2607 habeatur.
2325 2565 2402 2606 Ine

227 2630 378 2672 huiusd
410 2633 553 2687 itaque
589 2633 801 2674 sententie
833 2633 962 2674 robur
992 2639 1202 2688 perpetuo
1226 2634 1455 2675 valiturum
1483 2638 1732 2690 presentem
1754 2635 1939 2676 litteram
1961 2634 2173 2675 conscribi
2195 2638 2237 2675 et
2259 2634 2398 2689 sigillo

226 2705 370 2741 nostro
403 2700 580 2742 fecimus
614 2702 876 2743 communiri.

368 2768 522 2810 Testes
554 2774 652 2810 sunt
682 2770 759 2811 hii:
794 2770 976 2811 Sifridus
1000 2770 1280 2825 Maguntinus
1305 2772 1483 2823 electus,
1515 2771 1918 2827 Magdeburgensis,
1950 2771 2230 2813 Treuerensis
2260 2771 2399 2812 archi·
2438 2785 2472 2810 30

226 2837 438 2892 episcopi;
471 2837 812 2894 Herbipolensis,
844 2839 1176 2894 Ratisponensis
1201 2841 1317 2881 sive⁰
1348 2840 1581 2896 imperialis
1604 2841 1700 2881 aule
1725 2841 2020 2892 cancellarius,
2045 2839 2397 2892 Wormaciensis,

228 2903 447 2947 Curiensis
482 2907 706 2963 episcopis,
741 2912 784 2948 et
813 2908 885 2948 alii
917 2922 1044 2962 quam
1076 2909 1233 2963 plures.

364 2974 479 3015 Data
509 2980 611 3029 aput
644 2975 957 3028 Wormaciam,
997 2991 1108 3018 anno
1142 2978 1315 3019 Domini
1348 2977 1600 3019 MOGXXX
1630 2978 1786 3033 prime,
1821 2977 1978 3020 Kalen.
2009 2977 2134 3030 Maii,
2166 2977 2398 3020 indictione

225 3047 389 3096 quarta.

360 3144 446 3180 304.
479 3149 503 3188 ἲ)
529 3149 718 3190 optinendis
742 3148 773 3180 2.
868 3154 899 3190 ¹¹)
926 3151 1081 3183 Testes
1108 3169 1146 3171 Α
1175 3152 1253 3183 alii
1279 3162 1398 3192 quam
1425 3151 1571 3193 plures
1596 3151 1663 3183 des.
1681 3150 1710 3183 3.
1810 3151 1842 3194 v)
1868 3151 2012 3183 sifridus
2035 3149 2066 3191 2.
2091 3149 2123 3184 4.
2217 3150 2256 3192 W)
2282 3151 2399 3194 Mage·
2435 3160 2467 3186 35

227 3202 356 3244 burgen
385 3204 412 3235 1.
519 3205 551 3245 Χ)
579 3207 873 3249 Augustensis
899 3208 986 3240 deest
1014 3207 1042 3240 l.
1067 3206 1099 3240 4.
1210 3209 1241 3249 y)
1266 3209 1355 3242 deese
1371 3207 1402 3241 2.
1512 3207 1541 3251 z)
1567 3209 1774 3241 Brumiensis
1792 3207 1821 3240 2.
1932 3207 1963 3251 a)
1989 3208 2207 3251 Lothoringie
2231 3206 2268 3249 2;
2292 3209 2400 3241 Lutu-

226 3260 342 3302 ringie,
367 3262 519 3293 Meranie
544 3261 573 3294 4.
713 3262 745 3303 b)
770 3265 956 3297 Bravaneie
982 3263 1014 3297 2.
1155 3264 1184 3308 c)
1213 3267 1336 3298 Datum
1362 3264 1392 3298 4.
1526 3264 1558 3306 d)
1584 3265 1760 3298 millesimo
1785 3266 2014 3298 ducentesimo
2039 3265 2204 3298 tricesimo
2230 3265 2336 3307 primo
2360 3264 2397 3306 33

225 3317 442 3350 MCCXXXI.
469 3317 499 3350 4.
616 3322 645 3359 θ)
671 3321 747 3353 IIII.
774 3318 805 3353 3.
831 3319 863 3353 4.

358 3383 443 3418 305.
476 3391 505 3427 ³)
531 3388 698 3420 Hem-icus
723 3388 752 3420 2
871 3388 903 3430 b)
929 3390 1079 3431 primiter
1104 3390 1135 3423 2.
1252 3391 1282 3431 c)
1309 3393 1346 3422 In
1371 3391 1461 3424 deest
1487 3391 1515 3424 1.
1634 3390 1665 3432 d)
1695 3392 1792 3423 cuius
1816 3390 1847 3423 2.
1966 3390 1994 3430 e)
2030 3392 2119 3422 sive
2151 3391 2398 3433 imperialis

225 3441 315 3472 aule
340 3443 635 3477 cancellarius
662 3446 728 3477 des.
746 3444 776 3477 2,
897 3445 926 3487 f)
953 3447 1056 3479 Otho
1083 3448 1164 3479 dux
1191 3448 1378 3481 Meranie
1405 3474 1516 3481 .....
1544 3450 1625 3481 add.
1644 3447 1675 3480 2.
1706 3452 1710 3457 “
2434 3459 2467 3484 40
