2558 3970
190 168 270 206 444
592 163 805 198 CONRADl
834 164 890 197 IV.
919 163 1347 198 CONSTITUTIONES.
1399 164 1496 197 1240.
1536 163 1634 198 1241.
1682 163 1966 197 Nr.333-335.

192 280 295 320 sint.
341 278 451 333 quod
497 279 717 319 universas
757 279 1042 332 obligationes
1088 279 1332 334 pignorum,
1376 279 1678 320 eoncessiones
1719 278 1941 319 feudorum
1985 292 2061 319 seu
2093 292 2372 333 quascunque

191 348 474 387 alienationes
508 347 714 387 bonorum
747 347 1017 401 episcopatus
1050 348 1128 391 sui,
1163 348 1295 388 factas
1328 348 1492 402 imperii
1527 352 1568 387 et
1600 348 1662 387 sui
1697 347 1872 401 capituli
1906 360 1988 387 non
2012 346 2246 388 accedente
2271 361 2370 388 con-

191 430 334 456 sensu.
368 416 503 470 possit
535 422 576 456 et
609 416 764 456 debeat
797 416 910 455 licite
943 415 996 456 ad
1029 416 1257 456 utilitatem
1293 416 1475 456 ecclesie
1511 428 1722 456 revocare.
1834 415 2041 456 Preterea
2065 416 2370 456 sententiatum

191 485 356 524 exstitit
390 483 442 524 ad
475 484 719 524 instantiam
753 483 956 538 principis
988 484 1230 523 memorati.
1265 483 1376 537 quod
1412 483 1575 523 ratione
1608 482 1869 536 gladiorum,
1904 483 2138 538 spiritualis
2171 483 2372 525 videlicet

191 558 232 593 et
265 553 509 593 materialis.
544 552 697 606 quibus
731 566 807 592 sua
839 552 1094 606 episcopalis
1125 551 1310 606 dignitas
1345 557 1409 592 est
1438 551 1600 601 fulcita7
1633 565 1710 592 sex
1735 552 1985 606 septimanis
2010 553 2051 592 in
2076 553 2370 593 excommuni-
2425 566 2439 590 5

191 621 369 661 cationis
402 621 469 661 vel
502 621 827 676 proscriptionis
861 621 1031 660 vinculo
1063 620 1347 676 perdurantes
1381 620 1495 661 licite
1528 624 1671 675 potest
1703 621 1824 661 iuxta
1855 625 1967 661 terre
1999 620 2369 671 consuetudinem,

191 700 335 730 actore
369 696 559 744 petente,
593 689 829 744 percellere
863 690 997 730 altero
1030 689 1283 744 gladiorum.
1317 690 1376 730 ita
1409 689 1521 744 quod
1553 689 1916 730 excommunicati
1950 689 2297 744 proscribentur³
2331 694 2374 731 et

190 773 212 799 e
253 772 458 799 converso
498 759 725 813 proscripti
770 758 1225 799 excommunicationis
1274 759 1485 799 sententie
1536 757 1804 799 innodentur.
1873 757 1941 798 Ad
1980 772 2159 812 quarum
2200 763 2372 800 senten—

189 828 348 868 ciarum
398 828 647 868 memoriam
690 827 956 868 retinendam
1004 832 1249 882 presentem
1290 827 1491 882 paginam
1535 827 1663 881 sigilli
1712 827 1848 867 nostri
1893 827 2127 868 munimine
2172 827 2372 868 duximus

190 896 490 937 roborandam.
2411 906 2444 931 ιο

332 965 487 1005 Actum
513 964 625 1019 apud
648 963 957 1017 Nordelingen„
993 977 1103 1004 anno
1128 964 1266 1018 gratie
1289 964 1519 1005 millesimo
1544 963 1841 1004 ducentesimo
1865 963 2194 1018 quadrigesimQ
2226 977 2373 1005 mense

193 1033 305 1074 Maii.
340 1034 645 1074 tereimlecime
679 1032 821 1074 indict.

260 1374 393 1440 334.
448 1369 1069 1441 SENTENTIA
1118 1369 1262 1441 DE
1314 1370 1578 1442 IURE
1629 1369 2309 1442 CONDUOTUS.

1093 1508 1234 1554 1240.
1272 1508 1382 1555 Mai.
1411 1508 1489 1554 22.

331 1650 457 1691 Dedit
489 1652 553 1692 vir
583 1652 631 1692 el.
658 1651 876 1693 Oswaldus
906 1651 1079 1693 Redlich.
1111 1665 1161 1691 em
1192 1650 1447 1703 autoympho
1487 1651 1690 1691 tabularii
1723 1651 2010 1703 praefecturae
2045 1651 2373 1703 Oempontanae,
2413 1675 2444 1698 15

188 1721 305 1760 euius
335 1720 519 1773 siqillum
550 1720 734 1772 deperiit.
770 1746 821 1751 —
853 1720 1304 1762 Huillarcl-Bre‘holles
1334 1719 1376 1770 V,
1398 1721 1522 1762 1192.
1582 1719 1775 1769 Reimea
1805 1719 1902 1772 Ray.
1935 1720 2033 1773 imp.
2064 1719 2108 1769 V,
2130 1721 2257 1760 4419.

1947 1788 2016 1841 (P.
2039 1788 2179 1842 deest.)

336 1891 560 1933 Conradus
584 1892 667 1932 divi
691 1892 861 1947 augusti
884 1892 1158 1947 imperatoris
1181 1891 1391 1933 Friderici
1413 1892 1540 1944 filius,
1572 1891 1657 1933 Dei
1679 1892 1826 1947 gracia
1848 1891 2141 1933 Romanorum
2163 1892 2206 1933 in
2229 1905 2378 1947 regem

188 1960 351 2001 electus
382 1975 551 2016 semper
578 1966 787 2016 augustus
811 1966 853 2002 et
875 1961 1000 2002 heres
1023 1962 1146 2016 regni
1172 1961 1519 2002 Ierusalemitani
1548 1961 1762 2002 universis
1787 1975 1967 2016 presens
1992 1961 2198 2016 scriptum
2220 1961 2376 2002 visuris

188 2029 385 2070 fidelibus
418 2030 587 2085 imperii
620 2031 808 2085 graciam
843 2044 962 2071 suam
996 2034 1039 2072 et
1071 2045 1195 2072 omne
1228 2031 1401 2071 bonum.
1521 2031 1605 2071 Per
1646 2044 1825 2086 presens
1860 2031 2064 2085 scriptum
2095 2035 2242 2072 notum
2275 2044 2371 2072 esse
2412 2044 2446 2070 20

189 2099 383 2154 cupimus
416 2104 503 2140 tam
537 2100 809 2154 presentibus
842 2114 968 2154 quam
1000 2100 1179 2149 futuris,
1213 2099 1323 2154 quod
1356 2100 1409 2140 ad
1443 2100 1698 2141 instanciam
1733 2104 1775 2141 et
1806 2099 2129 2154 requisitionem
2161 2098 2214 2140 E.
2246 2113 2377 2140 vene-

189 2167 333 2207 rabilis
378 2167 648 2209 Brixinensis
691 2169 872 2210 ecclesie
917 2170 1067 2216 electi,
1112 2170 1401 2211 annuentibus
1441 2171 1479 2211 ei
1525 2170 1788 2225 principibus
1831 2174 1873 2210 et
1911 2169 2005 2210 aliis
2050 2169 2265 2210 nobilibus
2308 2168 2379 2224 qui

189 2236 378 2277 aderant.
412 2238 510 2278 talis
544 2238 630 2278 lata
661 2238 741 2278 fuit
774 2239 990 2280 sententia
1022 2252 1166 2280 coram
1199 2238 1342 2279 nobis:
1380 2238 1493 2294 quod
1516 2239 1621 2279 nulli
1644 2239 1808 2279 licitum
1837 2239 1890 2279 sit
1913 2238 2095 2293 prebere
2120 2237 2378 2279 conductum

190 2306 316 2346 alicui
349 2307 591 2347 transeunti
634 2321 711 2361 per
752 2311 909 2348 terram
944 2308 1034 2349 sive
1067 2308 1268 2349 ducatum
1302 2308 1431 2349 electi
1463 2308 1622 2363 ipsius,
1665 2308 1859 2363 exceptis
1892 2308 2151 2363 imperatore
2184 2311 2228 2349 et
2259 2320 2376 2362 rege,

190 2374 342 2428 quibus
382 2374 422 2415 id
463 2377 667 2430 competit
707 2390 762 2417 ex
801 2376 969 2432 imperii
1011 2377 1242 2431 dignitate,
1286 2377 1366 2417 nisi
1406 2376 1458 2418 de
1497 2377 1680 2432 predicti
1714 2377 1840 2418 electi
1871 2377 2046 2417 licentia.
2078 2377 2145 2417 vel
2178 2389 2373 2418 assensu.
2411 2388 2442 2413 25

195 2442 313 2484 Unde
347 2457 399 2484 ne
430 2443 480 2484 de
512 2446 723 2498 premissa
745 2446 961 2486 sententia
982 2445 1158 2486 inantea
1181 2444 1415 2497 dubitetur,
1449 2446 1586 2500 ipsam
1609 2446 1735 2500 sigilli
1758 2446 1889 2486 nostri
1914 2445 2149 2486 munimine
2173 2445 2376 2486 duximus

190 2512 488 2554 roborandam.

334 2581 493 2622 Datum
525 2582 638 2638 apud
671 2583 981 2638 Nordelingen.
1014 2583 1158 2624 XXII.
1193 2584 1310 2632 Maii‚
1345 2585 1478 2625 tercie
1511 2583 1676 2625 decime
1709 2584 1967 2625 indictionis.

279 2990 412 3057 335.
454 2990 588 3057 336.
644 2988 1166 3059 MANDATA
1221 2989 1660 3060 CONTRA
1714 2987 2283 3079 TARTAROS.

1121 3126 1289 3182 (1241.
1325 3127 1455 3184 Mai.)
2410 3155 2442 3179 πο

339 3267 556 3308 Goon-aelus
586 3281 662 3308 rex
692 3268 737 3308 ‘in
769 3269 887 3309 curia
917 3269 1181 3322 Esslinyensz‘
1214 3270 1258 3310 in
1287 3273 1517 3322 pentecoste
1546 3271 1676 3324 (Mai.
1701 3272 1774 3324 19)
1810 3270 2013 3311 celebrata
2043 3282 2199 3310 erucem
2229 3271 2373 3310 contra

195 3334 395 3374 Tartara<
425 3336 597 3387 sumpsit
618 3337 820 3388 simulque
845 3350 948 3389 paee
972 3339 1239 3391 promutqata
1270 3339 1443 3380 edietum
1472 3340 1519 3380 de
1547 3339 1800 3381 observanda
1825 3352 1928 3390 paee
1951 3338 2089 3387 edidit,
2120 3340 2166 3377 ut
2186 3337 2374 3378 doeemur

191 3403 359 3453 epistola
402 3404 576 3454 (piscem
612 3404 943 3446 C'onstcmtiensis
980 3406 1058 3453 (ecl.
1092 3408 1136 3447 in
1164 3407 1372 3459 periodica
1404 3407 1809 3460 ‘Geselzz'ehtsfrezmd
1845 3408 1918 3448 der
1948 3406 2065 3461 fimf
2093 3405 2199 3446 Orte’
2232 3406 2266 3455 I,
2289 3406 2373 3445 353

193 3492 241 3504 z
274 3470 730 3514 IIzcillarcl-Breleollrrs-
762 3473 805 3524 V,
830 3476 951 3516 1209.
1014 3475 1205 3525 Bo‘hmer,
1240 3476 1338 3528 Ray.
1371 3478 1468 3529 imp,
1502 3477 1545 3527 V,
1572 3478 1780 3525 113401).·
1821 3476 1981 3516 Statuit
2022 3475 2133 3516 enim
2175 3473 2371 3514 dominus

328 3573 414 3607 333.
448 3580 479 3617 ²³)
504 3576 551 3608 εἰσ
576 3588 624 3609 or.
2407 3583 2439 3607 35

329 3666 361 3697 1»
399 3665 451 3706 Cf.
482 3664 606 3699 Iv’iclcer
633 3666 920 3711 &Wittheilunyen
956 3668 1013 3701 des
1046 3669 1223 3703 Itrstiluts’
1255 3670 1326 3713 III,
1348 3676 1417 3705 103.
