2558 3970
222 180 302 219 376
706 176 945 210 FRIDERICI
972 176 1016 210 11.
1043 175 1471 210 CONSTITUTIONES.
1522 177 1619 211 1247.
1668 177 1729 211 Nr.
1749 177 1827 212 268.
1852 178 1929 212 269.

215 290 481 345 ferbytanum
504 291 612 343 Any.
638 291 681 330 e'n
703 293 729 330 4
743 291 760 314 ⁰
784 290 919 331 XIII.
938 294 966 330 3
988 290 1068 344 fol.
1086 292 1152 339 35,
1175 303 1292 342 quem
1313 292 1487 332 contulit
1510 292 1659 334 Waitz.
1685 316 1737 322 —
1760 291 2211 333 Huillard-Brc‘hotlcs
2237 291 2307 342 VI,
2326 292 2408 333 528

220 364 259 405 (c
290 358 492 399 codicibus
516 362 539 398 1
571 361 606 398 cl
639 358 925 410 Phillipsiano
947 359 1090 408 8390).
1152 358 1345 408 Bo‘hmer,
1378 359 1477 412 ch.
1513 360 1608 410 imp.
1640 359 1684 409 V,
1707 361 1830 401 36:27.
2029 358 2100 412 (P.
2123 359 2265 412 deest.)

364 472 634 513 Fridericus⁸
667 477 746 513 etc.
781 472 835 512 H.
876 473 1020 513 comiti
1061 471 1206 513 Sancti
1238 472 1362 513 Pauli
1401 473 1557 514 dilecto
1597 473 1707 514 sibib
1740 474 1948 515 salutemc
1991 478 2034 515 et
2072 487 2197 515 omne
2234 473 2406 516 bonum.

366 540 576 586 Quoniam
619 539 672 581 ad
711 540 974 581 offerendam
1020 540 1317 595 purgationem
1358 541 1629 596 personalem
1663 555 1793 596 super
1824 541 1953 582 notad
1986 541 2183 592 infamie,
2225 555 2309 596 qua
2339 542 2408 582 in⁹

222 609 555 662 congregatione
601 608 864 664 prelatorum
911 608 1022 664 apud
1055 609 1314 664 Lugdunum
1363 609 1539 650 contraf
1567 609 1708 650 Deum
1755 615 1797 650 et
1841 617 2041 651 omnemg
2081 610 2289 651 iustitiam
2325 611 2408 652 iste
2461 627 2476 652 5

222 690 411 716 summus
445 677 641 732 pontifex
674 691 749 718 nos
782 677 988 720 notavith.
1029 679 1150 732 regni
1184 679 1316 718 nostri
1349 692 1397 718 ac
1432 678 1563 718 totius
1596 677 1739 718 Ytalie
1772 679 1958 732 negotiis
1990 679 2113 720 iuxta
2145 677 2408 720 desiderium

222 743 449 786 ordinatis.
490 745 788 786 infallibiliteri
830 745 1089 800 Lugdunum
1132 746 1397 801 disponimus
1441 761 1518 787 nos
1554 746 1788 788 transferre
1822 750 1864 788 et
1896 747 2084 788 abindek
2117 747 2405 803 postmodum,

222 827 315 853 cum
349 814 681 868 consanguineis
723 814 900 855 nostris¹
934 820 1011 855 et¹¹¹
1044 814 1244 855 fidelibus
1287 816 1442 855 nostris
1483 816 1685 856 illarum¹²
1714 816 1901 871 partium
1935 816 2162 870 sollempni
2195 816 2408 870 colloquio

222 881 452 926 celebrato,
489 883 529 922 in
563 882 839 923 Germaniam
872 883 1059 938 dirigere
1094 897 1270 938 gressus
1305 889 1488 933 nostros,
1523 884 1798 925 dilectionem
1822 889 1938 925 tuam
1963 888 2125 925 attente
2149 884 2407 939 requirimus

221 958 262 989 et
295 949 528 992 hortamur.
573 956 810 1005 quatenus⁰
842 952 950 991 sicut
991 951 1198 992 honorem
1231 952 1397 1007 imperii
1431 957 1473 993 et
1517 958 1708 993 nost-rum
1742 952 1908 1008 diligis,
1949 952 2002 993 ad
2035 952 2148 993 diem
2182 957 2224 993 et
2255 953 2408 1004 locum,
2447 968 2480 992 ιο

221 1031 346 1072 quem
387 1018 463 1058 tibi
511 1019 668 1059 latores
716 1020 980 1073 presentium
1022 1019 1170 1060 fideles
1214 1021 1347 1061 nostri
1390 1035 1445 1061 ex
1487 1025 1608 1076 parte
1649 1022 1782 1062 nostri
1817 1022 2015 1062 culminis
2048 1021 2250 1062 duxerint
2280 1021 2409 1076 prefi-

221 1085 428 1140 gendum.
472 1100 668 1127 occurras
701 1087 823 1127 nobis
857 1102 983 1141 quam
1019 1087 1241 1129 decentius
1274 1095 1316 1129 et
1348 1089 1645 1146 honorabilius
1677 1089 1839 1144 poteris
1872 1094 1915 1130 et
1949 1104 2043 1130 cum
2076 1090 2205 1130 armis
2239 1094 2282 1130 et
2314 1104 2411 1131 cum

221 1154 422 1195 decentip
455 1162 712 1196 armatorum
745 1164 821 1196 acq
857 1157 1038 1197 militum
1070 1158 1286 1200 comitiva.
1332 1157 1546 1199 credendo
1586 1159 1872 1199 infallibiliter
1905 1159 2014 1199 sicut
2052 1157 2174 1199 nobis
2208 1158 2410 1213 quicquid

222 1237 350 1277 super
394 1225 613 1277 premissis
655 1229 696 1264 et
739 1225 831 1264 aliis
875 1225 1068 1265 serviciis
1110 1226 1265 1266 nostris
1299 1241 1353 1267 ex
1394 1231 1514 1280 parte
1547 1226 1842 1267 celsitudinisr
1874 1231 2020 1268 nostre
2054 1227 2235 1281 predicti
2266 1227 2410 1268 nuncii

222 1290 319 1330 tibiS
353 1292 578 1332 retulerint
610 1293 705 1332 viva
737 1306 864 1343 voce,
907 1298 953 1332 ut
985 1294 1247 1334 instantibus
1281 1295 1464 1348 negotiis
1497 1294 1735 1335 dilectionis
1780 1300 1851 1336 tue
1883 1295 2108 1335 sinceritas
2141 1295 2413 1350 imprimatur
2448 1308 2479 1333 15

221 1366 430 1414 perpetuo
464 1361 700 1402 visceribus
734 1361 872 1402 cordis
907 1363 1054 1402 nostri.

364 1428 543 1469 Datumt
578 1434 658 1471 etc.

982 1726 1112 1793 269.
1164 1721 1653 1793 EDICTUM

249 1834 683 1906 CONTRA
735 1836 1261 1909 OLERIOOS
1317 1837 1551 1908 NON
1603 1837 2392 1910 CELEBRANTES.

1169 1974 1338 2031 (1247.
1376 1975 1472 2031 ex.)
2452 2002 2485 2028 20

363 2115 572 2167 Edictum,
620 2117 727 2169 quod
768 2120 813 2159 in
860 2120 1000 2160 rubris
1040 2120 1221 2161 codicum
1263 2120 1508 2161 iustitiariis
1552 2121 1670 2173 rcyni
1713 2120 1883 2161 Siciliae
1920 2119 2182 2170 inscribitur,
2214 2120 2417 2172 primitus

221 2185 336 2236 requi
366 2185 510 2226 Italici
541 2187 862 2239 mayistratibus,
895 2189 1095 2228 nimirimz
1126 2189 1297 2229 vicariis
1325 2188 1602 2241 generalibus,
1635 2189 1805 2229 missum
1837 2201 1932 2239 csse,
1963 2201 2055 2229 cum
2081 2189 2170 2230 viro
2191 2188 2239 2231 cl.
2262 2188 2415 2230 Fickcr

214 2265 462 2304 persuaswn
493 2254 699 2297 habemus.
763 2256 939 2308 Tempus
969 2270 1047 2309 quo
1077 2257 1336 2298 emanaverit
1365 2256 1535 2298 dubium
1557 2260 1639 2307 est;
1669 2257 1791 2298 verba
1812 2257 1900 2299 eius
1919 2257 2158 2309 alleqantur
2179 2257 2226 2298 in
2244 2256 2416 2309 epistola

221 2322 457 2363 Innocentii
487 2323 565 2364 IV.
603 2338 641 2365 α.
668 2327 791 2367 1248.
825 2326 929 2379 Apr.
960 2327 1014 2365 18
1051 2325 1150 2366 data
1196 2325 1460 2379 (Rodcnbcry
1491 2325 1558 2375 ΙΙ,
1593 2326 1828 2379 nr.541)1.
1900 2325 2137 2367 Editioncm
2169 2325 2418 2377 paravimus

223 2404 292 2441 ope
332 2394 366 2445 lsi
400 2391 548 2433 codicis
576 2393 630 2434 W
632 2393 921 2445 illiorinqcnsis
945 2407 1052 2448 pars
1073 2395 1134 2444 H,
1166 2408 1226 2446 cp.
1251 2395 1316 2444 58,
1358 2394 1430 2446 qui
1466 2395 1685 2446 aliquoties
1723 2394 1914 2435 abhorret
1943 2408 1970 2434 a
2001 2393 2173 2446 reliquis
2203 2393 2417 2443 codicibus,
2453 2406 2484 2431 25

222 2461 338 2500 cuius
380 2462 513 2500 tamon
555 2462 742 2503 lcctioncs·
785 2464 1009 2504 maximam
1044 2466 1209 2514 partem
1251 2464 1551 2515 confirmantur
1589 2463 1760 2514 epistota
1801 2462 1916 2503 inodo
1956 2461 2151 2513 laudata5
2195 2462 2240 2515 2)
2273 2461 2419 2503 codicis

224 2528 600 2580 Montispessulam
620 2532 725 2580 351;
758 2530 801 2586 3)
825 2532 973 2573 codicis
995 2531 1292 2572 Panormitam
1304 2532 1518 2583 principis
1539 2532 1585 2572 F
1584 2532 1727 2573 italiae
1748 2544 1849 2573 saec.
1867 2530 1991 2572 XIV.
2014 2544 2074 2584 cp.
2095 2533 2172 2580 14;
2203 2529 2248 2586 4)
2271 2529 2419 2571 codicis

224 2595 420 2637 Parisini
458 2598 528 2639 lat.
559 2600 698 2639 13059
745 2600 808 2651 (S.
844 2600 1049 2642 Germa-in
1077 2600 1246 2653 Hui-lay
1267 2600 1372 2652 455)
1409 2612 1514 2651 pars
1535 2600 1571 2648 I,
1604 2612 1668 2640 nr.
1692 2602 1718 2639 4
1751 2598 1830 2653 fol.
1855 2595 1915 2648 2‘,
1961 2613 2080 2652 quein
2113 2601 2281 2651 practer
2311 2598 2419 2639 alios

225 2663 446 2706 Parisinos
483 2666 673 2708 adhibuit
712 2669 835 2709 ctiam
866 2668 1140 2718 Huillardus,
1181 2669 1253 2720 qui
1294 2671 1430 2709 tumen
1471 2680 1545 2708 suo
1582 2681 1690 2709 inore
1726 2668 1931 2709 multoties
1970 2668 2160 2708 lectiones
2190 2666 2417 2708 editionum

225 2731 341 2773 Petri
357 2733 404 2773 dc
427 2734 569 2775 Vincis
591 2736 617 2776 I.
635 2735 669 2785 I,
693 2750 724 2777 c.
741 2739 767 2776 4
790 2738 949 2788 recepit.
995 2737 1167 2789 Lcyitur
1183 2737 1306 2777 etiam
1326 2737 1369 2776 in
1388 2736 1591 2776 codicibus
1616 2735 1998 2776 Vindobonensibus
2016 2736 2097 2775 590
2120 2735 2292 2788 (Philol.
2311 2735 2414 2787 305)
2450 2746 2482 2771 3ο

220 2802 299 2853 fol.
323 2798 424 2842 1:21'
457 2816 517 2856 cp.
544 2806 624 2844 159
656 2808 692 2845 ct
716 2806 875 2846 variato
898 2806 1048 2846 initio2
1080 2806 1123 2845 in
1146 2805 1230 2847 cod.
1253 2806 1336 2845 409
1365 2805 1542 2857 (Philol.
1568 2807 1641 2854 61)
1667 2804 1747 2858 fol.
1769 2801 1856 2847 73¹.
1892 2828 1940 2833 —
1974 2803 2420 2847 Huiltard-Breliollcs

236 2869 306 2917 1⁷1,
333 2871 426 2911 581.
486 2871 679 2923 Bo'limcr,
712 2873 811 2927 Rcy.
847 2875 941 2925 imp.
976 2874 1019 2923 V,
1044 2875 1168 2915 3657.
2041 2871 2112 2924 (P.
2135 2872 2276 2925 deest.)

364 2996 448 3031 268.
483 3000 514 3039 ³)
541 3001 680 3031 rubrica
704 3001 740 3032 in
764 3000 805 3033 2:
832 3002 954 3034 Comiti
979 3002 1148 3044 Delphino
1175 3007 1213 3033 ut
1237 3002 1301 3033 sibi
1327 3006 1484 3034 occurrat
1508 3001 1543 3033 iu
1568 3001 1785 3033 Germaniam
1811 3001 1943 3033 decenti
1969 3000 2115 3033 militum
2132 3004 2244 3033 turma
2261 3000 2416 3042 stipatus,

228 3067 261 3087 se
288 3057 422 3088 interim
448 3058 655 3099 Lugdunum
681 3059 882 3091 contendere
908 3063 1134 3102 purgaturum
1160 3060 1194 3091 in
1220 3059 1362 3091 concilio
1388 3059 1541 3091 inustum
1566 3058 1630 3090 sibi
1656 3069 1776 3090 nomen
1803 3058 1956 3095 infamie3
1982 3057 2018 3089 in
2034 3055 2072 3089 3:
2099 3057 2222 3089 Comiti
2246 3056 2416 3099 Delphino

228 3114 314 3153 qnod
347 3114 462 3145 veniat
495 3115 528 3146 in
562 3126 738 3147 occursum
770 3117 821 3148 sui
855 3117 945 3158 apud
970 3116 1194 3158 Lugdunum;
1226 3116 1378 3148 similiter
1404 3115 1438 3147 in
1463 3115 1534 3148 cod.
1560 3115 1718 3157 Phillips.
1751 3120 1781 3147 ct
1805 3114 2056 3156 Bloiztispessul.
2078 3116 2146 3147 139.
2263 3112 2296 3156 b)
2322 3125 2364 3146 sw
2386 3111 2414 3145 1.
2451 3120 2482 3146 35

229 3175 256 3206 Ο)
285 3170 373 3202 ‘12288
397 3170 427 3202 3
569 3170 601 3212 ‘li
629 3184 750 3205 nomen
776 3172 806 3205 2.
949 3172 978 3213 e)
1004 3178 1040 3205 tu
1067 3172 1104 3207 3:
1140 3185 1205 3214 pro
1231 3184 1299 3215 qua
1324 3173 1357 3204 in
1386 3173 1422 3204 1:
1449 3184 1563 3215 quam.
1705 3170 1735 3213 f)
1762 3172 1846 3204 citra
1870 3171 1907 3210 2;
1941 3172 2030 3204 circa
2055 3169 2086 3204 3.
2213 3170 2246 3211 8)
2273 3170 2364 3203 deest
2386 3168 2417 3202 2.

229 3225 260 3264 h)
287 3229 420 3259 vocavit
447 3226 477 3259 2.
504 3227 534 3261 3.
654 3228 675 3269 ij,
704 3230 914 3261 infallibilem
943 3228 971 3261 1.
1090 3227 1123 3271 k)
1149 3230 1287 3262 aliunde
1313 3228 1344 3261 ⁶2.
1370 3228 1400 3260 3.
1530 3227 1555 3269 l)
1581 3229 1670 3261 deest
1694 3227 1727 3261 2.
1753 3227 1782 3261 3.
1902 3228 1943 3266 ΠΙ)
1970 3232 2002 3260 et
2028 3228 2117 3260 deest
2143 3227 2178 3267 1;
2204 3232 2237 3260 et
2261 3227 2417 3260 fidelibus

230 3283 295 3315 cles.
315 3284 344 3315 3.
455 3290 486 3324 ¹1)
514 3286 656 3318 aliarum
684 3286 713 3318 3.
823 3286 855 3329 0)
881 3288 970 3329 quod
997 3287 1027 3318 2.
1139 3288 1169 3325 P)
1196 3291 1229 3318 et
1254 3286 1335 3318 add.
1355 3286 1387 3318 3.
1497 3286 1528 3326 (1)
1555 3292 1587 3318 et
1613 3285 1645 3317 2.
1671 3285 1702 3318 3.
1812 3284 1840 3325 r)
1866 3286 2051 3317 maiestatis
2076 3284 2107 3317 3.
2217 3282 2246 3326 Β)
2272 3284 2361 3316 deest
2384 3282 2416 3316 3.

230 3342 254 3373 t,
281 3342 403 3372 Datum
432 3349 493 3374 etc.
520 3343 587 3375 des.
606 3342 638 3375 3.

370 3443 401 3481 1)
429 3442 699 3485 Antosyraphmn
726 3443 890 3486 Gregorio
914 3443 956 3477 (Ie
979 3444 1206 3487 Mmztelonqo
1222 3444 1434 3487 inscriptum
1454 3443 1495 3476 in
1513 3442 1693 3476 tabulario
1718 3441 1886 3475 Vaticano
1907 3445 2121 3475 asservatum
2141 3441 2288 3475 contulit
2310 3439 2417 3475 Kelvr.
2450 3444 2483 3470 ⁴⁰

234 3498 433 3540 Epistolwn
458 3499 566 3532 aliam
593 3499 629 3531 in
655 3500 741 3533 libro
765 3499 997 3534 dictmninum
1022 3500 1424 3543 Baumqartenberyensi
1448 3503 1663 3542 contentam,
1697 3510 1804 3543 quam
1830 3498 1878 3532 ad
1900 3497 2052 3532 edictum
2076 3502 2238 3532 nostrum
2260 3497 2418 3538 ‘referwnt

235 3554 272 3587 F
273 3554 362 3588 iclcer
386 3559 417 3588 ct
442 3555 611 3588 Bam-ald
637 3555 728 3589 ‘Das
754 3557 904 3599 Buumy.
926 3556 1165 3591 Formelbuch’
1184 3568 1221 3600 p.
1243 3562 1309 3591 198
1334 3568 1467 3591 merum
1490 3556 1667 3590 dictamen
1691 3556 1775 3589 mihi
1799 3566 1868 3590 csse
1891 3555 2034 3589 videtur.
2128 3555 2165 3598 2)
2191 3555 2228 3589 V.
2246 3551 2418 3589 Bao-wald

232 3613 292 3645 ᾖε.
314 3623 350 3655 p.
367 3616 430 3646 436
456 3622 508 3645 nr.
528 3616 584 3645 22:
617 3613 664 3646 De
691 3614 920 3657 precogitatc
945 3614 1194 3657 malignitatis
1226 3615 1369 3649 astucia
1394 3614 1464 3648 iste
1491 3614 1657 3648 Romane
1682 3613 1776 3648 sedis
1802 3613 1957 3647 antistes
1982 3612 2069 3646 dum
2094 3612 2208 3646 factas
2233 3609 2339 3645 nobis
2363 3608 2418 3643 in·

233 3669 343 3703 sidias
370 3688 411 3693 —
439 3669 583 3713 integre
609 3669 839 3705 reducantur.
