2558 3970
230 174 310 212 354
714 167 953 202 FRIDERIci
978 168 1024 202 11.
1051 166 1481 202 coNSTrrUTIONES.
1533 167 1630 203 1245.
1678 153 1940 204 111-055256.

230 286 364 325 latere
399 290 541 324 nostro
578 284 783 324 mittimus
817 283 868 323 ad
902 297 976 324 vos
1011 317 1019 324 .
1045 315 1053 322 .
1078 282 1133 323 ..¹
1168 297 1244 338 per
1275 289 1439 338 quemm
1471 283 1678 337 quicquid
1710 283 1961 324 inveneritis
1994 283 2045 324 de
2079 282 2204 324 modo
2239 297 2412 338 compo-

230 353 396 394 sitionis
438 352 479 392 in
523 356 666 393 mente
710 352 948 407 apostolica.
986 356 1028 392 et
1060 351 1371 393 venerabilium
1411 351 1617 393 fra-trumn
1649 355 1908 403 vestrorum,
1942 351 2236 406 expectationi
2267 355 2412 393 nostre

230 421 384 462 vestris
417 421 572 461 litteris
606 421 843 461 remittatis

383 601 484 643 255.
528 601 831 643 EPISTOLA
870 601 1321 643 PATRJAROHAE
1347 601 1743 644 ANTIOCHENI
1767 601 1855 643 AD
1895 601 2266 644 RAINERIUM

913 670 1342 714 cx-fflDINALEM.
1403 673 1548 723 (1245.
1580 670 1735 724 Mart.)

370 756 608 807 Erscripsit
648 756 772 797 Perta
813 772 831 798 0
875 756 1005 797 codice
1036 756 1235 797 Vaticano
1278 757 1527 798 1111610953
1567 769 1672 799 saec.
1700 756 1840 798 XIII.
1873 756 1974 797 med.
2014 769 2072 808 ep.
2092 758 2159 806 31,
2200 755 2329 797 edidit
2367 770 2418 797 cx

233 826 320 865 cius
350 825 531 878 exemplo
561 825 857 867 ll'inlcelneaun
891 826 1011 867 ‘Acta
1042 826 1206 878 imperii
1237 827 1405 867 'inedita’
1439 827 1474 875 Ι,
1506 839 1571 867 nr.
1595 828 1689 867 718.
2038 825 2107 879 (Ρ.
2132 825 2274 874 deest.)

372 961 650 1003 Venerabili⁸
690 963 731 1002 in
774 961 943 1003 Christo
987 963 1096 1017 patri
1141 966 1183 1004 ct
1222 963 1357 1004 amico
1401 963 1627 1004 karissimo
1664 962 1923 1019 R(aynerio)
1966 963 2048 1004 Dei
2085 962 2225 1017 gratia
2259 962 2416 1004 Sancte

227 1030 363 1071 Mario
397 1031 437 1071 in
473 1030 703 1071 cosmedin
737 1030 913 1071 diacono
947 1031 1155 1072 cardinali
1177 1031 1425 1086 Al(bertus)
1459 1032 1736 1073 miseratione
1770 1031 1913 1072 divina
1945 1035 2091 1072 sancte
2114 1035 2156 1072 et
2179 1031 2415 1086 apostolice

229 1099 344 1140 sedis
378 1099 651 1141 Antiochene
684 1100 942 1155 patriarcha.

371 1167 630 1222 Recepimus
676 1172 840 1207 vostras
888 1167 1054 1209 litteras
1110 1172 1152 1208 et
1202 1171 1395 1209 tenorem
1442 1168 1735 1209 intelleximus
1785 1168 2047 1210 earumdem.
2107 1167 2270 1208 Verum
2319 1168 2417 1222 quia

226 1236 422 1290 princeps
456 1237 537 1276 iam
571 1240 857 1290 precesserat,
898 1250 981 1277 11011
1013 1236 1091 1277 sibi
1131 1237 1247 1291 loqui
1280 1242 1381 1278 tunc
1414 1237 1633 1292 potuimus
1666 1251 1795 1292 super
1826 1237 1906 1277 hiis
1939 1250 2021 1291 que
2055 1237 2098 1277 in
2129 1236 2232 1291 ipsis
2263 1235 2417 1277 litteris

227 1305 511 1345 habebantur.
564 1305 717 1345 Locuti
740 1305 898 1345 fuimus
923 1319 1018 1345 011111
1042 1305 1298 1359 quibusdam
1322 1305 1375 1347 de
1400 1306 1487 1346 suis
1517 1306 1631 1346 illico
1656 1320 1786 1361 super
1807 1305 1907 1352 hiis;
1936 1319 2018 1359 que
2041 1305 2099 1346 310
2123 1319 2220 1346 0330
2243 1305 2417 1359 penitus

226 1387 310 1413 non
345 1372 603 1414 concedunt:
648 1377 690 1414 et
723 1374 756 1413 si
789 1388 872 1428 qua
905 1379 1024 1424 sunt,
1068 1378 1214 1429 preter
1247 1375 1556 1416 conscientiam
1597 1375 1801 1429 principis
1834 1375 1902 1428 agi
1934 1374 2101 1425 dicunt,
2142 1374 2253 1414 sicut
2283 1374 2418 1414 multa

227 1456 328 1496 sepe
360 1441 466 1482 fiunt
498 1456 574 1496 per
607 1443 740 1496 ipsius
771 1443 940 1483 baiulos
975 1446 1017 1483 et
1048 1443 1250 1495 vicarios,
1293 1443 1345 1484 de
1380 1443 1533 1498 quibus
1568 1443 1685 1484 dolet
1717 1443 1848 1494 adeo,
1882 1457 1976 1483 cum
2010 1441 2064 1483 ad
2095 1441 2292 1483 notitiam
2324 1442 2416 1483 eius

226 1511 417 1554 veniunt,
452 1511 564 1564 quod
596 1511 849 1565 plerumque
882 1511 1039 1552 multos
1074 1525 1128 1552 ex
1160 1512 1264 1566 ipsis
1296 1512 1422 1567 punit
1454 1513 1642 1566 graviter
1674 1526 1757 1553 non
1791 1513 1929 1553 solum
1961 1512 2003 1552 in
2036 1511 2165 1553 rebus
2199 1515 2266 1552 set
2288 1511 2418 1552 etiam

225 1581 265 1620 in
301 1580 512 1634 personis.
576 1578 850 1634 Loquemurb
878 1584 1023 1621 autem
1055 1581 1136 1635 ipsi
1169 1581 1305 1622 cesari
1338 1581 1534 1622 diffusius
1567 1595 1697 1636 super
1736 1581 1840 1633 hiis,
1885 1594 1980 1621 cum
2013 1579 2066 1621 ad
2098 1581 2239 1635 ipsum
2272 1593 2417 1621 acces-

229 1649 412 1689 serimus
443 1648 755 1702 Interampnis,
800 1653 841 1689 et
875 1649 992 1689 vobis
1026 1653 1127 1690 tunc
1159 1650 1396 1705 poterimus
1428 1650 1596 1704 plenius
1630 1650 1827 1691 intimare
1860 1649 1971 1704 quod
2003 1649 2056 1690 de
2088 1649 2225 1704 ipsius
2259 1662 2417 1703 cogno-

228 1717 414 1759 verimus
447 1718 683 1768 voluntate,
717 1731 857 1772 quam,
892 1722 1095 1772 quantum
1128 1718 1317 1759 humana
1349 1719 1559 1773 fragilitas
1592 1733 1770 1760 noscere
1803 1722 1961 1773 potest,
1995 1717 2048 1758 ad
2071 1731 2223 1772 pacem
2252 1720 2417 1758 010011-

227 1785 414 1826 cordiam
448 1785 663 1826 credimus
698 1800 794 1827 esse
827 1791 1086 1841 promptam,
1130 1787 1332 1842 quicquid
1363 1787 1531 1828 accidat
1563 1791 1604 1828 et·
1637 1788 1689 1828 ab
1724 1787 1817 1828 aliis
1851 1787 2059 1842 opinetur.
2122 1785 2242 1833 Quec
2273 1789 2418 1827 tamen

225 1855 268 1894 in
303 1855 552 1895 reversione
585 1855 780 1908 magistri
814 1855 1153 1895 Alamannorum
1185 1855 1458 1896 manifestius
1492 1869 1755 1910 cognoscere
1789 1870 1864 1896 nos
1898 1869 2142 1910 speramus,
2175 1868 2303 1910 quem
2334 1869 2419 1896 non

226 1922 279 1963 ad
304 1923 436 1978 ipsius
460 1923 711 1978 petitionem
736 1924 801 1964 vel
825 1924 1087 1975 instantiam,
1121 1928 1166 1964 ut
1189 1928 1358 1980 tempus
1380 1925 1631 1979 preterfluat
1655 1929 1697 1965 et
1720 1925 1890 1965 interim
1913 1924 2043 1964 nichil
2065 1924 2152 1975 fiat,
2184 1923 2417 1965 secundum

225 1992 337 2046 quod
384 1993 425 2032 in
465 1992 618 2033 vest-ris
662 1992 815 2032 litteris
861 1992 1124 2044 habebatur,
1170 1992 1222 2033 ad
1267 1993 1429 2033 curiam
1472 1993 1735 2034 destinatum
1777 2007 1875 2034 esse
1923 1993 2091 2043 sciatis,
2136 1996 2202 2033 set
2243 1996 2419 2047 propter

229 2061 542 2102 dubitationem
577 2061 845 2102 solummodo
880 2075 1006 2116 quam
1041 2076 1170 2117 super
1202 2062 1385 2116 quodam
1418 2063 1532 2103 facto
1567 2063 1910 2104 Lombardorum
1935 2065 2229 2116 emergentem
2252 2062 2419 2103 noviter

226 2130 511 2171 habebamus.
573 2130 640 2170 De
674 2144 756 2184 quo
796 2135 940 2171 tamen
979 2145 1059 2172 nec
1091 2145 1114 2171 a
1148 2145 1313 2172 summo
1351 2132 1553 2186 pontifice
1587 2146 1666 2173 nec
1706 2131 1895 2186 aliquid‘l
1927 2146 1951 2172 a
1990 2131 2184 2186 principe
2217 2130 2340 2171 nobis
2372 2130 2416 2172 in

226 2198 440 2253 prioribus
474 2198 726 2239 tractatibus
748 2203 910 2239 tactum
936 2203 1039 2251 erat,
1073 2214 1153 2241 nec
1175 2201 1316 2255 ipsum
1340 2215 1551 2241 summum
1583 2201 1831 2256 pontificem
1852 2214 1932 2241 nec
1955 2199 2220 2241 Lombardos
2243 2203 2418 2255 propter

226 2267 305 2308 hoc
339 2281 585 2322 processum
619 2268 733 2322 pacis
766 2268 876 2308 velle
910 2268 1122 2309 credimus
1154 2269 1364 2323 impediri.
1428 2270 1611 2325 Propter
1643 2270 1755 2325 quod
1788 2283 1865 2310 nec
1897 2269 2020 2310 illudi
2051 2269 2174 2310 nobis
2205 2268 2418 2310 credimus

227 2349 304 2376 nec
337 2335 478 2390 decipi
510 2335 803 2388 formidamus,
838 2341 902 2377 set
931 2337 984 2378 ad
1014 2337 1173 2378 bonum
1197 2338 1326 2379 finem
1351 2353 1573 2393 speramus
1597 2344 1721 2394 cepta
1745 2338 2007 2380 concedente
2031 2338 2215 2379 Domino
2236 2338 2419 2379 firmiter

226 2418 465 2459 pervemre.

224 2562 326 2605 ⁸256.
374 2564 678 2606 EPISTOLA
716 2565 1147 2608 IMPERATORIS
1185 2567 1274 2608 AD
1313 2567 1711 2610 PONTIFIGEM
1746 2567 1837 2608 DE
1869 2567 2051 2610 PACIS
2092 2565 2420 2610 TRAGTATU

938 2635 1105 2677 RENO
1117 2636 1333 2677 VANDO.
1396 2636 1538 2689 (1245.
1568 2637 1696 2690 Apr.)

369 2718 649 2759 Adhibuimus
676 2722 714 2774 1)
739 2720 911 2762 codicem
934 2720 1181 2762 Parisimim
1202 2723 1341 2762 13059
1363 2722 1424 2774 (S.
1452 2722 1657 2765 &armam
1674 2722 1844 2775 Harlay
1860 2723 1964 2771 455)
1985 2734 2089 2764 saec.
2110 2720 2366 2763 ΧΙΙΙ--ΧΙ
2372 2720 2417 2770 V,

222 2800 325 2837 pars·
347 2785 375 2827 I
398 2784 581 2839 fol.16‘'‚
614 2801 692 2839 quo
723 2789 846 2829 etiam
874 2802 914 2830 sc
943 2789 1022 2829 niti
1044 2791 1288 2841 praetendit
1316 2790 1596 2841 Hm'llardus;
1628 2791 1669 2846 2)
1703 2792 1875 2833 codicem
1905 2791 2152 2833 Vaticanum
2174 2790 2315 2832 Palat.
2334 2790 2418 2830 953

227 2869 329 2897 sace.
353 2855 491 2896 XIII.
525 2856 625 2897 mccl.
649 2870 709 2908 ep.
732 2857 798 2907 15,
831 2872 849 2898 c
871 2871 949 2910 quo
970 2858 1098 2899 edidit
1127 2858 1428 2901 Winkclmcmn
1450 2860 1569 2901 ‘Acta
1598 2861 1765 2912 ‘imperii
1787 2860 1955 2901 inediia'
1988 2860 2050 2909 II,
2073 2872 2139 2902 nr.
2156 2861 2233 2910 41,·
2267 2857 2310 2913 3)
2333 2857 2417 2899 edi-

228 2923 374 2964 tionem
405 2922 618 2964 Illam-tenci
648 2925 694 2965 in
721 2925 962 2967 Colleciione
983 2927 1244 2978 amplissima
1274 2928 1340 2978 H,
1365 2930 1476 2968 1136
1506 2941 1570 2969 ην.
1592 2931 1622 2969 2
1651 2943 1670 2969 0
1692 2929 1821 2970 codice
1849 2929 2016 2981 reyinae
2039 2928 2210 2970 Sueciae
2234 2926 2417 2981 factam;

228 2991 271 3045 4)
313 2991 483 3032 codicem
530 2992 904 3048 Guelferbytanum
942 2995 1050 3048 Any.
1080 2995 1134 3035 40
1176 2996 1313 3038 XIII.
1346 3000 1373 3037 3
1421 3010 1482 3048 ep.
1510 2998 1578 3037 21.
1626 3022 1681 3027 —
1727 2996 2192 3039 Huillard-Brelzolles
2221 2994 2297 3046 VI,
2318 2996 2416 3036 266.

228 3059 420 3111 Bo'hmer,
451 3059 549 3113 Ray.
580 3061 675 3112 imp.
706 3062 746 3111 V,
769 3064 893 3105 3467.
2061 3064 2130 3118 (P.
2154 3064 2273 3112 353.)

371 3174 640 3215 ”Fridericus
675 3176 778 3216 etc.b
898 3177 1047 3218 Illuxit
1079 3179 1222 3229 nobis,
1265 3181 1614 3222 reverentissime
1647 3184 1794 3235 pater,
1836 3181 1954 3221 velut
1995 3193 2049 3221 ex
2087 3178 2269 3235 quadam
2303 3179 2414 3220 nube

229 3243 453 3293 serenitas,
489 3251 531 3285 et
564 3244 791 3286 obductam
825 3259 879 3286 ex
903 3248 1069 3288 noviter
1091 3248 1441 3302 contingentibus
1473 3249 1778 3303 processibusc
1810 3248 2055 3290 desiderate
2077 3248 2196 3304 pacis
2220 3247 2413 3302 eclipsim

366 3366 450 3401 254.
484 3368 508 3409 Ι)
535 3370 660 3402 lacuna
687 3372 775 3404 decet
800 3371 829 3404 2.
855 3372 886 3405 3.
1005 3374 1046 3415 m)
1073 3385 1156 3415 quos
1182 3373 1212 3405 2.
1329 3374 1362 3416 ¹²)
1389 3375 1478 3407 dccet
1502 3374 1533 3407 3.

366 3435 452 3470 255.
485 3443 513 3477 ³)
538 3439 676 3471 rubrica
700 3442 751 3473 De
776 3446 920 3474 tractatu
948 3443 1050 3484 pacis.
1167 3440 1199 3484 b)
1225 3443 1396 3484 loquimur
1421 3443 1492 3476 cod.
1603 3442 1631 3485 0)
1656 3443 1723 3483 Qui
1747 3443 1818 3475 cod.
1927 3441 1960 3484 ἃ)
1986 3443 2045 3475 an
2070 3442 2142 3475 cod.

367 3503 452 3538 258.
485 3510 514 3542 a,
542 3508 679 3539 rubriea
704 3509 741 3539 in
765 3508 800 3541 ⁶2:
833 3511 926 3542 Istud
952 3516 1001 3542 est
1026 3511 1267 3553 transcriptum
1292 3511 1479 3543 litterarum
1505 3522 1588 3553 quas
1614 3512 1796 3554 imperator
1821 3511 1922 3543 mittit
1947 3512 1989 3544 ad
2015 3511 2187 3544 dominum
2211 3521 2333 3554 papam
2357 3520 2417 3553 per

231 3563 429 3604 magistfflffi
456 3563 734 3597 Alamannorum.
877 3566 906 3600 ¹²)
935 3568 1124 3600 Fridericus
1151 3574 1211 3600 etc.
1238 3579 1324 3611 pape
1349 3568 1379 3601 3.
1405 3567 1441 3607 43
1481 3569 1656 3610 inscriptio
1682 3568 1781 3600 *tuella
1805 3569 1840 3600 in
1867 3568 1896 3600 1.
2030 3571 2060 3610 0)
2085 3567 2256 3611 processui
2283 3567 2318 3607 13
2343 3577 2416 3610 pro—

230 3620 326 3661 posui
351 3618 378 3651 2.

2455 1115 2488 1139 10

2455 1457 2486 1482 15

2455 1801 2488 1826 20

2454 2142 2485 2168 2⁵

2454 2588 2487 2613 30

2452 2950 2484 2975 35

2450 3382 2483 3408 40
