2558 3970
643 164 884 198 FRIDERICI
914 165 956 199 11.
984 164 1414 199 CONSTITL'TIONES.
1469 166 1564 199 1:245.
1616 167 1770 200 >ln-271.
1798 168 1876 201 272.
2279 172 2358 210 379

889 386 1013 491 271.
1070 420 1629 494 FAoULTAs

220 533 867 605 TRACTANDI
924 534 1064 605 DE
1123 534 1400 605 PAoE
1454 536 1689 608 (ΨΜ
1750 538 2299 611 nos‘tlinsm.

1051 660 1242 717 (10248.)
1283 660 1404 707 Nov.
1435 667 1478 707 ὅ.

306 804 435 848 Dedit
463 805 762 848 Winkelmann
805 805 925 846 ‘Acta
966 805 1132 857 imperii
1170 805 1339 846 ‘inedita'
1373 805 1408 855 1,
1431 808 1516 846 352
1558 820 1624 848 nr.
1648 809 1730 847 405
1774 822 1824 847 ιω
1867 808 2122 860 (ιίιίομναρῑιο
2162 808 2365 849 tabularii

110 890 124 912 5
161 874 266 928 reyii
300 874 590 924 Tauriuensa‘s,
622 874 850 928 exemplato
880 888 906 915 α
938 874 1028 914 viro
1059 874 1106 915 el.
1142 873 1295 927 Vayra.
1330 899 1383 903 —
1415 873 1610 925 ΒόΙιιηεν,
1647 875 1740 927 Res).
1777 876 1871 926 imp.
1909 875 1951 925 V,
1975 880 2099 917 37:29.

1984 945 2054 997 (P.
2080 945 2221 995 deest.)

303 1047 374 1089 Fr.
408 1047 489 1088 Dei
520 1047 667 1103 gracia
688 1047 980 1088 Romanorum
1013 1047 1248 1102 imperator
1281 1060 1452 1102 semper
1486 1055 1709 1101 augustus,
1747 1048 1984 1089 Ierusalem
2018 1055 2060 1089 et
2095 1048 2242 1089 Sicilie
2277 1063 2364 1089 rex.

161 1115 331 1158 'I'enore
363 1116 629 1171 presentium
661 1120 807 1157 notum
840 1115 930 1156 fieri
965 1116 1162 1156 volumus
1195 1116 1409 1156 universis
1443 1115 1640 1157 fidelibus
1676 1117 1849 1167 nostris,
1883 1117 1995 1172 quod
2031 1132 2107 1158 nos
2142 1117 2289 1158 confisi
2314 1116 2365 1157 de

162 1184 371 1227 fidelitate
416 1189 458 1226 et
494 1185 704 1226 industria
737 1186 788 1226 A.
822 1185 990 1227 comitis
1026 1183 1244 1226 Sabaudie
1278 1189 1322 1226 et
1361 1185 1404 1225 in
1438 1184 1566 1226 Italia
1605 1185 1867 1227 marchionis
1902 1192 1944 1227 ct
1976 1186 2025 1229 T.
2059 1186 2111 1227 de
2145 1185 2365 1227 Sabaudia

96 1273 127 1296 ιο
164 1254 356 1305 comitis,
399 1253 656 1296 dilectorum
689 1254 1109 1309 consanguineorum
1150 1258 1415 1305 nostrorum,
1462 1254 1756 1296 commisimus
1796 1255 1878 1304 eis,
1919 1260 1965 1296 ut
1997 1255 2122 1296 ambo
2157 1256 2224 1296 vel
2259 1255 2368 1296 alter

101 1346 104 1349 -
163 1336 312 1364 eorum
345 1321 398 1364 de
430 1322 705 1364 reformanda
736 1337 842 1378 pace
877 1323 989 1364 inter
1022 1322 1054 1363 Ι.
1089 1336 1303 1363 summum
1336 1322 1585 1378 pontificem
1620 1338 1696 1379 pro
1720 1328 1844 1378 parte
1868 1330 2145 1365 sacrosancte
2170 1324 2367 1364 Romane

162 1391 361 1443 ecclesie,
394 1393 546 1433 matris
579 1398 740 1443 nostre,
774 1397 817 1433 et
847 1406 925 1433 nos
957 1405 1034 1446 pro
1069 1397 1190 1447 parte
1224 1397 1372 1433 nostra
1405 1397 1448 1433 et
1481 1392 1651 1447 imperii
1685 1397 1873 1434 tractare
1907 1392 2118 1443 debeant,
2154 1397 2281 1448 prout
2315 1391 2367 1433 ad

161 1460 368 1502 honorem
415 1460 609 1517 predicte
653 1465 800 1502 sancte
834 1460 1027 1502 Romane
1071 1461 1278 1511 ecclesie,
1324 1465 1519 1502 nostrum
1565 1468 1607 1502 et
1649 1461 1816 1516 imperii
1859 1460 2043 1502 viderint
2084 1461 2289 1516 expedire
2324 1465 2367 1501 et

163 1529 399 1572 secundum
431 1529 612 1571 formam
651 1544 676 1571 a
707 1534 856 1571 nostra
889 1529 1145 1572 celsitudine
1179 1530 1284 1585 ipsis
1317 1529 1477 1571 datam.

96 1617 127 1640 15
308 1597 468 1639 Datum
503 1598 728 1651 Vercellis,
760 1597 886 1641 VIII.
918 1598 1191 1650 Novembris,
1226 1600 1406 1654 septime
1441 1599 1699 1641 indictionis.

226 2007 355 2076 272.
403 2003 1144 2077 CONSTITUTIO
1190 2004 1606 2076 VICARH
1658 2005 2304 2078 GENERALls

331 2119 450 2190 IN
506 2118 1158 2192 LOMBARDIA
1199 2124 1266 2191 A
1308 2120 1627 2191 PAPIA
1686 2120 2211 2193 SUPERIUS.

1123 2246 1263 2292 10248.
1296 2246 1419 2293 Nov.

308 2391 507 2434 Sistimus
537 2405 587 2432 αι’
624 2390 664 2447 1)
698 2391 875 2432 editione
907 2391 1102 2443 principe
1133 2391 1216 2432 viri
1253 2392 1301 2433 el.
1333 2391 1635 2433 Wz‘nlcelmann
1668 2393 1789 2433 ‘Aeta
1831 2392 1996 2443 imperii
2029 2391 2197 2433 inedita'
2230 2391 2266 2441 I,
2289 2392 2371 2432 355

99 2480 131 2506 20
166 2473 233 2501 nr.
255 2462 352 2509 411,
383 2460 456 2513 qui
486 2460 714 2502 substravit
744 2462 1045 2501 transsztmtum
1077 2474 1115 2500 α.
1141 2462 1252 2500 1310
1285 2460 1490 2502 tabularii
1523 2460 1806 2501 Tam-mensis
1836 2461 2044 2513 siynatum
2077 2459 2195 2512 De'pl.
2230 2461 2326 2512 imp.
2350 2459 2381 2499 I

164 2541 229 2570 nr.
252 2530 321 2570 20.
387 2528 542 2569 Textus
572 2529 746 2570 mutatis
775 2528 990 2570 mutandis
1018 2529 1151 2580 plane
1182 2530 1371 2570 convenit
1401 2543 1491 2570 eum
1523 2532 1635 2570 textu
1675 2529 1972 2570 mandatorum
2004 2543 2069 2570 mn
2093 2531 2177 2569 270
2208 2531 2245 2570 et
2274 2530 2371 2569 273.

164 2596 279 2638 Huic
304 2595 470 2652 formae
496 2598 674 2651 propius
704 2598 859 2639 aceedit
883 2597 1087 2652 formula,
1120 2611 1204 2650 qua
1238 2599 1461 2650 imperator
1493 2598 1624 2638 simili
1654 2598 1770 2639 modo
1801 2598 2008 2650 quendam
2031 2599 2234 2640 vicarium
2253 2610 2373 2649 yene-

164 2665 295 2707 ralem
336 2666 383 2706 in
421 2665 678 2708 Lombardia
717 2680 744 2707 a
788 2666 926 2721 Papia
967 2667 1160 2718 superius
1202 2667 1432 2717 ordinavit,
1477 2681 1599 2719 quam
1643 2667 1891 2718 exemplavit
1932 2668 2014 2707 iam
2057 2667 2154 2708 olim
2192 2665 2316 2707 Perta
2354 2679 2373 2706 e

167 2735 209 2789 2)
243 2734 374 2776 codiee
405 2734 606 2777 Vaticano
638 2734 774 2777 Pazat.
799 2736 881 2776 955
913 2748 1017 2777 saec.
1045 2734 1171 2776 XIV.
1196 2736 1253 2776 vin.
1294 2736 1367 2787 fol.
1392 2738 1475 2776 133
1491 2737 1514 2777 ¹.
1584 2735 1744 2777 Goniatai
1782 2736 1911 2788 iyitw·
1953 2735 2105 2784 licebit,
2145 2735 2252 2775 lame
2291 2746 2374 2774 esse

99 2824 130 2849 25
161 2802 346 2858 formam
384 2803 593 2854 mandati,
635 2817 713 2857 quo
744 2805 929 2845 vicarius
969 2804 1127 2856 aliquis
1156 2804 1367 2857 yeneralis
1398 2805 1442 2844 in
1487 2804 1567 2845 illa
1598 2805 1761 2857 reyione
1792 2806 1888 2845 ante
1918 2818 1958 2844 α.
1985 2804 2096 2844 1248
2127 2802 2373 2844 constitutus

165 2871 263 2912 sit2.
298 2897 350 2902 —-
381 2872 576 2923 Biihmer,
608 2872 709 2926 Rey.
743 2873 840 2926 imp.
875 2873 918 2924 V,
940 2875 1065 2914 3732.
1374 2887 1378 2890 ·
1995 2871 2064 2925 (P.
2088 2871 2230 2924 deest.)

310 2998 561 3040 Fridericus
585 2998 666 3040 Dei
697 2999 843 3054 gracia
864 2999 1159 3041 Romanorum
1182 3000 1419 3056 imperator
1442 3013 1616 3055 semper
1637 3004 1861 3054 augustus,
1895 2997 2134 3039 Ierusalem
2159 3000 2202 3037 et
2226 2995 2372 3037 Sicilie

165 3080 246 3109 rex
276 3066 326 3109 T.
358 3066 410 3108 de
445 3066 665 3109 Sabaudia
697 3068 855 3118 comiti,
888 3067 1045 3109 dilecto
1078 3069 1398 3123 consanguineo
1435 3073 1478 3110 et
1507 3068 1625 3109 fideli
1660 3081 1749 3119 suo,
1781 3067 1971 3122 graciam
2007 3078 2127 3106 suam
2151 3069 2194 3105 et
2216 3064 2372 3105 bonam

169 3135 451 3177 voluntatem.

101 3223 133 3248 30
312 3210 370 3245 Ad
406 3211 621 3246 extollenda
660 3212 845 3247 iustorum
884 3213 1063 3258 preconia
1100 3215 1137 3247 et
1175 3213 1430 3258 reprimendas
1471 3212 1692 3247 insolentias
1734 3213 2048 3255 transgressorum
2091 3208 2322 3253 prospiciens
2355 3221 2373 3243 e

169 3279 248 3314 celo
287 3279 438 3315 iusticia
481 3281 601 3316 erexit
637 3281 676 3316 in
717 3281 866 3327 populis
910 3281 1149 3326 regnantium
1192 3281 1288 3316 solia
1319 3283 1358 3316 et
1388 3281 1620 3316 diversorum
1659 3279 1871 3324 principum
1902 3279 2122 3323 potestates.
2185 3277 2373 3312 Caruisset

168 3359 330 3393 namque
360 3349 523 3385 libenter
552 3351 720 3385 humana
748 3350 916 3385 condicio
947 3350 1035 3395 iugo
1059 3350 1215 3385 dominii
1245 3361 1314 3385 nec
1335 3350 1551 3385 libertatem
1573 3361 1595 3384 a
1618 3360 1666 3391 se,
1701 3360 1813 3393 quam
1842 3347 1959 3392 ipsisa
1990 3348 2125 3381 natura
2149 3345 2375 3388 contulerat,

167 3416 338 3452 homines
370 3418 617 3462 abdicassent,
649 3419 722 3454 nisi
753 3419 853 3464 quod
884 3418 1071 3464 impunita
1101 3418 1258 3453 licencia
1290 3418 1472 3453 scelerum
1504 3418 1542 3452 in
1575 3417 1788 3452 evidentem
1821 3415 2026 3461 perniciem
2048 3414 2202 3449 humani
2223 3414 2371 3459 generis

169 3486 420 3530 redundabat,
463 3491 501 3523 et
540 3488 593 3523 sic
633 3500 677 3524 ex
716 3488 942 3524 necessitate
982 3488 1144 3532 quadam
1183 3487 1352 3532 oportuit
1392 3490 1567 3522 naturam
1599 3487 1749 3521 subesse
1781 3484 1948 3527 iusticie,
1993 3486 2030 3518 et
2062 3483 2199 3518 servire
2235 3483 2372 3518 iudicio

104 3598 136 3625 35
309 3581 395 3618 272.
427 3585 459 3627 a)
486 3586 534 3619 eis
560 3585 591 3619 2.

310 3675 344 3719 1)
373 3673 427 3717 Of.
455 3675 612 3710 ‘Archiv'
637 3675 674 3720 V,
696 3681 773 3711 422.
892 3678 927 3720 2)
953 3676 1007 3711 De
1031 3676 1086 3710 his
1111 3675 1251 3710 maceriis
1276 3686 1304 3709 r.
1328 3674 1466 3718 Fieker,
1497 3674 1590 3708 ‘ltaL
1621 3672 1660 3707 F
1658 3673 1886 3717 msehzmyen'
1912 3671 1964 3714 ΙΙ,
1985 3681 2023 3714 p.
2045 3674 2122 3704 500.

2027 3732 2099 3766 48ae
