2558 3970
127 940 159 964 10

128 1285 159 1309 15

122 1631 155 1657 20

736 138 977 174 Falnsnwl
1007 139 1049 174 11.
1075 140 1507 175 coNsTrrrTman.
1560 140 1658 175 1244.
1708 141 1865 176 ,κη-,249
2323 147 2404 186 339

197 255 243 310 5)
274 255 444 297 codicem
477 255 726 296 Parise'mtm
755 255 916 296 Ancicn
950 255 1082 310 fonds
1120 257 1227 297 latin
1249 258 1364 297 4042
1395 256 1475 310 fol.
1503 259 1594 298 1226.
1659 257 1910 309 Eln'stolmn,
1952 258 2069 298 emus·
2109 261 2262 299 testum
2303 260 2405 300 *inte-

192 338 312 378 9rum
351 325 465 366 solus
511 324 635 365 codex
664 327 687 364 1
721 324 908 376 praebet,
957 325 1029 365 ube·
1073 325 1264 366 Conrado
1305 326 1388 378 νομί
1429 326 1631 377 inscripta
1668 329 1743 370 est,
1797 327 2040 379 encyclicam
2081 340 2182 377 esse,
2225 328 2404 369 aliorum

196 393 377 435 codicum
406 393 750 444 inscripzffiovibus
777 393 1000 445 probatur:
1034 394 1078 433 ἱη
1109 394 1239 435 codice
1274 394 1591 435 Vralislaricnsi
1624 394 1883 436 bibliothecae
1916 397 2202 437 *meet-ersitatis
2239 397 2299 438 Cl.
2324 397 2404 447 11⁷,

196 461 418 504 Phil.102
447 462 493 502 iu
529 461 665 502 indice
696 462 959 502 inscribitur:
1000 462 1069 504 Fr.
1105 462 1186 504 Dei
1227 464 1366 517 gratia
1398 462 1449 504 R.
1475 464 1499 503 i.
1535 469 1615 505 otc.
1658 463 1815 504 dilecto
1858 465 2037 520 principi
2071 465 2278 507 Misnensi
2313 467 2403 522 cpi-

197 546 346 588 scopo,
396 532 442 572 in
479 530 611 572 codice
650 530 1038 582 Montispessulano
1069 532 1172 571 139.-
1222 531 1292 573 Fr.
1334 532 1549 573 universis
1599 532 1797 573 fidelibus
1850 548 1925 588 pci-
1967 533 2151 575 Ytaliam
2195 535 2405 590 significat

197 614 347 657 pacem
381 600 658 642 reformatam
691 600 804 641 inter
835 600 973 654 ipsum
1009 605 1052 640 et
1085 600 1313 641 ecclesiam
1339 599 1546 641 mandans
1571 601 1683 656 quod
1710 602 1881 643 veniant
1905 601 1956 642 ad
1982 604 2142 644 curiam
2167 602 2327 644 Veron.
2354 628 2403 633 ——

195 667 652 711 Huillard-Brc'ltollcs
684 666 756 718 VJ,
776 671 870 708 176.
923 668 1119 718 Balanos,
1153 668 1252 720 Rea.
1286 669 1381 720 imp.
1416 668 1609 717 lca-1:24.
2027 671 2097 723 (Ι).
2121 671 2262 725 deest.)

340 783 587 826 Fridericus
629 787 709 824 etc.
754 782 914 824 dilecto
957 783 1044 824 filio
1085 796 1162 823 suo
1203 781 1391 824 Corrado
1434 784 1472 824 in
1516 797 1662 838 rogem
1704 783 1996 826 Romanorum
2041 787 2179 828 electo
2223 788 2405 842 gratiam

196 869 318 897 suam
352 859 395 895 et
426 867 552 895 omne
586 853 787 894 bonumfl.

339 922 454 964 Dum
487 923 620 964 vellet
663 922 809 963 divina
850 922 1047 977 potentia
1088 921 1383 963 imminentem
1418 935 1563 962 casum
1599 921 1843 964 Christiane
1878 923 1978 964 fidei
2012 939 2258 970 removere,
2303 926 2401 967 dum

195 993 328 1035 vellet
359 992 450 1034 fere
483 993 614 1033 totius
652 991 767 1033 orbis
801 990 954 1032 sedare
978 990 1213 1032 discordias
1246 995 1288 1031 et
1321 994 1408 1031 tam
1440 991 1646 1046 periculis
1672 991 1893 1033 hominum
1917 1006 2044 1047 quam
2070 1007 2210 1034 reruni
2236 995 2406 1035 exitiis¹'

194 1061 458 1118 providere0.
493 1061 647 1102 summi
680 1060 898 1116 pontificis
932 1064 974 1101 et
1006 1059 1190 1101 Romani
1224 1060 1386 1101 cesaris
1420 1060 1587 1100 animos
1620 1061 1842 1102 inclinavit
1875 1061 1928 1102 ad
1962 1076 2132 1118 pacem,
2177 1077 2260 1118 quc
2294 1069 2403 1105 trac-

194 1131 313 1173 tatad
356 1130 517 1172 diutius
561 1144 638 1186 per
678 1130 889 1171 illustrem
923 1128 1086 1170 virun1⁹
1129 1129 1333 1170 comitem
1366 1128 1651 1171 Tolosanums
1682 1129 1919 1171 dilectumg
1951 1131 2123 1173 affinem
2158 1138 2201 1173 ct
2234 1132 2403 1174 fidelem

195 1205 404 1253 nostrum,
439 1201 510 1255 qui
544 1199 598 1241 ad
632 1199 740 1241 hoch
774 1198 1008 1240 efficaciter
1032 1204 1074 1239 et
1096 1198 1284 1240 fideliter
1307 1198 1536 1250 laboravit,
1571 1199 1744 1241 tandem
1768 1213 1845 1255 per
1869 1200 2031 1256 ipsumi
2063 1205 2105 1242 ct
2128 1202 2235 1242 alios
2261 1202 2405 1243 virosk

198 1268 467 1315 industrios1,
506 1269 619 1310 viros
660 1267 887 1309 concordie
921 1267 1161 1319 zelatores,
1203 1268 1348 1309 extitit
1390 1267 1668 1310 laudabiliter
1699 1275 1969 1321 consumata,
2012 1269 2120 1311 adeo
2154 1270 2303 1325 quod'¹¹
2335 1271 2404 1313 die

194 1342 370 1380 sancto11
403 1337 519 1380 Iovis
552 1338 594 1378 in
628 1351 737 1378 cena
759 1336 947 1387 Domini,
984 1337 1231 1392 compositis
1262 1342 1305 1378 et
1334 1336 1495 1378 sedatis
1520 1337 1719 1378 omnibus
1754 1352 1809 1379 ex
1833 1339 1986 1394 quibus
2011 1339 2226 1380 discordia
2254 1354 2399 1381 move-

194 1409 359 1458 batur0,
393 1412 482 1449 tam
521 1406 714 1463 prefatus
747 1420 890 1448 comes
924 1420 1052 1462 quam
1087 1406 1295 1461 magister
1318 1406 1473 1448 Petrus
1508 1406 1560 1447 de
1583 1406 1725 1448 Vinea
1754 1411 1796 1449 et
1820 1408 2027 1463 magister
2050 1408 2312 1450 Thaddeusv
2346 1409 2397 1451 dc

195 1476 358 1518 Suessa
390 1489 545 1532 magne
579 1481 725 1518 nostre
758 1476 873 1516 curie
905 1475 1070 1518 iudices
1094 1481 1138 1517 et
1168 1475 1320 1517 fideles
1348 1476 1494 1526 nostri,
1528 1476 1719 1517 mandati
1744 1478 1878 1518 nostri
1905 1478 2188 1519 auctoritatc⁰
2222 1479 2400 1529 suffulti,

193 1546 407 1602 parituros
455 1559 531 1587 nos
578 1544 791 1586 mandatis
849 1545 1032 1587 ecclesie
1089 1544 1327 1586 secundum
1383 1544 1657 1601 disciplinam
1715 1547 2057 1588 ecclesiasticam
2108 1548 2403 1590 iu1·ave1·unt‘¹.

194 1614 381 1662 Demum
426 1628 617 1656 summus
656 1614 875 1670 pontifex,
918 1615 1064 1656 multis
1104 1614 1375 1656 hominibusr
1417 1615 1546 1656 immo
1587 1615 1733 1656 multis
1775 1616 1949 1658 milibus
1990 1617 2210 1658 hominum
2244 1617 2405 1658 coadu-

193 1685 307 1726 natis
338 1684 381 1726 in
403 1683 558 1733 UrbeS,
592 1684 634 1724 in
667 1683 965 1739 predicatione
999 1698 1076 1725 sua
1108 1698 1185 1725 nos
1219 1688 1439 1739 tamquam
1464 1684 1665 1725 devotum
1700 1685 1884 1727 ecclesie
1917 1686 2051 1726 filium
2085 1688 2148 1728 ett
2181 1693 2402 1742 tamquam

194 1753 451 1795 catholicum
495 1753 732 1809 principem
775 1753 949 1795 admisit
996 1753 1050 1794 ad
1098 1753 1388 1795 omnimodam
1434 1754 1620 1795 ecclesie
1672 1755 1904 1807 unitatem,
1954 1769 2032 1810 per
2083 1770 2212 1810 quam
2261 1756 2402 1797 divina

195 1823 367 1864 favente
400 1822 647 1873 clementia,
681 1836 764 1877 que
798 1822 926 1863 corda
958 1823 1200 1879 principum
1233 1837 1308 1879 pro
1343 1837 1421 1865 sua
1444 1823 1667 1865 voluntate
1691 1823 1924 1879 disponit¹¹‚
1962 1825 2084 1879 vigor
2114 1825 2213 1866 fidei
2239 1825 2404 1880 vigebit

194 1893 492 1948 imposterum,
527 1892 680 1933 cuiusv
710 1892 823 1933 inter
855 1896 976 1933 tanta
1008 1892 1221 1934 bellorum
1255 1892 1515 1944 discrimina,
1549 1893 1660 1934 inter
1691 1897 1834 1934 tantas
1867 1893 2081 1935 discordie
2114 1898 2402 1950 tempestates

196 1961 422 2004 vicinumw
453 1960 728 2016 naufragium
759 1961 1036 2009 verebamur:
1077 1975 1152 2017 per
1185 1975 1312 2017 quam
1344 1962 1719 2018 procurabuntur¹
1751 1962 1887 2004 honor
1921 1967 1962 2004 et
1996 1962 2222 2004 comodum
2255 1964 2406 2005 matris

193 2031 395 2083 ecclesie,
439 2031 560 2073 cuius
593 2034 827 2087 augmenta
860 2035 1108 2086 tamquamff
1146 2031 1308 2087 primus
1344 2035 1387 2072 et
1417 2032 1571 2073 unicus
1604 2032 1787 2074 ecclesie
1820 2032 1932 2074 filius
1966 2036 2009 2074 et
2040 2037 2248 2088 patronus
2285 2032 2405 2074 dumt

193 2100 314 2142 filiali
362 2100 591 2143 devotione
644 2105 902 2149 tractamus,
953 2100 1074 2141 offitii
1127 2101 1264 2142 nostri
1312 2105 1457 2157 partes
1500 2101 1730 2156 implemus
1777 2106 1820 2142 et
1863 2105 2058 2142 nostrum
2103 2102 2408 2157 prosequimur

195 2171 428 2218 interesse3
466 2184 545 2226 per
584 2183 711 2225 quam
754 2171 910 2211 etiam²
951 2174 1088 2211 status
1129 2170 1300 2226 imperii
1331 2170 1539 2226 pacificus
1573 2175 1616 2212 et
1648 2170 1842 2212 sublimis
1876 2171 2121 2212 habebitur.
2182 2171 2252 2212 Ad
2282 2172 2401 2213 cuius

196 2239 547 2281 reformationem
569 2238 733 2280 viribus
758 2239 859 2280 totis
886 2239 1151 2280 insistimust
1182 2243 1253 2280 eta
1281 2239 1463 2281 sinceris
1487 2239 1711 2281 affectibus
1736 2240 1999 2295 aspiramus;
2033 2253 2110 2296 per
2133 2253 2259 2295 quam
2284 2241 2406 2296 quies

195 2307 335 2359 nobis,
367 2307 516 2350 amicis
540 2312 583 2349 et
604 2307 806 2349 fidelibus
831 2308 989 2349 nostris
1013 2307 1210 2349 omnibus
1234 2307 1405 2350 dabitur
1426 2309 1470 2350 in
1500 2309 1703 2351 futurum.
1756 2308 1881 2351 Hecb
1904 2309 2037 2364 igitur
2060 2323 2142 2365 que
2167 2309 2220 2350 ad
2244 2310 2403 2351 bonum

193 2377 312 2434 pacis
361 2378 476 2419 facta
523 2381 622 2419 sunt
672 2378 840 2418 noviter
878 2391 955 2433 per
999 2384 1167 2419 sacr0s⁰
1207 2378 1351 2433 apices
1404 2378 1447 2418 in
1490 2378 1707 2434 publicam
1751 2377 1983 2420 deferimus
2034 2378 2276 2428 notionem,
2329 2378 2405 2421 sed

192 2447 442 2503 specialiter
473 2445 748 2488 nuntiamusd
779 2446 899 2488 vobis
931 2446 985 2488 ad
1017 2446 1238 2502 gaudium,
1270 2451 1318 2488 ut
1349 2447 1481 2488 illude
1512 2461 1589 2503 per
1620 2447 1770 2489 fideles
1796 2452 1966 2489 nostros
1990 2448 2122 2489 totius
2148 2447 2409 2490 Germanief

192 2516 404 2558 studeatis
450 2519 540 2556 tam
583 2515 678 2557 ilari
726 2530 854 2571 quam
894 2515 1087 2558 studioso
1130 2520 1406 2572 programate
1446 2516 1712 2572 publicaress,
1754 2516 1889 2572 quosh
1929 2517 2086 2558 scimus
2135 2517 2404 2558 incrementa

193 2585 362 2641 imperii
401 2589 490 2627 toto
533 2584 662 2626 corde
706 2585 886 2640 diligere
919 2590 962 2627 et
1003 2585 1211 2628 honorem
1249 2586 1386 2628 nostri
1418 2585 1674 2627 diadematis
1708 2599 1874 2628 summo
1907 2585 2126 2628 desiderio
2161 2586 2401 2641 prestolari.

194 2653 395 2710 Denique
436 2668 533 2696 cum
574 2668 652 2710 pro
693 2654 945 2710 recipienda
983 2655 1290 2697 benedictione
1334 2655 1483 2696 matris
1518 2655 1705 2697 ecclesie
1738 2667 1908 2696 necnon
1940 2668 2018 2710 pro
2052 2655 2197 2709 quiete
2230 2654 2403 2710 publica

195 2723 542 2766 communicatisi
574 2724 769 2765 consiliis
803 2724 1078 2780 procuranda
1113 2738 1326 2766 summum
1360 2724 1479 2766 adire
1512 2723 1761 2779 pontificem
1793 2722 1866 2764 ink
1898 2724 2095 2779 proximo
2127 2722 2403 2778 disponamus

196 2796 239 2835 et
269 2791 425 2834 abinde
457 2792 501 2833 in
532 2791 858 2834 Lombardiam¹
890 2794 1056 2849 potenti
1087 2793 1263 2835 brachio
1296 2807 1375 2836 nos
1408 2792 1625 2843 conferre,
1670 2791 1925 2834 mandamus
1959 2791 2177 2833 devotioni
2208 2796 2404 2842 vestrem,

195 2866 406 2917 quatenus
443 2861 565 2902 iuxta
608 2861 721 2916 quod
760 2875 836 2916 per
876 2863 983 2903 alias
1024 2862 1192 2903 litteras
1225 2867 1394 2904 nostras
1428 2861 1549 2903 vobis
1593 2861 1817 2917 scripsisse
1852 2862 2102 2902 recolimus.
2146 2860 2294 2902 taliter
2327 2874 2401 2900 vos

331 2976 418 3012 249.
444 2978 476 3022 a)
503 2978 549 3011 sic
571 2977 608 3020 13
633 2978 774 3011 rubrica
799 2978 836 3010 in
859 2975 891 3011 2.
918 2976 957 3011 3:
983 2979 1039 3010 Fr.
1066 2978 1237 3020 significat
1263 3004 1269 3010 .
1290 3004 1296 3011 .
1325 2977 1406 3019 (des.
1427 2977 1463 3019 3)
1490 2988 1605 3021 pacem
1631 2978 1719 3010 inter
1744 2977 1856 3020 ipsum
1882 2981 1915 3010 et
1932 2977 2110 3010 ecclesiam
2136 2978 2351 3010 reformatam
2369 2981 2401 3008 et

194 3037 336 3070 mandat
371 3036 419 3069 eis
455 3036 546 3078 quod
577 3040 700 3078 parent
732 3046 767 3067 se
797 3035 840 3068 ad
865 3036 1072 3069 veniendum
1102 3036 1147 3068 ad
1178 3036 1343 3068 indictam
1370 3034 1570 3077 (vindictam
1590 3033 1626 3076 3)
1654 3035 1726 3067 cur'
1753 3034 1862 3076 (curie
1879 3032 1914 3076 3)
1942 3037 2046 3066 νει-θῇ
2073 3034 2328 3076 (celebrandam
2355 3031 2403 3076 3).

192 3091 227 3137 b)
252 3095 422 3128 exercitus
449 3092 486 3133 1;
521 3093 670 3126 existens
696 3093 727 3126 5.
852 3093 883 3135 c)
909 3093 1087 3137 providere
1113 3111 1158 3116 —-
1183 3093 1329 3126 Romani
1355 3093 1423 3126 des.
1441 3091 1473 3126 3.
1599 3090 1632 3134 d)
1657 3097 1805 3125 retracta
1830 3090 1861 3124 3.
1981 3090 2008 3133 θ)
2034 3091 2081 3124 ill.
2109 3093 2170 3124 vir.
2197 3092 2264 3124 des.
2283 3089 2403 3131 3-5;

194 3177 200 3184 .
222 3178 227 3184 .
254 3152 352 3185 habet
374 3150 406 3184 2.
501 3147 531 3190 f)
557 3150 689 3184 Toelos.
711 3151 745 3191 1;
772 3151 911 3184 Tholos.
927 3149 966 3192 33
991 3150 1083 3183 deest
1097 3148 1130 3183 2.
1147 3149 1180 3183 4.
1199 3150 1230 3184 5.
1325 3150 1359 3192 8)
1386 3151 1547 3184 dilectum
1576 3168 1613 3172 —
1642 3155 1796 3183 nostrum
1821 3149 1891 3182 des.
1910 3148 2010 3182 2-5.
2106 3147 2139 3190 h)
2163 3149 2245 3181 satis
2272 3148 2354 3181 add.
2373 3147 2403 3180 1.

193 3207 217 3249 i)
242 3220 320 3242 eum
345 3207 474 3250 3—5;
502 3235 508 3242 .
529 3235 535 3241 .
562 3209 594 3243 2.
711 3206 744 3250 ¹³)
770 3209 861 3241 viros
886 3226 928 3231 —-
954 3208 1120 3241 zelatores
1146 3208 1214 3241 dee.
1233 3207 1254 3240 2
1269 3207 1360 3242 -5,
1478 3206 1502 3247 l)
1529 3209 1717 3241 industioes
1745 3207 1779 3247 1;
1805 3207 1966 3240 inlustres
1993 3205 2038 3239 H.
2156 3208 2200 3248 ι11)
2225 3212 2263 3239 ut
2288 3205 2403 3240 2—5.

193 3265 227 3308 n)
254 3267 326 3300 loco
350 3272 470 3300 saneto
495 3285 538 3290 —
563 3267 690 3299 domini
714 3264 836 3299 2—5:
871 3266 981 3298 sancti
1004 3266 1108 3298 Petri.
1209 3265 1241 3307 0)
1266 3265 1340 3298 loco
1364 3266 1568 3298 movebatur
1593 3282 1635 3288 -—
1661 3265 1860 3297 auctoritate
1887 3261 1991 3298 2—5:
2024 3264 2236 3305 nascebatur,
2263 3264 2405 3307 predicti

194 3335 309 3357 omnes
334 3325 536 3358 auctoritate
561 3329 685 3358 nostra.
804 3322 838 3365 P)
876 3323 924 3356 sic
940 3322 993 3362 H;
1018 3323 1119 3355 Thar.
1140 3322 1168 3355 1.
1289 3321 1322 3364 q)
1361 3323 1513 3356 iuraveft
1537 3321 1572 3363 2;
1614 3322 1805 3355 iuraverint
1829 3320 1860 3353 4.
1979 3320 2006 3362 r)
2045 3321 2135 3354 hom.
2161 3321 2263 3353 immo
2289 3320 2405 3353 multis

194 3381 262 3415 dee.
287 3380 412 3415 2-5.
545 3381 574 3424 Β)
600 3382 637 3414 in
660 3381 754 3414 Urbe
778 3381 847 3414 dee.
865 3379 886 3413 2
901 3380 990 3414 -5,
1123 3379 1149 3423 t)
1176 3380 1267 3413 deest
1291 3379 1321 3412 1.
1456 3379 1490 3422 ²²)
1517 3380 1683 3423 disposuit
1707 3377 1830 3412 3—5.
1966 3378 1998 3419 v)
2023 3389 2102 3411 cum
2126 3376 2164 3420 33
2190 3379 2246 3411 cui
2271 3376 2303 3410 2.
2322 3376 2354 3411 4.
2372 3376 2404 3410 5.

193 3437 234 3480 W)
258 3439 339 3472 vicii
362 3438 464 3472 2—5.
580 3437 615 3482 Χ)
641 3439 914 3482 procurabantur
937 3437 968 3470 4.
996 3437 1027 3472 5.
1143 3436 1175 3479 y)
1200 3437 1512 3481 augmentationem
1537 3437 1627 3469 sicut
1652 3435 1751 3469 2-5.
1869 3434 1898 3476 z)
1923 3434 2014 3468 deest
2038 3433 2075 3475 2;
2101 3440 2135 3468 et
2151 3433 2190 3474 3;
2215 3446 2275 3478 per
2299 3445 2404 3477 usque

193 3496 295 3529 etiam
319 3497 387 3530 dee.
405 3498 437 3531 5.
555 3499 586 3537 a)
612 3497 702 3530 deest
725 3495 755 3528 3.
867 3494 900 3537 b)
923 3497 1001 3528 Hiis
1028 3495 1056 3528 1.
1164 3495 1194 3538 c)
1221 3505 1336 3528 sacras
1360 3493 1397 3534 3;
1424 3499 1658 3528 sacrosanctos
1684 3492 1716 3526 4.
1741 3492 1772 3525 5.
1880 3490 1913 3534 d)
1938 3493 2015 3526 vob.
2042 3504 2073 3526 n.
2101 3491 2132 3525 2.
2159 3491 2197 3534 33
2223 3493 2299 3526 vob.
2327 3493 2404 3525 inti-

194 3563 326 3587 mamus
348 3553 379 3587 4.
399 3554 431 3588 5.
549 3554 580 3596 e)
605 3555 703 3587 illum
730 3554 758 3587 1.
877 3552 907 3595 f)
933 3554 1078 3587 Ytalie
1103 3551 1205 3586 2-5.
1324 3550 1356 3595 Β)
1381 3552 1542 3585 nuntiare
1567 3549 1669 3584 2-5,
1798 3547 1832 3591 h)
1858 3550 1949 3592 quod
1973 3548 2073 3584 3—5.
2205 3549 2228 3591 i)
2254 3560 2403 3583 commu-

195 3610 359 3644 nitatibus
383 3616 417 3645 et
439 3609 462 3644 2
477 3611 563 3646 -5,
702 3610 736 3652 k)
762 3612 855 3645 adire
879 3622 967 3645 sum.
992 3615 1125 3655 ponunt
1147 3611 1184 3644 in
1209 3609 1240 3644 2.
1265 3609 1297 3643 4.
1323 3610 1361 3651 ὃς
1396 3611 1489 3644 adire
1522 3621 1608 3643 sum.
1632 3613 1765 3652 ponunt
1788 3606 1821 3641 3.
1962 3605 1988 3651 1)
2014 3609 2050 3640 in
2074 3609 2193 3642 Lomb.
2218 3608 2341 3641 abinde
2366 3606 2401 3641 1:

196 3668 324 3712 potenti
348 3669 486 3702 brachio
511 3669 580 3703 des.
698 3668 739 3710 m)
765 3670 838 3702 ἄεν.
865 3674 976 3702 vestre
1001 3669 1068 3702 cles.
1086 3667 1187 3701 2-5.

2055 3725 2128 3759 43*

2431 1353 2512 1379 Mart.
2535 1356 2558 1379 :52
