2558 3970
214 182 293 220 220
740 175 978 210 Peinsinoi
1004 175 1049 209 ΙΙ.
1076 172 1503 209 CONSTITUTIONES.
1554 172 1651 206 1233.
1699 172 1856 205 N1·.l77.

356 290 710 331 Procuratoribus
743 289 872 343 igitur
903 289 1086 344 partium
1118 291 1294 342 propter
1316 287 1394 327 hoc
1425 287 1466 326 in
1495 290 1640 326 nostra
1662 286 1879 340 presentia
1902 285 2156 335 constitutis,
2191 299 2246 325 ex
2269 289 2391 339 parte

214 345 313 400 t11a¹¹
347 360 488 400 extitit
520 359 781 412 propositum
816 370 956 397 eoram
990 356 1126 401 nobis,
1160 355 1273 409 quod
1305 360 1347 395 te
1381 355 1576 394 Societas
1613 352 1892 405 Lombardie,
1925 352 2118 393 Marchie
2152 366 2200 392 ac
2232 353 2390 394 Roma-

213 427 342 468 niolei
388 426 643 480 gravissime
692 425 961 468 offendisset,
1010 439 1085 479 pro
1126 438 1176 465 eo
1216 423 1416 464 videlieet
1455 421 1567 477 quod
1609 422 1767 462 curiam
1812 420 1971 472 tuamk,
2013 435 2138 476 quam
2181 420 2391 463 Ravenne

214 495 448 536 indixeras¹
482 508 557 548 pro
590 494 719 534 Terre
745 492 903 532 Sancte
937 505 1157 538 succursu,
1190 491 1470 545 dispositione
1504 490 1670 544 imperii
1707 493 1749 530 et
1781 488 2035 543 quibusdam
2067 491 2327 531 necessariis
2351 495 2394 532 et

214 564 401 604 honestis
434 564 541 604 aliis.
575 561 813 617 impedivit,
849 575 931 601 non
964 559 1252 614 permittendo
1284 559 1336 600 ad
1368 564 1447 599 te¹¹¹
1479 559 1610 600 filium
1642 562 1787 598 tuum¹¹
1819 561 1860 598 et
1892 557 2104 612 principes
2133 558 2392 600 Alamannie

213 646 288 686 per
321 632 409 671 vias
452 645 526 671 seu
569 636 723 670 stratas
764 629 1006 684 imperiales
1040 628 1228 671 venire⁰;
1273 627 1619 682 procuratoribus
1654 625 1881 667 Societatis
1913 625 2106 666 eiusdem
2136 639 2158 666 e
2182 628 2394 669 contrario

213 699 571 754 proponentiluis.
616 697 877 738 Societatem
911 697 1047 750 ipsam
1081 695 1219 735 nullas
1253 695 1358 735 tibip
1391 695 1577 735 offensas
1611 694 1836 748 nullasque
1870 694 2047 734 iniurias
2079 694 2296 747 intulisse,
2330 699 2397 736 set

214 769 246 807 si
281 781 360 821 qua
407 768 640 807 feceruntq.
683 765 883 805 dicebant
926 770 999 804 ear
1040 764 1091 804 ob
1135 763 1348 818 propriam
1382 762 1679 803 defensionem
1711 762 1881 804 fecisse.
1942 761 2032 803 Nos
2066 762 2208 817 itaque
2240 763 2322 804 hiis
2355 767 2397 804 et

215 836 307 876 aliis
337 848 417 889 que
452 835 623 875 fuerunt
657 833 752 873 hinc
785 831 882 872 inde
905 832 1125 887 proposita
1147 832 1315 886 plenius
1339 830 1584 881 intellectis,
1619 831 1931 871 communicato
1954 830 2132 871 fratrum
2155 835 2398 873 nostrorum

215 903 405 944 consilio,
438 902 490 943 dc
523 901 814 957 providentiaS
847 901 905 940 sic
939 899 1139 940 duximus
1173 899 1476 939 ordinandum:
1512 898 1570 938 Ut
1602 898 1804 940 videlieet
1836 902 1881 938 tu
1914 899 2011 939 tuot
2042 903 2085 940 et
2116 899 2191 939 filii
2224 900 2316 940 tuiu
2347 914 2396 941 ac

214 972 382 1026 imperii
416 973 586 1012 nomine
620 971 714 1013 hiis.
747 970 817 1023 qui
851 974 949 1009 sunt
981 969 1034 1009 de
1069 968 1284 1009 Societate
1317 967 1509 1022 predicta
1543 970 1585 1008 et
1615 967 1917 1008 universaliter
1940 967 2118 1021 singulis
2142 971 2184 1008 et
2205 967 2395 1023 singula-

215 1042 316 1081 riter
355 1040 564 1081 universis
607 1040 825 1079 civitatum
868 1042 910 1078 et
951 1038 1138 1078 locorum
1173 1050 1349 1091 quorum
1394 1037 1568 1076 nomina
1606 1036 1648 1075 in
1683 1035 1990 1089 compromisso
2022 1036 2268 1090 specialiter
2300 1042 2399 1078 sunt

215 1123 418 1163 expressa
460 1113 500 1148 et
540 1109 609 1162 qui
655 1112 804 1161 postea
847 1106 957 1146 infra
996 1110 1163 1160 tempus
1208 1104 1366 1145 ibidem
1410 1105 1627 1159 provisum
1669 1118 1714 1144 se
1755 1118 1834 1158 per
1872 1103 2009 1143 simile
2042 1105 2399 1159 compromissum

215 1184 356 1217 nostro
398 1177 571 1217 arbitrio
610 1175 932 1215 commiserunt.
978 1175 1197 1215 remittasv
1242 1187 1411 1213 omnem
1450 1186 1696 1222 rancorem,
1739 1172 2101 1224 malivolentiam,
2143 1173 2318 1214 iniurias
2356 1177 2400 1215 et

215 1247 417 1286 offensas.
452 1246 591 1285 onmia
625 1256 793 1298 quoque
828 1242 982 1294 banna,
1017 1242 1362 1293 constitutiones,
1395 1241 1632 1282 sententias
1656 1244 1699 1282 et
1722 1240 2031 1290 ordinamenta,
2065 1255 2146 1296 que
2172 1242 2398 1284 occasione

217 1314 340 1353 huius
375 1312 589 1353 discordie
623 1312 795 1353 fecistiw
828 1311 895 1352 vel
929 1311 1203 1365 imposuistix
1234 1324 1312 1364 per
1339 1314 1411 1350 tey
1443 1309 1508 1349 vel
1538 1323 1615 1364 per
1637 1309 1766 1350 alium
1800 1309 1963 1350 aliusve
1994 1324 2071 1364 pro
2094 1313 2160 1350 tez
2194 1309 2402 1352 Societati

217 1382 282 1422 vel
316 1382 444 1422 alicui
477 1381 528 1422 de
554 1380 772 1421 Societate
807 1380 890 1420 iam
924 1379 1050 1424 dieta,
1084 1379 1328 1419 civitatibus
1352 1378 1458 1418 locis
1482 1382 1524 1418 et
1546 1378 1744 1432 personis
1768 1377 1820 1418 de
1848 1377 1941 1432 ipsa
1965 1377 2196 1429 Societate,
2231 1382 2273 1420 et
2296 1392 2400 1434 que-

216 1464 394 1504 cumque
440 1464 493 1491 ex
541 1450 601 1490 eis
636 1449 701 1488 vel
744 1448 795 1488 ob
840 1462 891 1489 ea
939 1451 1087 1488 secuta
1127 1452 1226 1487 sunt
1268 1447 1440 1501 penitus
1479 1452 1696 1497 revocesa,
1741 1446 1964 1486 universos
2010 1451 2053 1487 et
2100 1447 2289 1501 singulos
2330 1448 2402 1502 qui

218 1519 440 1559 occasione
475 1518 653 1559 alicuius
692 1516 982 1571 predictorum
1014 1516 1092 1556 lesi
1126 1515 1326 1556 videntur
1362 1515 1594 1555 restituens
1626 1515 1669 1554 in
1701 1515 1914 1568 integrum
1947 1514 1989 1554 in
2023 1515 2219 1555 omnibus
2253 1519 2295 1556 et
2325 1529 2403 1570 per

218 1588 359 1627 omnia
393 1601 468 1627 suo
502 1586 632 1626 statui
665 1592 792 1640 atque
826 1585 954 1633 fame,
987 1584 1244 1625 remittendo
1277 1583 1578 1624 nichilominus
1612 1583 1830 1624 infamiam
1864 1596 2031 1624 omnem
2055 1588 2097 1624 et
2119 1597 2288 1638 penam,
2321 1598 2403 1640 que

221 1661 366 1696 secute
401 1660 498 1695 sunt
531 1670 586 1696 ex
619 1655 760 1709 aliquo
793 1654 1111 1709 premissorum,
1144 1653 1204 1693 ita
1236 1651 1347 1707 quod
1382 1665 1432 1693 ea
1465 1665 1547 1706 que
1580 1650 1722 1691 medio
1755 1655 1948 1706 tempore
1972 1666 2049 1707 per
2075 1666 2149 1693 eos
2174 1656 2271 1693 acta
2293 1657 2404 1705 sunt,

221 1739 304 1764 non
339 1724 611 1765 obstantibus
646 1722 916 1778 supradictis,
961 1722 1090 1762 robur
1122 1722 1364 1769 obtineant,
1398 1719 1511 1775 quod
1544 1719 1651 1760 alias
1683 1720 1923 1761 debuerant
1956 1721 2162 1762 obtinere.
2225 1721 2292 1762 Ad
2324 1722 2405 1764 hec

219 1794 435 1833 civitates.
468 1793 561 1833 loca
596 1798 638 1833 et
671 1805 876 1846 personas
910 1791 962 1831 de
996 1791 1089 1845 ipsa
1120 1790 1335 1831 Societate
1368 1790 1410 1829 in
1443 1789 1732 1843 conpromisso
1767 1793 1990 1830 contentas
2023 1791 2063 1830 in
2096 1789 2406 1844 plenitudinem

220 1861 358 1914 gratie
392 1866 462 1901 tue
496 1860 711 1915 recipiasb
744 1864 785 1900 et
819 1860 879 1900 eis
912 1860 1076 1900 faciasc
1108 1859 1273 1899 firmam
1304 1872 1478 1913 pacem,
1520 1858 1767 1912 specialiter
1800 1857 1934 1898 nobili
1965 1858 2054 1898 viro
2087 1890 2095 1898 .
2126 1891 2133 1898 .
2169 1858 2405 1900 marchioni

218 1929 537 1971 Montist'errati.
569 1929 828 1975 Mediolano,
866 1928 1024 1978 Brixie,
1058 1928 1266 1978 Bononie,
1308 1926 1547 1976 Placentie,
1579 1925 1740 1977 Padue,
1774 1925 1934 1977 Cumis,
1966 1926 2157 1977 Mantue,
2189 1926 2400 1980 Ferrarie,

221 1997 430 2038 Faventie
469 1998 648 2052 aliisque
681 1997 787 2037 locis
822 2001 864 2037 et
896 1997 1091 2052 personis
1115 1995 1375 2051 quibuslibet
1406 1994 1636 2036 Societatis
1667 1994 1876 2036 eiusdem.
1937 1994 2117 2036 Faciasc
2149 1996 2278 2036 etiam
2311 1995 2403 2036 fieri

215 2072 415 2121 patentes
450 2067 618 2107 litteras
652 2081 706 2107 ex
739 2071 860 2120 parte
894 2066 968 2106 filii
1000 2066 1082 2126 tui,
1116 2064 1227 2119 quod
1260 2078 1412 2119 pacem
1446 2068 1489 2105 et
1522 2063 1796 2104 concordiam
1829 2064 1954 2104 istam
1987 2068 2122 2104 ratam
2155 2064 2330 2105 habebit
2363 2069 2405 2106 et

215 2136 379 2175 firmam
415 2142 458 2175 et
481 2136 670 2175 remittet
692 2135 776 2175 illis
800 2134 851 2175 de
875 2134 1093 2175 Societate
1114 2147 1284 2174 omnem
1308 2146 1548 2183 rancorem,
1572 2132 1920 2182 malivolentiam,
1943 2132 2119 2173 iniurias
2142 2136 2184 2173 et
2202 2133 2403 2176 offensas.

220 2204 293 2244 Hii
326 2209 470 2244 autem
505 2204 574 2257 qui
607 2207 703 2243 sunt
737 2202 788 2244 de
824 2202 1039 2243 Societate
1072 2202 1240 2257 prefata
1271 2201 1325 2242 ad
1356 2201 1563 2242 honorem
1587 2200 1670 2242 Dei
1703 2201 2010 2256 omnipotentis
2044 2205 2088 2243 et
2119 2202 2303 2243 ecclesie
2327 2216 2403 2244 sue

218 2286 265 2312 ac
302 2271 451 2312 tuumd
486 2271 589 2312 dent
621 2285 695 2326 pro
730 2271 919 2312 subsidio
952 2271 1085 2312 Terre
1111 2270 1268 2311 Sancte
1300 2270 1342 2310 in
1376 2269 1581 2325 expensis
1607 2269 1838 2310 Societatis
1871 2269 2062 2324 predicte
2086 2284 2162 2325 per
2183 2269 2401 2311 biennium

219 2341 376 2380 milites
421 2340 698 2394 quingentOS,
746 2340 909 2380 iturose
956 2340 997 2379 in
1045 2340 1227 2380 termino
1265 2353 1390 2393 quem
1423 2338 1621 2379 Romana
1660 2338 1847 2380 ecclesia
1880 2337 2053 2378 duxerit
2094 2338 2404 2393 prefigendum,

222 2423 325 2463 quos
360 2409 401 2448 in
434 2408 588 2459 eundo,
621 2408 825 2449 morando
859 2412 902 2449 et
934 2408 1153 2449 redeundo
1178 2408 1363 2449 ecclesia
1384 2407 1581 2448 Romana
1604 2406 1682 2448 sub
1708 2407 1886 2462 speciali
1911 2408 2173 2462 protectione
2197 2408 2406 2463 suscipiet

221 2492 314 2518 cum
347 2478 544 2517 omnibus
577 2478 698 2518 bonis
723 2478 826 2519 suis.
875 2477 939 2518 Ac
972 2477 1229 2528 civitatibus,
1262 2477 1366 2517 locis
1390 2480 1433 2517 et
1453 2468 1648 2531 personis
1671 2476 1885 2530 imperiali
1910 2475 2168 2517 excellentie
2192 2475 2404 2517 adheren-

219 2546 333 2586 tibus
368 2552 452 2586 tam
477 2546 779 2586 ecelesiasticis
803 2559 929 2600 quam
962 2545 1188 2586 mundanis
1221 2545 1386 2586 firmam
1408 2559 1561 2599 pacem
1584 2544 1893 2585 inviolabiliter
1917 2547 2098 2595 servent,
2133 2545 2402 2586 remittentes

226 2615 286 2655 eis
321 2629 490 2655 omnem
524 2628 771 2663 rancorem,
804 2614 1160 2665 malivolentiam,
1200 2614 1375 2654 iniurias
1408 2618 1450 2654 et
1483 2613 1684 2654 offensas.
1745 2611 1810 2653 Ac
1842 2616 2045 2653 revocent
2076 2613 2218 2653 omnia
2249 2612 2406 2665 banna,

225 2682 572 2724 constitutiones.
615 2683 850 2723 sententias
883 2687 924 2722 et
956 2682 1274 2734 ordinamenta,
1315 2696 1396 2737 que
1429 2681 1638 2723 discordie
1670 2681 1940 2722 occasionee*
1972 2681 2180 2736 premisse
2211 2681 2408 2722 fecerunt

225 2750 288 2789 vel
323 2751 617 2805 imposuerunt
649 2750 906 2801 civitatibus,
941 2751 1042 2791 loeis
1076 2756 1117 2791 et
1148 2751 1345 2806 personis
1378 2750 1588 2805 imperiali
1620 2749 1863 2790 celsitudini
1896 2749 2203 2790 adherentibus
2237 2754 2280 2790 et
2302 2763 2404 2804 que-

225 2832 403 2872 cumque
446 2832 499 2858 ex
542 2819 602 2858 eis
646 2823 793 2860 secuta
836 2824 934 2859 sunt
966 2820 1034 2860 vel
1066 2820 1118 2860 ob
1150 2820 1254 2874 ipsa.
1317 2818 1518 2860 Ceterum
1551 2819 1656 2868 alia,
1699 2831 1779 2872 que
1811 2818 1853 2858 in
1885 2817 2078 2858 eiusdem
2112 2817 2407 2873 compromissi

225 2888 335 2928 serie
369 2887 652 2927 continentur.
686 2892 827 2929 nostre
860 2888 1127 2943 providentie
1160 2901 1444 2929 reservamus,
1505 2887 1696 2941 Ideoque
1729 2887 2010 2928 serenitatem
2041 2890 2159 2927 tuam
2191 2900 2404 2941 rogamus,

224 2970 445 2996 monemus
478 2961 519 2997 et
552 2956 771 2997 hortamur
801 2957 1005 2997 attentius
1038 2943 1111 2997 aes
1141 2957 1219 2997 sub
1252 2955 1449 3011 predicta
1481 2969 1592 3011 pena
1623 2955 1876 2996 mandamus
1889 2962 1921 3007 g,
1954 2955 2154 3010 quatinus
2184 2954 2407 3009 predictah

224 3024 364 3064 omnia
396 3038 469 3077 pro
503 3029 623 3078 parte
657 3024 749 3064 tuai
782 3039 947 3073 serveS,
983 3025 1092 3065 sicut
1124 3025 1392 3079 imperialem
1426 3024 1566 3073 decet,
1600 3024 1885 3064 constantiam
1918 3024 2170 3064 inconcussa
2202 3027 2245 3064 et
2277 3037 2406 3078 super

224 3091 304 3131 hoc
337 3092 457 3131 nobis
490 3092 609 3132 iuxta
648 3096 863 3144 tenorem,
906 3107 1031 3147 quem
1066 3092 1172 3134 tibik
1204 3093 1556 3143 transmittimus,
1599 3092 1714 3133 tuas¹
1746 3097 1788 3132 et
1828 3092 1903 3132 filii
1937 3092 1995 3132 tui
2031 3105 2154 3132 cures
2186 3105 2322 3146 usque
2355 3091 2408 3132 ad

365 3238 445 3272 Ῑῗῗ.
479 3239 511 3280 ¹¹)
539 3241 745 3282 imperatoris
764 3241 805 3273 R.
899 3239 923 3281 i)
951 3242 1111 3273 Romanie
1129 3241 1170 3273 B.
1266 3239 1297 3282 k)
1323 3253 1419 3273 suam
1438 3241 1480 3274 B.
1574 3240 1598 3282 l)
1624 3241 1793 3273 indixerat
1810 3240 1850 3272 B.
1944 3239 1987 3279 ¹¹¹)
2010 3252 2074 3282 pro
2095 3240 2136 3272 ad
2162 3245 2193 3272 te
2211 3240 2257 3271 B:
2285 3240 2409 3273 venire.

225 3301 243 3316 Π
285 3307 382 3327 suum
404 3296 442 3326 ΙΙ.
539 3302 569 3338 0)
596 3298 636 3329 ad
663 3299 772 3339 ipsum
791 3297 833 3330 B.
920 3298 951 3338 p)
977 3299 1064 3329 (licto
1090 3299 1281 3340 imperatori
1307 3298 1421 3330 nullas
1440 3298 1480 3331 Β.
1553 3298 1584 3339 (1)
1610 3298 1751 3329 fecerint
1768 3297 1809 3330 B.
1880 3296 1907 3338 1”)
1932 3308 1987 3329 eos
2004 3297 2047 3329 B.
2119 3297 2146 3337 s)
2171 3297 2352 3339 prudentia
2368 3295 2410 3327 B.

226 3354 251 3392 ἵ)
279 3353 457 3393 imperator
482 3365 542 3385 suo
568 3354 609 3386 B.
750 3360 783 3396 Π)
809 3356 860 3387 sui
887 3355 928 3387 B.
1070 3359 1102 3397 v)
1128 3357 1276 3388 remittat
1300 3355 1342 3388 B.
1482 3355 1522 3397 W)
1557 3355 1635 3387 fecit
1659 3354 1699 3385 B.
1840 3353 1874 3394 x)
1908 3352 2068 3396 imposuit
2090 3353 2133 3386 B.
2249 3351 2281 3396 y)
2305 3364 2341 3386 se
2365 3352 2408 3385 B.

226 3414 253 3437 z,
282 3420 320 3439 eo
347 3409 386 3440 ΙΙ.
504 3415 533 3449 ²)
559 3419 692 3443 revocet
718 3412 760 3445 Β.
901 3412 931 3451 b)
964 3413 1072 3454 gratie
1098 3424 1157 3445 sue
1183 3413 1323 3455 recipiat
1347 3412 1389 3444 B.
1529 3411 1558 3452 c)
1590 3412 1693 3443 faciat
1716 3410 1769 3445 B..
1900 3408 1933 3451 (¹)
1959 3411 2106 3442 eiusdem
2133 3410 2342 3452 imperatoris
2367 3409 2409 3442 B.

228 3470 257 3504 e)
284 3464 370 3496 dees!
389 3465 429 3496 B.
548 3471 600 3497 e·,
627 3469 836 3500 occasionem
865 3468 905 3500 A.
1024 3467 1053 3509 s)
1082 3470 1268 3510 Ideoque
1294 3469 1571 3501 universitati
1598 3472 1734 3499 vestre
1767 3478 1835 3509 per
1860 3467 2102 3509 apostolica
2127 3468 2280 3508 scripta
2305 3477 2410 3498 mau-

227 3521 365 3552 dafflus
394 3527 433 3553 et
459 3522 500 3553 B·
619 3529 650 3557 ἕ)
684 3525 942 3566 precipimus
969 3525 1008 3556 B.
1128 3525 1160 3567 Β)
1196 3527 1358 3568 premissa
1383 3526 1424 3557 B.
1541 3523 1564 3565 i)
1592 3536 1660 3566 pro
1689 3529 1750 3555 tua
1782 3542 1826 3546 —
1858 3529 1890 3556 et
1918 3524 1963 3554 B:
2002 3529 2149 3555 nostra
2181 3523 2256 3564 (leq.
2284 3521 2411 3563 vestra)

228 3578 492 3610 inconcussa
518 3582 700 3612 servetis
726 3592 781 3612 ae.
898 3580 930 3621 k)
959 3582 1053 3613 vobis
1073 3582 1113 3614 B.
1230 3581 1254 3623 1’)
1277 3594 1342 3624 pro
1367 3589 1442 3614 tuas
1466 3599 1508 3603 Μ
1535 3592 1632 3613 eures
1656 3580 1703 3612 B:
1730 3587 1893 3613 vestras
1926 3585 2120 3622 patentes
2152 3580 2333 3612 litteras.

2446 574 2461 598 5

2434 912 2466 936 10

2437 1254 2468 1278 15

2441 1598 2496 1639 20v

2440 1941 2472 1966 25

2439 2284 2472 2309 30

2443 2626 2474 2652 35

2442 2967 2476 2992 40

2445 3361 2477 3387 45
