2558 3970
156 162 230 200 116
652 153 892 188 FRlllElllCI
918 154 961 187 H.
989 149 1418 186 mNS'rlTr'r1‹,›NES.
1470 149 1567 183 1:221.
1616 149 1749 183 N1·.9·2.
1776 149 1829 182 93.

150 278 289 313 nostra
327 272 541 311 humiliter
575 273 901 324 prosequentes.
944 266 1134 317 insigniti
1169 266 1251 304 sint
1284 264 1492 317 signiculo
1528 266 1676 302 sancte
1709 262 1862 307 crucis.
1905 263 2028 316 pauci
2062 266 2202 303 tamen
2237 266 2336 303 sunt

151 343 189 381 in
225 341 403 381 articulo
445 338 717 379 necessitatis
756 336 967 376 instantis.
1041 334 1120 374 Eia
1158 334 1315 373 milites
1357 332 1507 372 fideles
1548 330 1726 384 imperii,
1768 331 1941 385 arripite
1975 331 2181 371 velociter
2220 345 2338 371 arma.

152 410 382 449 christiane
415 407 577 448 militie.
611 406 709 459 quia
743 405 824 444 iam
860 403 1043 444 Romani
1077 401 1243 456 imperii
1277 401 1474 441 victrices
1508 400 1650 454 aquile
1684 398 1892 454 prodiere.
1947 398 2142 454 Duplicis
2166 399 2336 454 quidem

152 477 440 518 retributionis
472 475 671 515 donativa
708 473 950 528 percipiunt
983 472 1052 525 qui
1086 469 1328 511 celsitudini
1362 474 1505 509 nostre
1540 469 1582 507 in
1621 467 1840 522 proposito
1873 467 1999 507 huius
2033 472 2179 508 sancte
2214 480 2338 522 pere-

152 545 403 599 grinationis
437 544 659 585 assistunt.
693 543 790 597 quia
822 546 967 596 preter
999 540 1267 595 imperialem
1301 539 1483 593 gratiam
1518 537 1813 592 adipiscuntur
1844 536 2096 578 felicitatem
2131 543 2337 579 eternam.

152 614 359 660 Quocirca
393 612 664 651 universitati
699 615 839 650 vestre
873 623 950 664 per
983 608 1222 662 imperialia
1259 608 1419 662 scripta
1450 605 1716 651 mandamus,
1761 605 2034 646 obsecramus
2066 606 2108 646 in
2140 605 2340 655 Domino,

152 694 351 734 rogamus
385 687 425 719 et
459 680 677 720 hortamur
711 679 824 719 omni
867 677 1098 718 affectione
1132 690 1213 730 qua
1255 688 1484 730 possumus
1519 678 1772 725 exorantes,
1815 674 2014 729 quatinus
2047 675 2218 715 accensi
2250 675 2340 715 zelo

154 750 280 790 illius.
323 749 442 788 euius
485 762 639 803 sponsa
684 747 864 788 ecclesia
910 750 1046 786 mater
1079 749 1221 785 vestra
1253 745 1294 784 in
1329 758 1379 784 ea
1419 747 1531 784 terra
1567 742 1736 797 captiva
1777 742 2082 783 miserabiliter
2113 742 2342 793 detinetur,

153 819 394 859 recolentes
434 817 561 856 etiam
605 816 790 870 qualiter
830 828 854 855 a
895 814 1047 855 diebus
1080 813 1268 867 antiquis
1302 815 1345 852 et
1377 810 1734 865 generationibus
1773 811 2017 851 seculorum
2059 811 2342 866 imperatores

153 887 336 927 Romani
372 885 573 925 mundum
615 885 860 924 universum
902 896 977 923 sue
1011 880 1281 922 subdiderint
1312 879 1461 920 ditioni
1493 879 1653 920 auxilio
1695 893 1867 919 suorum
1900 879 2103 931 fidelium,
2144 880 2215 934 qui
2246 894 2341 921 cum

154 956 214 995 eis
249 968 382 1009 nsque
429 953 480 994 ad
521 953 774 994 effusionem
813 950 1034 1004 sanguinis
1079 949 1346 998 laborarunt,
1394 961 1478 988 non
1518 947 1737 1002 patiamini
1769 947 1811 987 in
1844 952 1987 988 nostro
2020 948 2089 1003 pio
2122 949 2342 1004 proposito

154 1038 230 1064 nos
265 1021 480 1063 confundi.
520 1023 649 1061 immo
690 1021 801 1060 sicut
839 1032 1043 1073 umquam
1075 1017 1216 1058 Deum
1250 1016 1427 1070 diligitis
1461 1022 1504 1057 et
1544 1016 1724 1070 gratiam
1755 1020 1946 1056 nostram
1980 1029 2123 1057 caram
2156 1017 2343 1069 habetis,

154 1093 206 1132 ad
245 1104 495 1131 succursum
528 1090 660 1129 Terre
695 1089 854 1129 Sancte
890 1101 964 1127 vos
1011 1087 1101 1127 sine
1143 1085 1345 1126 dilatione
1391 1099 1467 1139 pro
1508 1085 1698 1139 presenti
1744 1085 1945 1139 passagio
1979 1085 2157 1126 viriliter
2199 1087 2342 1127 accin-

154 1162 277 1212 gatis.
312 1160 495 1199 seientes
529 1158 640 1212 quod
680 1157 807 1197 nichil
841 1170 1041 1210 umquam
1075 1155 1217 1209 aliquo
1263 1159 1456 1208 tempore
1501 1153 1688 1207 possetis
1723 1153 1908 1203 efficere,
1949 1167 2026 1208 per
2058 1153 2171 1208 quod
2203 1155 2346 1196 taliter

155 1230 351 1270 omnibus
386 1228 507 1267 vobis
541 1232 583 1267 et
616 1226 795 1280 singulis
829 1225 1095 1279 imperialem
1130 1223 1370 1263 redderetis
1405 1221 1703 1263 celsitudinem
1738 1221 1988 1276 obligatam,
2026 1223 2212 1264 maxime
2247 1237 2342 1264 cum

155 1298 312 1338 inimici
347 1297 484 1337 crucis
517 1294 677 1335 Christi
711 1299 753 1335 et
791 1294 939 1334 hostes
972 1292 1154 1333 nominis
1188 1291 1410 1332 christiani
1455 1305 1530 1345 pre
1575 1291 1728 1331 timore
1760 1290 1894 1344 Regis
1929 1292 2101 1345 superni
2135 1295 2178 1332 et
2207 1305 2342 1333 mem-

155 1367 326 1407 brorum
362 1377 533 1404 suorum
575 1364 658 1404 iam
692 1361 815 1417 quasi
854 1365 986 1402 totam
1019 1374 1146 1415 quam
1187 1360 1404 1414 querimus
1446 1359 1688 1414 relinquant
1721 1359 1896 1399 Terram
1930 1359 2145 1401 Sanctam.
2207 1359 2346 1416 Super

156 1436 233 1475 hoe
272 1438 415 1473 autem
461 1433 587 1487 plene
631 1430 817 1473 credatis
863 1434 905 1471 et
944 1429 1178 1470 efficaciter
1215 1428 1430 1483 impleatis
1479 1442 1745 1482 quecumque
1788 1428 1907 1468 vobis
1951 1442 2004 1469 cx
2046 1432 2167 1484 parte
2199 1433 2348 1470 nostra

157 1503 410 1543 karissimus
444 1502 485 1541 in
520 1500 690 1541 Clu-isto
724 1503 846 1554 pater
878 1498 1169 1552 H(ugolinus)
1201 1497 1448 1537 Hostiensis
1482 1503 1524 1537 et
1546 1496 1834 1537 Velletrensis
1857 1497 2082 1552 episcopus
2107 1499 2346 1552 apostolice

156 1571 269 1612 sedis
303 1571 471 1624 legatus
495 1569 669 1610 duxerit
693 1567 986 1623 proponenda.
1021 1580 1147 1621 quem
1173 1566 1353 1620 speciali
1376 1565 1609 1620 diligentes
1633 1565 1805 1616 affectu,
1839 1570 1885 1606 ut
1906 1579 2134 1620 personam
2157 1571 2346 1608 nostram

157 1641 209 1681 ab
244 1639 439 1680 omnibus
474 1638 667 1678 volumus
702 1642 743 1677 et
776 1636 1035 1692 precipimus
1068 1635 1281 1676 honorari.

301 1708 400 1748 Dat.
437 1707 618 1747 Salerni.
654 1706 760 1746 IIII.
793 1705 854 1746 Id.
888 1704 1031 1755 Fcbn,
1063 1704 1297 1745 indictione
1330 1703 1478 1744 VIIII.

345 1852 417 1894 93.
457 1853 810 1895 ENOYFLIGA
842 1851 929 1893 AD
965 1851 1296 1893 CIVITATES
1326 1850 1752 1892 LOMBARDIAE
1778 1852 1862 1892 ET
1892 1852 2167 1896 TUSCIAE.

305 1935 501 1974 Stetimus
531 1948 581 1973 ea·
622 1934 655 1987 l)
688 1932 942 1985 autom-aph«)
973 1932 1177 1973 talmlarii
1207 1932 1312 1984 remi
1334 1932 1544 1981 Senensis,
1576 1931 2074 1985 Riformayioniwr.153
2103 1934 2185 1985 sdo,
2218 1934 2351 1975 tribus

159 2004 404 2045 otrctmcm'is
436 2006 607 2043 earo-ato
638 2006 675 2044 et
707 2003 788 2043 iam
821 2001 958 2054 salillo
990 2004 1164 2050 carente,
1196 2000 1305 2053 quod
1334 2000 1551 2052 descripsit
1581 1999 1735 2051 Pabst;
1768 2000 1809 2056 2)
1842 2000 2034 2054 Reyistro
2054 2002 2238 2044 Honorii
2258 2003 2348 2047 III.

160 2073 249 2122 III,
277 2073 344 2121 «520,
385 2071 453 2111 lib.
487 2070 530 2120 V,
560 2072 655 2120 443,
696 2071 804 2123 quod
834 2069 1151 2121 exemplandum
1189 2070 1350 2110 curavit
1380 2068 1527 2119 Perta·
1563 2069 1634 2110 ubet
1664 2069 2052 2112 Mediolanensibus
2082 2072 2256 2125 epistola
2285 2072 2352 2112 in-

159 2142 314 2195 scripta
346 2143 424 2181 est.-
457 2142 499 2194 3)
532 2139 706 2180 editione
738 2140 820 2180 viri
850 2139 888 2180 (Ζ.
914 2139 1051 2181 Saliee
1083 2138 1263 2179 ‘Annali
1297 2138 1520 2179 Tortonesi’
1545 2139 1639 2188 518,
1671 2152 1775 2190 quae
1806 2141 1961 2179 textum
1994 2139 2165 2190 praebet
2195 2140 2354 2181 mendis

159 2212 375 2249 scatentem
406 2211 442 2249 el
468 2208 578 2259 salso
612 2209 718 2248 anui
738 2222 908 2249 munero
929 2208 1212 2259 depravatomz.
1243 2233 1297 2236 -
1328 2207 1778 2249 Hamae-cl-Bre‘lzolles
1799 2207 1862 2258 ΙΙ,
1887 2209 1980 2249 126.
2030 2208 2225 2259 Bo'lzmer,
2253 2208 2352 2263 Rey.

162 2279 254 2330 imp.
290 2276 333 2325 V,
359 2278 481 2316 1:288.
1999 2275 2069 2329 (P.
2090 2279 2208 2332 247.)

303 2378 585 2419 Fredericusa
618 2380 861 2421 secundusb
896 2380 980 2421 Dei
1014 2381 1156 2435 gratia
1178 2380 1468 2421 Romanorum
1502 2380 1733 2434 imperator
1764 2379 1833 2421 etb
1866 2394 2037 2436 semper
2068 2384 2276 2435 augustus
2309 2384 2352 2422 et

162 2463 237 2490 rex
272 2448 416 2489 Sicilie
449 2448 617 2489 dilectis
651 2449 852 2490 fidelibus
887 2450 974 2490 suis
1009 2450 1217 2504 potestati
1251 2454 1293 2491 et
1325 2449 1481 2504 populo
1507 2448 1718 2490 Senensi⁰
1751 2449 1934 2503 gratiam
1968 2463 2089 2490 suam
2122 2453 2164 2490 et
2195 2449 2353 2490 bonam

163 2518 443 2558 voluntatem.

305 2585 538 2639 Postquam
590 2586 889 2626 universorum
923 2585 1133 2626 Dominus
1177 2590 1221 2626 et
1253 2589 1424 2627 creator
1465 2585 1692 2640 multiplici
1734 2585 1971 2626 hostilitate
2010 2585 2182 2627 devicta
2229 2586 2352 2628 nobis

161 2654 361 2708 dignatus
395 2660 460 2693 est
491 2654 634 2694 facere
667 2668 821 2695 nomen
856 2654 1018 2708 grande
1051 2655 1163 2695 ultra
1195 2668 1350 2695 nomen
1383 2667 1636 2708 magnorum
1669 2654 1739 2708 qui
1763 2658 1862 2694 sunt
1885 2654 1928 2694 in
1951 2658 2078 2706 terra,
2110 2655 2223 2695 inter
2243 2654 2354 2695 filios

163 2736 260 2762 suos
295 2736 368 2762 nos
404 2723 624 2763 enutriens
664 2716 1021 2778 multiplicatione
1065 2737 1345 2763 successuum
1389 2727 1441 2763 et.
1464 2723 1676 2773 exaltans,
1719 2722 1846 2763 decet
1883 2722 2158 2771 omnimodis,
2198 2727 2246 2763 ut
2277 2737 2353 2778 pro

165 2791 385 2831 immensis
418 2791 470 2831 ab
505 2805 555 2832 eo
582 2792 794 2846 susceptis
820 2791 1039 2832 beneficiis
1072 2806 1154 2832 non
1189 2792 1427 2832 existentes
1460 2792 1630 2845 ingrati,
1663 2792 1937 2846 prerogativa
1968 2791 2080 2841 fidei,
2105 2791 2353 2832 sinceritate

162 2858 403 2899 devotionis
454 2864 497 2900 et
545 2860 736 2900 caritatis
771 2860 923 2900 ardore
966 2874 1043 2900 nos
1085 2864 1128 2899 et
1168 2860 1394 2914 imperium
1437 2864 1630 2900 nostrum
1663 2860 1716 2907 ei,
1751 2861 1822 2914 qui
1861 2860 1962 2900 fecit
1994 2864 2176 2914 utraque
2207 2873 2352 2911 unum,

164 2928 263 2967 totis
298 2927 548 2968 studeamus
583 2928 743 2969 viribus
776 2929 1035 2983 propensius
1068 2928 1281 2969 inherere.
1345 2927 1548 2968 Sublimis
1581 2941 1764 2982 namque
1804 2928 1941 2968 honor
1972 2933 2014 2968 et
2046 2927 2232 2982 di‘gnitas
2264 2931 2353 2969 tam

162 2996 368 3048 precelsa.
413 3009 495 3049 qua
527 3010 603 3036 nos
646 2997 919 3051 omnipotens
952 2996 1163 3036 Dominus
1205 3000 1356 3037 eterna
1400 3010 1477 3037 sua
1518 2996 1789 3050 providentia
1828 2995 2115 3046 sublimavit‘l,
2160 2995 2354 3050 diligenti

165 3077 239 3102 nos
273 3064 374 3103 facit
408 3063 751 3105 consideratione
784 3065 1044 3119 perspicere.
1079 3068 1309 3118 quantam⁰v
1342 3065 1647 3105 contrahamus
1681 3064 1883 3105 creatoris
1907 3064 2129 3115 offensam,
2164 3064 2199 3104 si
2221 3064 2352 3105 bene-

165 3132 354 3171 ficiorum
388 3132 502 3171 illius
538 3132 692 3172 simusf
723 3134 891 3187 ingrati.
926 3133 978 3174 de
1013 3133 1132 3173 cuius
1166 3132 1480 3173 inextimabilig
1513 3133 1705 3174 bonitate
1739 3131 1883 3174 tantad
1915 3133 2179 3188 principatus
2202 3133 2353 3188 ampli-

164 3199 311 3240 tudine
346 3199 587 3241 dilatamur.
653 3200 989 3242 Considerantes
1024 3201 1154 3255 igitur
1187 3204 1230 3241 et
1261 3215 1345 3241 non
1378 3201 1500 3242 sineh
1531 3202 1720 3242 maxima
1753 3201 1893 3242 cordis
1917 3200 2201 3241 amaritudine
2233 3214 2353 3241 reco-

164 3267 318 3307 lentes.
355 3268 571 3308 civitatem
607 3274 649 3309 ct
672 3270 810 3309 locum
837 3274 1045 3320 sanetum,
1079 3269 1286 3323 templum
1313 3267 1562 3319 Salvatoris,
1594 3282 1861 3323 paganorum
1893 3268 2079 3309 dominio
2113 3273 2155 3309 et
2186 3268 2353 3323 Agare-

166 3349 313 3375 norum
348 3335 483 3375 subici
518 3338 738 3390 potestati.
771 3343 951 3378 matrem
987 3337 1215 3378 ecclesiam
1240 3350 1440 3391 sponsam
1466 3336 1625 3378 Christi
1649 3335 1778 3391 apudi
1810 3337 2007 3377 inimicos
2037 3336 2172 3377 crucis
2197 3334 2355 3376 Christi

166 3403 468 3443 miserabiliter
501 3406 693 3446 exulare.
728 3407 998 3461 sepulchrum
1025 3406 1197 3446 Domini
1230 3420 1324 3446 esse
1357 3421 1532 3461 prorsus
1566 3406 1806 3460 inglorium,
1841 3405 1953 3460 quod
1976 3405 2141 3446 solebat
2163 3406 2353 3446 existere

165 3471 412 3525 gloriosum.
458 3471 674 3513 doloribus
720 3475 938 3515 immensis
977 3474 1224 3527 affligimur.
1264 3475 1482 3528 replemur
1521 3474 1730 3528 angustiis
1768 3474 1859 3514 zelo
1901 3474 2037 3514 crucis
2080 3477 2123 3514 et
2163 3474 2354 3514 caritatis

300 3584 361 3617 93.
395 3590 425 3621 ³)
454 3587 643 3619 fridericus
668 3586 698 3619 2.
840 3587 872 3627 ¹¹)
898 3589 985 3620 deest
1011 3587 1042 3620 2.
1068 3588 1099 3620 3.
1219 3594 1248 3628 Ο)
1272 3589 1596 3621 Mediolanensi
1623 3587 1658 3627 *ἒς
1698 3588 1928 3621 'Perdonen
1940 3588 1972 3619 si
1999 3586 2030 3620 3.
2148 3585 2181 3627 d)
2208 3587 2297 3619 deest
2321 3586 2352 3619 3.

165 3646 194 3683 ρ)
220 3649 385 3683 quantum
412 3642 442 3674 ’2.
469 3644 500 3675 3.
618 3642 645 3685 s)
672 3656 789 3677 sumus
815 3644 846 3678 ’2.
873 3644 904 3678 3.
1022 3646 1053 3685 g)
1079 3646 1174 3677 inest.
1200 3644 1231 3677 2.
1258 3644 1288 3677 3.
1383 3643 1416 3686 ¹¹)
1443 3657 1509 3677 non
1535 3646 1608 3678 sine
1633 3645 1700 3678 des.
1720 3644 1749 3677 3.
1846 3643 1869 3684 i)
1897 3645 1988 3687 apud
2015 3663 2057 3667 -
2083 3644 2208 3676 Christi
2234 3645 2302 3677 cles.
2321 3643 2352 3677 3.

2379 893 2412 919 10

2381 1234 2412 1259 15

2384 1582 2418 1607 20

2387 2013 2419 2039 25

2388 2393 2422 2419 30

2389 2736 2422 2762 35

2389 3084 2424 3109 40

2391 3423 2422 3448 45
