2558 3970
641 142 880 178 FRIDERIC!
909 144 955 178 ll.
980 144 1411 184 coNs'rl'l‘Wl'IONPIS.
1465 151 1560 184 1229.
1612 151 1673 185 Nr.
1696 153 1769 186 12²2.
1800 154 1871 186 123.
2276 159 2348 195 107

1291 271 1423 306 totum
1450 272 1491 306 et
1524 267 1584 306 si«-
1618 267 1739 307 limes
1764 269 1855 308 cius
1881 269 2086 323 principio
2109 286 2152 309 se
2177 270 2347 325 adaptet

1292 334 1331 373 iu
1376 334 1566 384 gaudiis.
1616 344 1660 375 ut
1700 337 1885 387 regalem
1926 337 2111 377 animum
2148 353 2220 393 pro
2257 347 2350 378 voto

1295 402 1491 444 letificet.
1535 403 1586 443 ad
1633 405 1940 444 irwrvmeutum
1977 406 2116 446 leticie
2149 415 2186 447 et
2224 409 2351 447 tutius

1293 470 1441 521 gaudii
1466 471 1748 525 precedentis.
1784 473 1970 513 amicitie
1995 484 2134 515 vestre
2159 477 2350 530 cupimus

95 544 110 569 5
1291 553 1387 579 esse
1412 547 1572 581 uotum.
1607 541 1718 595 quod
1745 541 1946 581 soldanus
1971 542 2182 596 produ-tus
2205 558 2351 583 (nunes

1289 607 1484 661 captivos
1519 609 1626 651 illos,
1660 623 1766 663 quos
1790 610 2023 650 secuudum
2050 620 2216 665 partum
2243 613 2352 653 inu-1·

1288 676 1546 716 christianos
1571 684 1613 717 et
1638 678 1772 732 ipsum
1801 678 1988 718 habitum
2010 687 2198 734 tempore
2217 696 2344 735 quou-

1289 744 1384 785 dam
1411 744 1578 799 perdite
1606 746 1804 786 llamiate
1831 761 1911 786 uon
1946 747 2141 790 reddidit.
2166 757 2203 787 vt
2230 750 2349 788 alius.

1289 814 1360 867 qui
1395 820 1545 868 postca
1578 815 1691 869 capti
1735 816 1925 856 fuerunt.
1972 816 2196 856 restitui-re
2232 818 2350 856 uobis

79 889 110 914 ιο
1289 881 1420 922 ‹lebet
1453 896 1615 922 onmes.

1378 950 1491 991 Data
1516 949 1630 1005 apud
1654 950 1871 992 civitatem
1893 960 2082 993 sanetum
2108 953 2350 994 lerusalem.

1288 1019 1451 1061 XVIU
1499 1018 1567 1059 ‹lie
1617 1020 1775 1060 mensis
1828 1020 1965 1061 Martii
2019 1036 2128 1061 :iuno
2181 1021 2350 1062 homiui

1290 1087 1655 1130 Mcexxvllll.

216 1245 316 1289 123.
358 1246 662 1289 EPISTULA
703 1247 1027 1289 MAGISTRI
1060 1247 1279 1292 DOMUS
1322 1248 1820 1290 1'12'UJ‘0NJ(J‹)J:Iul
1851 1248 1936 1289 ΑΙ)
1976 1250 2287 1302 ‹gl'la'leJl

80 1331 111 1356 ιε
897 1317 1169 1360 AMICUM.
1222 1320 1331 1370 (post
1367 1318 1496 1358 illtcrl.
1529 1320 1610 1367 ΙΙΙ.)

298 1399 542 1454 Eas-scripsit
572 1399 697 1441 Perta
727 1415 747 1440 c
777 1399 970 1452 Rcyislro
1005 1400 1201 1453 Grcyorii
1222 1400 1304 1442 IX.
1330 1400 1402 1441 rol.
1428 1400 1461 1449 I,
1489 1400 1568 1454 fol.
1594 1402 1674 1440 121
1707 1399 1776 1441 lib.
1803 1400 2005 1448 Ill,:.1.';¹.
2040 1425 2083 1427 -ν
2126 1399 2348 1439 ΙΙηὶΙΙιινιΙ-

150 1468 372 1512 ΒνὲΙιυῖίσδ
404 1468 497 1519 ΙΙΙ,
523 1469 590 1511 99.
652 1468 847 1519 Bolmwr,
881 1468 981 1522 Ray.
1017 1469 1112 1523 imp.
1146 1468 1190 1519 V,
1218 1472 1338 1509 1731).
1998 1467 2208 1511 (lif-1151.)

295 1583 448 1625 Frater
480 1583 802 1638 H(er111annus)
836 1584 1082 1640 Hospitalis
1123 1590 1272 1625 sancte
1308 1583 1443 1625 Mario
1486 1583 1639 1624 domus
1672 1582 2007 1623 'Feutonieorum
2045 1584 2082 1622 in
2121 1582 2349 1623 lerusalem

150 1653 351 1695 minister
384 1653 556 1695 humilis
589 1654 883 1696 reverentiam
917 1653 1109 1695 debitam
1143 1658 1186 1695 et
1219 1653 1433 1695 devotam.

77 1731 111 1758 2⁰
292 1721 475 1764 Noverit
507 1721 710 1764 diseretio
744 1727 904 1774 vestra,
938 1722 1051 1778 quod
1075 1722 1277 1764 dominus
1301 1723 1536 1777 imperator
1559 1735 1654 1762 eum
1679 1721 1880 1762 universo
1904 1720 2099 1761 exercitu
2123 1720 2352 1761 christian«,

149 1792 268 1834 venit
311 1792 549 1833 Ierusalem
598 1792 668 1834 die
717 1792 888 1834 sabbati
931 1791 1076 1833 XVII.
1112 1792 1255 1833 Martii
1301 1796 1343 1833 et
1391 1790 1460 1832 die
1499 1790 1714 1831 dominico
1764 1790 1959 1844 sequenti
2001 1790 2055 1830 ibi
2106 1790 2143 1843 in
2194 1789 2351 1829 honor*-

146 1861 282 1916 Regis
326 1861 463 1903 eterni
511 1862 698 1916 portavit
744 1876 962 1903 eoronam.
1040 1861 1294 1902 Consultum
1341 1861 1468 1902 etiam
1510 1860 1591 1900 fuit
1633 1860 1671 1900 ei
1713 1875 1735 1899 a
1777 1860 1936 1899 multis.
1987 1866 2031 1899 ut
2076 1858 2231 1899 ibidem
2268 1859 2346 1898 sibi

146 1931 313 1972 faceret
347 1930 540 1972 divinum
575 1931 761 1972 officium
796 1931 1022 1976 celebrari,
1057 1946 1111 1972 ex
1146 1945 1229 1986 quo
1267 1935 1424 1971 terram
1459 1929 1574 1970 illam
1610 1929 1662 1970 (lc
1697 1929 1893 1969 manibus
1918 1928 2174 1968 liberavemt
2200 1930 2346 1967 Saria-

147 2013 369 2050 cenorum,
416 2006 592 2055 propter
631 2014 758 2056 quam
805 2000 1265 2042 excommunicationis
1306 2004 1400 2040 erat
1433 1998 1612 2040 vinculis
1659 1997 1901 2038 innodatus.
1965 1996 2052 2036 Nos
2087 2011 2207 2036 vero.
2243 1997 2347 2035 sic-ut

78 2085 111 2111 25
150 2070 222 2111 ille
255 2070 327 2125 qui
357 2069 562 2111 honorem
597 2070 782 2112 ecclesie
818 2075 861 2112 et
894 2070 1065 2126 imperii
1099 2070 1243 2124 diligit
1275 2069 1576 2127 etuti-iusque
1609 2067 1862 2108 exaltationi
1889 2066 2081 2107 intendit.
2118 2066 2351 2105 restitimus

149 2138 327 2180 consilio
371 2144 633 2191 memorato,
681 2139 780 2194 quia
825 2153 906 2181 nee
951 2139 1139 2181 ecclesie
1180 2151 1321 2193 neque
1366 2137 1446 2178 sibi
1484 2136 1670 2177 vidimus
1714 2135 1930 2191 expedire.
2001 2134 2055 2175 Et
2093 2135 2150 2175 sic
2192 2135 2231 2174 in
2274 2134 2350 2173 ho«-

148 2209 308 2250 nostris
340 2209 531 2250 consiliis
565 2209 863 2264 acquiescen8‚
898 2223 983 2250 non
1016 2207 1181 2250 audivit
1213 2207 1374 2258 divina,
1408 2211 1553 2247 tamen
1578 2219 1779 2247 coronam
1811 2204 2061 2259 simpliciter
2085 2204 2174 2244 sine
2199 2218 2349 2243 couse-

149 2278 340 2320 eratione
383 2277 437 2319 de
478 2278 603 2319 altari
641 2278 808 2333 aceepit
853 2283 896 2320 et
940 2278 983 2318 in
1017 2277 1187 2327 sedem,
1231 2277 1341 2317 sicut
1374 2281 1440 2316 est
1473 2279 1747 2322 consuetum,
1793 2274 1989 2328 portavit.
2055 2272 2150 2327 Ipso
2183 2286 2350 2326 quoque

149 2347 219 2389 die
261 2348 536 2404 presentibus
575 2348 887 2390 Panormitano
935 2352 977 2388 et
1022 2348 1229 2402 Capuano
1276 2344 1609 2399 archiepiscopis
1653 2343 1835 2397 aliisque
1881 2342 2021 2382 multis
2065 2341 2348 2395 umguatibus.

81 2433 115 2459 ³0
152 2416 360 2459 divitibus
392 2431 563 2473 quoque
604 2431 654 2458 ae
692 2417 976 2473 pauperibus,
1020 2415 1247 2471 proposuit
1279 2428 1420 2455 eoram
1455 2412 1652 2453 omnibus
1687 2412 1913 2452 manifeste
1947 2410 2075 2451 verba
2110 2410 2348 2464 subscripta

149 2489 193 2527 et
231 2485 356 2527 nobis
396 2487 632 2538 iniuncxit,
664 2491 712 2527 ut
743 2486 878 2527 verba
917 2499 995 2526 sua
1026 2485 1132 2540 ipsis
1164 2484 1320 2525 Latine
1354 2488 1396 2524 et
1428 2481 1697 2522 Theutonice
1731 2493 2062 2535 exponeremus.
2124 2479 2170 2519 In
2208 2479 2350 2533 primis

149 2555 296 2610 itaque
334 2555 575 2611 proposuit:
617 2555 832 2611 quomodo
877 2567 1049 2596 crucem
1093 2552 1208 2608 apud
1241 2552 1564 2607 Aquisgranum
1605 2550 1840 2604 assumpsit
1878 2553 1920 2589 et
1951 2547 2164 2603 quomodo
2205 2547 2348 2600 sepius

151 2624 206 2666 ab
239 2624 428 2666 ecelesia
460 2625 691 2666 terminum
725 2629 768 2666 et
806 2623 995 2665 indutias
1028 2620 1339 2663 transfretandi
1373 2620 1499 2676 petiit
1532 2624 1575 2660 et
1616 2618 1862 2674 impetravit
1896 2631 2077 2671 seseque
2113 2615 2346 2656 excusavit.

152 2693 338 2749 qualiter
368 2693 503 2735 ardua
536 2695 709 2749 negotia
741 2694 887 2749 sepius
921 2692 1207 2748 impedierunt
1240 2690 1509 2746 propositum
1544 2693 1586 2730 et
1609 2689 1691 2729 iter
1714 2701 1851 2728 suum.
1908 2687 2107 2727 l'reterea
2133 2685 2346 2725 dominum

82 2779 114 2806 35
151 2763 434 2818 apostolicum
474 2768 521 2805 et
561 2747 790 2805 ecelesiam
830 2763 872 2803 in
915 2762 1060 2803 multis
1094 2775 1238 2801 eoram
1279 2759 1478 2801 omnibus
1511 2757 1757 2801 excusavit,
1803 2772 1852 2796 eo
1887 2755 1998 2810 quod
2033 2755 2208 2794 multum
2243 2753 2346 2793 (lure

153 2831 392 2887 obligasset
425 2845 523 2873 eum
556 2831 610 2874 ad
643 2830 1008 2873 transfretandum
1044 2835 1087 2871 et
1119 2829 1233 2884 quod
1266 2833 1419 2884 postea
1452 2826 1768 2868 denuntiaverit
1804 2838 1914 2865 eum.
1947 2824 2044 2878 quia
2079 2837 2157 2862 non
2183 2827 2346 2876 poterat

152 2901 278 2942 aliter
323 2901 437 2957 apud
482 2901 679 2943 homines
725 2900 1022 2956 blasphemias
1069 2903 1113 2940 et
1158 2898 1379 2939 infamiam
1423 2897 1607 2946 evitare,
1656 2900 1699 2935 ct
1739 2893 1850 2949 quod
1895 2898 2043 2947 postca
2084 2891 2194 2931 ultra
2233 2904 2347 2929 mare

155 2970 388 3025 scripserat
419 2974 570 3012 eontra
603 2984 715 3021 eum,
750 2970 851 3025 quia
882 2968 1043 3010 dictum
1075 2969 1232 3018 fuerat,
1267 2965 1381 3021 quod
1413 2966 1507 3021 ipse
1541 2978 1625 3005 non
1660 2961 2014 3004 transfretaverat
2046 2967 2110 3001 set
2142 2960 2273 2999 iverat
2296 2956 2347 2997 :id

155 3039 263 3080 alias
296 3043 441 3094 partes
474 3053 550 3096 pro
585 3037 891 3094 congregando
925 3037 1120 3079 exercitu
1154 3040 1303 3077 eontra
1336 3034 1587 3076 eeclesiam:
1621 3032 1720 3087 quia
1743 3032 1775 3071 si
1799 3031 1995 3071 ‹lominus
2021 3043 2131 3084 papa
2154 3028 2347 3068 scivisset

86 3123 121 3149 40
157 3107 440 3149 intentionem
475 3109 589 3159 eius,
623 3122 708 3150 non
742 3112 890 3149 eontra
923 3110 989 3147 set
1020 3120 1096 3160 pro
1129 3105 1222 3160 ipso
1257 3103 1523 3158 scripsisset:
1557 3107 1599 3142 et
1632 3100 1854 3142 credebat.
1890 3099 2001 3153 quod
2036 3097 2207 3137 domino
2241 3112 2348 3151 pape

158 3175 441 3232 displicerent
472 3178 723 3232 gravamina
754 3191 836 3231 que
871 3176 909 3217 ei
941 3175 1061 3216 illata
1093 3175 1267 3215 fuerant
1299 3187 1323 3213 a
1356 3170 1611 3227 quibusdam
1644 3170 1684 3210 in
1719 3168 1911 3224 partibus
1936 3166 2235 3207 ultramarinis.
2270 3179 2349 3219 que

157 3249 397 3287 nocuerunt
427 3246 506 3287 toti
537 3246 698 3302 populo
732 3245 983 3287 christiano.
1045 3243 1156 3284 Item
1188 3241 1407 3297 exposuit,
1451 3240 1561 3280 sieut
1594 3245 1636 3280 et
1667 3243 1766 3278 ante
1801 3237 1926 3290 longe
1960 3240 2243 3290 proposuerat
2275 3234 2348 3273 toti

160 3314 370 3355 exercitui
400 3314 648 3365 christiano,
681 3314 794 3370 quod
818 3328 897 3369 pro
932 3311 1122 3354 sedanda
1155 3310 1382 3356 discordia,
1416 3322 1496 3363 que
1530 3308 1641 3348 inter
1673 3306 1899 3347 ecclesiam
1925 3309 1967 3344 et
1996 3304 2134 3358 ipsum
2161 3301 2348 3341 vertitur.

159 3382 293 3424 vellet
325 3397 376 3423 ea
407 3382 566 3435 faeere,
599 3397 682 3438 que
716 3383 766 3424 ad
801 3383 1009 3424 honorem
1033 3381 1116 3422 Dei
1150 3385 1192 3421 et
1224 3379 1406 3420 ecclesie
1428 3390 1596 3418 necnon
1622 3379 1663 3415 et
1686 3374 1850 3429 imperii
1873 3372 2118 3413 viderentur
2140 3375 2349 3424 spectare.

85 3466 117 3492 45
162 3454 206 3492 et
235 3454 404 3492 tantum
437 3455 556 3493 stare
588 3466 666 3507 pro
699 3451 932 3493 eoncordia
963 3449 1178 3500 facienda,
1213 3447 1325 3503 quod
1360 3445 1584 3488 evidenter
1615 3448 1856 3499 appareret,
1889 3439 2002 3496 quod
2035 3454 2089 3480 ex
2122 3443 2240 3493 parte
2276 3450 2350 3475 sua

161 3516 279 3561 nullo
311 3520 436 3561 modo
470 3525 737 3570 remaneret:
771 3525 813 3562 et
844 3521 878 3561 si
912 3534 996 3575 qua
1028 3521 1281 3574 gravamina
1313 3531 1390 3571 per
1421 3516 1559 3570 ipsum
1594 3513 1660 3553 vel
1693 3526 1792 3553 suos
1825 3509 2007 3552 ecclesie
2041 3512 2187 3549 essent
2220 3505 2347 3545 illata.

296 3610 382 3647 1⁶22.
415 3612 446 3655 ⁰)
471 3614 518 3646 sic
539 3592 724 3656 perperam
742 3625 811 3655 pro
836 3614 962 3645 XVIII.
987 3611 1019 3645 5.

296 3691 331 3737 1)
358 3690 411 3733 ΟΥ.
437 3690 644 3737 Rodenberq
667 3691 698 3735 Ι,
723 3701 780 3725 nr.
798 3694 875 3726 383.

2376 1786 2451 1811 xlm.
2471 1790 2497 1812 ιῖ

2376 1821 2451 1847 xllll.
2471 1826 2508 1847 l&
