2558 3970
74 912 106 938 10

75 1257 107 1284 15

73 1952 105 1979 25

74 2298 108 2324 30

72 2644 104 2670 35

701 157 910 192 ΟΤΤΟΝΙῠΙ
938 159 997 192 IV.
1025 159 1455 196 CONSTl'I‘UTlONES.
1508 164 1606 198 1:2⁰9.
1658 165 1792 199 N1·.31.
2289 173 2339 210 37

142 287 309 316 omnem
352 272 656 318 obedientiam,
699 272 1073 315 honorificentiam
1119 281 1160 315 ct
1203 278 1489 317 reverentiam
1532 292 1702 332 semper
1743 279 1888 320 humili
1933 281 2060 321 cordo
2104 297 2152 322 ac
2188 282 2341 323 ‹lvx-‹m›

142 343 295 400 spiritu
334 341 650 398 impendemus,
693 355 820 397 quam
860 342 1194 397 predecessores
1234 346 1367 385 nostri
1403 360 1526 396 reges
1561 353 1603 386 et
1643 349 1923 402 imperatores
1957 350 2152 391 catholici
2189 354 2342 392 vostris

143 411 491 454 antecessoribus
525 409 785 466 impendisse
819 415 1067 454 noscuntur.
1102 412 1230 452 nichil
1265 427 1318 452 cx
1354 413 1434 453 liiis
1463 414 1660 454 volentes
1685 416 1876 459 diminui.
1911 418 1984 458 scd
2013 420 2147 470 magis
2181 422 2342 473 angori.

142 486 189 524 ut
219 485 369 522 nostra
400 479 571 521 devotio
606 480 762 520 clarius
796 480 1022 520 enitescat.
1143 480 1207 534 (2‘)
1246 481 1369 521 lllum
1406 483 1535 535 igitur
1559 484 1733 524 abolere
1760 486 1956 526 volcntcs
1988 488 2183 529 alius-um.
2219 503 2342 542 quem

142 550 356 592 interdum
396 548 568 604 quidam
606 548 964 604 predecessorum
1004 554 1244 589 nostrorum
1288 552 1536 591 exercuisse
1576 552 1776 593 (licuntur
1810 555 1849 594 in
1885 556 2166 597 chia-tionibus
2203 560 2341 612 prela-

140 626 302 666 torum,
354 618 630 660 concedimus
676 622 719 659 et
756 619 1014 665 sanctimus,
1061 623 1108 658 ut
1146 618 1382 659 electiones
1418 620 1680 674 prelatorum
1718 623 1850 663 libor«—
1892 640 1940 664 ιιι·
1982 627 2184 666 canonice
2228 628 2343 669 fiant.

141 689 341 745 quatinus
383 688 453 729 ille
492 687 736 743 prefitiatur
773 687 955 737 ecclesie
997 687 1167 737 viduate
1211 701 1336 742 quem
1385 693 1521 728 totum
1563 691 1796 744 capitulum
1840 693 1904 732 vcl
1948 695 2080 734 iunior
2120 701 2162 734 ct
2204 696 2346 735 sanim·

139 773 239 815 pars
282 758 415 813 ipsius
457 757 632 797 duxerit
679 755 950 810 eligendum,
1001 755 1100 796 dum
1146 756 1273 797 modo
1321 757 1451 797 nicl1il
1488 759 1526 797 ci
1572 759 1717 799 obi-itctv
1763 760 1814 799 dc
1859 763 2075 802 canonicis·
2126 764 2344 805 institutis.

141 826 204 883 (3)
238 827 569 883 Appellationes
605 830 749 866 autem
784 825 826 865 in
859 826 1050 879 negociis
1085 831 1127 865 et
1159 826 1301 866 causis
1326 826 1631 875 ecclesiasticis
1654 828 1706 868 ad
1731 831 2012 884 apostolicam
2039 832 2184 872 sedem
2211 834 2345 873 libers·

141 896 246 938 fiant
278 908 513 950 eorumque
552 895 901 950 prosecutionem
937 894 1027 935 sive
1065 908 1315 949 processum
1351 895 1493 936 nullus
1527 897 1736 951 impedire
1771 909 2004 953 presumat.
2127 903 2188 945 (Ἅι)
2222 902 2344 942 illum

140 980 311 1022 quoque
345 964 599 1006 dimittimus
634 968 677 1005 et
709 963 949 1004 refutamus
985 963 1182 1014 abusum,
1217 978 1344 1019 quem
1379 965 1420 1005 in
1445 966 1706 1020 occupandis
1731 966 1854 1007 bonis
1879 968 2180 1010 decedentium
2207 972 2345 1026 prela-

138 1039 279 1078 torum
319 1039 394 1076 aut
432 1035 563 1076 etiam
603 1033 883 1085 ecclesiarum
918 1034 1164 1074 vacantium
1205 1034 1340 1075 nostri
1384 1042 1705 1076 consueverunt
1744 1044 2043 1078 antecessores
2083 1041 2346 1081 committere

140 1119 218 1162 pro
250 1110 373 1147 motu
405 1104 575 1160 proprie
598 1103 846 1144 voluntatis.
910 1101 1067 1143 Omnia
1099 1117 1201 1144 vero
1236 1103 1477 1159 spiritualia
1501 1104 1621 1145 vobis
1656 1110 1698 1146 et
1731 1106 1825 1146 aliis
1859 1107 2135 1156 ecclesiarum
2172 1110 2348 1163 prelatis

142 1173 426 1228 relinquimus
464 1172 600 1214 libere
634 1170 917 1227 disponenda,
960 1176 1006 1212 ut
1038 1186 1118 1227 que
1158 1176 1257 1213 sunt
1295 1174 1456 1214 cesaris
1490 1175 1626 1214 cesari
1673 1180 1715 1215 ct
1748 1189 1827 1229 que.
1861 1182 1959 1216 sunt
1992 1176 2072 1217 Dei
2111 1177 2200 1217 Deo
2236 1186 2349 1218 rocta

143 1242 446 1285 distributione
478 1241 728 1284 reddantur.
849 1240 910 1295 (5)
946 1240 1089 1296 Super
1122 1241 1381 1283 eradicando
1406 1250 1549 1283 autem
1584 1244 1772 1294 heretice
1804 1246 2030 1299 pravitatis
2056 1260 2200 1286 errore
2225 1248 2345 1287 auxi-

137 1312 240 1354 lium
274 1311 473 1353 dabimus
514 1315 557 1353 et
596 1324 774 1366 operam
808 1309 1046 1351 efficacem.
1167 1310 1229 1365 (6)
1263 1317 1520 1353 Possessiones
1555 1313 1699 1354 ctiam.
1733 1331 1827 1363 quas
1860 1321 2015 1367 ecclesia
2051 1321 2214 1356 Romana
2250 1335 2347 1356 rccu-

137 1387 296 1434 peravit,
340 1381 394 1422 ab
433 1379 780 1422 antecessoribus
820 1379 976 1420 nostris
1015 1393 1092 1421 seu
1125 1379 1395 1434 quibuslibet
1436 1382 1530 1422 aliis
1572 1388 1671 1422 ante
1708 1381 1920 1426 detentas.
1965 1390 2099 1424 liba-ras
2134 1394 2169 1425 et
2203 1391 2349 1435 quit-tas

139 1457 210 1492 sibi
247 1456 472 1492 dimittimus
519 1458 558 1491 et
595 1455 716 1501 ipsam
758 1455 804 1489 ad
849 1466 912 1489 eas
958 1454 1193 1490 rettinendas
1240 1455 1338 1490 bona
1376 1456 1446 1491 fide
1495 1451 1782 1505 p1·‹·›1nitti1nus
1823 1453 2041 1494 adiuvare.
2113 1460 2209 1501 Quas
2251 1469 2349 1495 vcro

138 1526 305 1563 nondum
336 1524 585 1571 recuperavit,
618 1524 665 1559 ad
696 1523 993 1569 recuperandum
1015 1531 1092 1573 pro
1118 1518 1277 1559 viribus
1301 1520 1461 1560 erimus
1487 1519 1729 1562 adiutores:
1764 1528 1805 1561 ct
1829 1535 2097 1577 quecumque
2123 1523 2174 1563 ad
2200 1538 2348 1564 manus

142 1594 312 1632 nostras
354 1588 596 1641 devenient,
641 1588 732 1629 sine
774 1587 1027 1628 difficultate
1063 1588 1100 1628 ei
1145 1589 1374 1629 restituere
1416 1594 1676 1643 satagemus.
1745 1597 1801 1631 Ad
1839 1597 1904 1631 has
1943 1598 2104 1642 pertinet
2139 1601 2217 1633 totu
2252 1603 2346 1633 tm-rn

139 1677 212 1714 que
257 1668 315 1701 est
351 1663 373 1696 a
412 1663 646 1699 Radicofano
686 1674 804 1707 usque
851 1656 904 1697 ad
943 1661 1186 1708 Cepemnum,
1233 1664 1400 1698 marchia
1439 1658 1727 1705 Anconitana,
1774 1666 1930 1701 ducatus
1972 1667 2206 1712 spoletanus,
2251 1671 2347 1702 tvm-21

139 1734 329 1783 comitisse
361 1733 567 1777 Mahtildis‚
610 1732 812 1768 comitatus
844 1732 1079 1771 Brittenorii.
1124 1733 1348 1768 exarchatus
1381 1733 1569 1781 Bar-enne,
1612 1734 1829 1780 Pentapolis
1862 1749 1943 1771 cuni
1977 1737 2060 1771 aliis
2093 1737 2350 1772 adiacentibus

139 1804 250 1840 terris
283 1803 468 1850 expressis
500 1803 540 1838 in
571 1802 701 1838 multis
732 1801 943 1847 privilegiis
975 1801 1246 1846 imperatorum
1278 1802 1320 1836 et
1355 1810 1503 1850 regum
1531 1801 1551 1834 ίι
1579 1805 1747 1848 tempore
1781 1804 1967 1846 Lodvvici,
2010 1804 2055 1840 ut
2088 1815 2160 1840 cas
2195 1801 2351 1841 habeat

140 1867 337 1910 Romana
367 1867 552 1918 ecclesia
583 1867 626 1907 in
658 1869 931 1922 perpetuum,
972 1883 1056 1905 cum
1088 1871 1188 1906 omni
1221 1871 1470 1914 iurisditione,
1509 1872 1684 1908 districtu
1717 1876 1754 1907 ct
1786 1874 1927 1909 honore
1961 1888 2038 1912 suo.
2095 1875 2347 1910 Veruntamen

142 1955 226 1980 cum
262 1944 310 1978 ad
349 1943 604 1989 recipiendum
644 1953 821 1977 eoronam
860 1940 1009 1986 imperii
1047 1941 1105 1975 vel
1146 1953 1213 1986 pro
1246 1942 1535 1977 necessitatibus
1578 1942 1734 1990 ecclesie
1767 1943 1814 1977 ab
1846 1943 2081 1987 apostolicaa
2113 1945 2197 1979 sede
2232 1945 2352 1980 vocati

141 2008 404 2058 venerimus,
437 2012 482 2048 de
504 2011 683 2047 mandato
704 2010 839 2046 summi
861 2011 1050 2056 pontificis
1073 2011 1296 2056 recipiemus
1329 2011 1613 2056 procurationes
1647 2007 1736 2046 sive
1761 2005 1927 2046 fodrum
1950 2012 1996 2046 ab
2020 2012 2104 2048 illis.
2196 2008 2258 2061 (7¹)
2283 2013 2353 2047 Ad-

140 2082 283 2118 iutores
315 2082 431 2118 etiam
462 2081 600 2118 erimus
631 2081 678 2116 ad
709 2080 967 2116 rettinendum
1000 2083 1038 2116 et
1075 2081 1351 2116 defendendum
1384 2081 1540 2128 ecclesie
1573 2080 1742 2128 Romane
1782 2093 1937 2125 regnum
1971 2081 2096 2128 Sicilie
2129 2090 2177 2115 ac
2212 2082 2356 2115 cetera

141 2146 236 2187 iura
267 2159 348 2201 que
378 2145 431 2187 ad
464 2159 559 2186 eam
601 2145 821 2201 pertinere
862 2149 1116 2196 noscuntur,
1159 2149 1377 2199 tamquam
1412 2144 1596 2185 devotus
1637 2145 1748 2185 filius
1782 2150 1824 2185 et
1863 2144 2103 2185 catholicus
2136 2145 2349 2199 princeps

142 2213 208 2271 (8)
240 2214 301 2256 Ut
334 2218 478 2256 autem
511 2214 592 2256 hec
627 2214 771 2255 omnia
802 2218 1039 2255 memorato
1075 2213 1347 2254 sanctissimo
1387 2214 1498 2268 patri
1531 2218 1677 2254 nostro
1711 2213 1882 2254 domino
1916 2213 2171 2254 Innocentio
2207 2227 2350 2253 sacro-

144 2287 291 2334 sancte
335 2283 532 2325 Romane
580 2282 761 2334 ecclesie
809 2296 975 2324 summo
1023 2282 1218 2338 pontifici
1269 2283 1449 2337 eiusque
1492 2282 1816 2324 successoribus
1858 2295 1933 2337 per
1983 2296 2059 2322 nos
2102 2288 2145 2322 et
2185 2288 2355 2322 nostros

142 2366 414 2395 successores
463 2353 755 2394 Romanorum
804 2352 1092 2408 imperatores
1141 2358 1185 2392 et
1237 2365 1364 2407 reges
1414 2351 1703 2393 observentur
1749 2352 1956 2406 firmaque
2005 2356 2046 2391 ct
2097 2351 2349 2391 inconvulsa

141 2436 315 2478 semper
356 2426 652 2478 permaneant,
696 2435 877 2477 presens
922 2421 1080 2463 exinde
1122 2422 1395 2477 privilegium
1440 2422 1729 2476 conscriptum
1774 2421 2012 2461 maiestatis
2047 2426 2190 2469 nostre
2222 2434 2350 2460 aurea

141 2491 261 2533 bulla
292 2492 498 2533 iussimus
532 2491 804 2533 communiri.

283 2565 302 2617 ξ
334 2560 536 2602 Sionumb
570 2559 732 2601 domini
765 2558 938 2601 Ottonis
972 2560 1114 2615 quarti
1145 2559 1440 2600 Romanorum
1474 2559 1613 2600 reeisb
1648 2558 1970 2611 invictissimi}
2017 2558 2114 2612 (M.)

286 2629 382 2684 Ego
414 2627 432 2682 Ξ
464 2628 690 2671 Conradus
718 2630 737 2684 ἴς
769 2628 990 2684 Spirensis
1025 2629 1257 2685 episcopus
1288 2628 1380 2669 vice
1411 2627 1573 2669 domini
1598 2627 1744 2668 Sifridi
1770 2627 2013 2682 Maguntini
2037 2627 2349 2681 archiepiscopi

139 2703 184 2741 et
215 2699 356 2741 tocius
391 2698 624 2749 Germanie
658 2697 1049 2748 archicancellarii,
1083 2698 1241 2753 regalis
1275 2697 1369 2747 aule
1401 2697 1705 2747 cancellarius,
1740 2697 1988 2751 recognovi.

282 2769 396 2809 Acta
435 2773 535 2809 sunt
575 2768 656 2809 hec
700 2781 813 2809 anno
857 2767 1066 2818 dominice
1108 2767 1416 2808 incarnationis
1456 2767 1684 2807 millesimo
1719 2764 1945 2813 CCVIIII,
1995 2764 2215 2805 indiction.
2249 2763 2350 2807 ΧΗ,

138 2841 350 2893 regnante
383 2837 558 2878 domino
592 2836 751 2878 Ottone
784 2841 938 2892 quarto
971 2836 1266 2878 Romanorum
1298 2850 1402 2891 rege
1435 2836 1641 2890 glorioso.
1675 2849 1788 2875 anno
1823 2835 1943 2888 regni
1979 2834 2069 2874 eius
2102 2833 2348 2873 undecimo.

285 2907 446 2948 Datum
480 2907 594 2962 apud
629 2907 799 2963 Spiram
832 2905 912 2947 XI.
947 2905 1174 2947 Kalendas
1208 2906 1384 2960 Aprilis,

276 3045 340 3081 31.
366 3047 397 3089 a)
424 3059 512 3081 corr.
540 3059 580 3081 em
605 3049 791 3092 spostolica
816 3060 866 3081 or.
985 3044 1018 3089 b)
1046 3046 1093 3078 sic
1119 3058 1167 3079 ον.
