2558 3970
108 951 139 973 ln

109 1638 142 1663 20

112 1988 144 2014 25

111 2333 144 2358 30

115 2677 147 2703 35

116 3029 150 3054 40

119 3375 152 3400 45

310 194 494 229 URBANI
514 194 574 228 IV.
594 194 741 229 EPIST.
762 194 822 227 DE
846 192 1226 227 CONDl'l'umlssUs
1245 192 1434 226 ‹aarum›
1456 193 1621 226 s'oMl'rl
1648 193 1909 226 FAt'llGNlllS.
1953 195 2047 227 1263.
2090 194 2238 227 N1·.4·23.
2292 197 2370 232 557

174 309 325 350 eedule
366 309 436 364 qui
479 309 567 349 sic¹¹
600 309 748 365 incipit
787 309 849 349 ‘In
894 313 1018 350 sexto
1059 309 1238 349 articulo
1271 307 1367 351 eti-‚⁸
1414 307 1752 349 ‹l‹.=elarationem
1788 309 1895 349 liam·
1931 308 2147 349 addimus:
2194 307 2303 361 quod
2340 308 2372 347 si

174 392 318 419 comes
351 377 549 432 Regnum
583 391 607 418 a
639 378 762 419 nobis
796 378 1022 432 receperit,
1055 376 1369 418 descendentes
1403 391 1479 432 per
1514 384 1676 418 rectam
1712 378 1870 417 lineam
1906 393 1958 418 ex
1993 377 2146 417 eodem
2172 380 2215 416 et
2241 376 2374 431 ipsius

174 446 408 489 heredibus
443 445 588 488 Sicilie
630 447 804 502 regibus
845 448 886 488 in
930 452 1187 502 perpetuum
1229 461 1372 487 mares
1406 452 1447 486 et
1481 447 1639 487 femine
1682 447 1721 487 in
1756 446 1907 487 eodem
1944 446 2094 499 Regno
2128 444 2375 485 suecedent.

174 517 235 557 sic
268 520 432 566 tamen,
475 515 587 570 quod
620 514 672 556 de
705 515 852 556 liberis
885 514 1054 556 duobus
1095 515 1285 556 maribus
1320 516 1359 555 in
1394 515 1545 556 eodem
1581 515 1717 569 gradu
1754 530 1829 570 per
1862 515 2046 556 eandem
2081 515 2239 555 lineam
2275 528 2374 553 eon-

175 584 448 626 currentibus
488 584 799 640 primogenitus
843 588 886 625 et
917 583 970 625 de
1006 583 1173 625 duabus
1213 584 1385 625 feminis
1426 584 1714 639 primogenita
1747 589 1788 624 et
1820 583 1872 624 de
1906 598 2024 624 mare
2059 598 2106 623 ae
2141 583 2300 623 semina
2337 582 2375 621 in

173 654 323 696 eodem
361 652 499 709 gradu
541 653 742 694 similiter
785 652 1142 694 concurrentibus
1196 653 1414 694 masculus
1454 653 1653 693 omnibus
1695 653 1788 693 aliis
1833 655 2120 708 preferantur.
2190 653 2232 691 Si
2278 666 2377 691 vero

173 722 285 778 quod
326 722 460 773 absit,
501 722 641 776 ipsum
681 722 882 762 comitem
917 721 1010 762 sine
1051 721 1199 762 liberis
1233 722 1337 762 mori
1371 722 1663 775 contingeret,
1708 721 1941 762 suet-(alent
1976 722 2013 761 ci
2049 721 2232 761 dilectus
2267 721 2378 760 lilius

174 791 328 833 nobilis
360 791 425 832 vir
457 790 667 832 Alfonsus
701 804 847 832 comes
879 790 1075 831 Pictauie
1119 794 1161 831 et
1200 790 1312 831 filius
1347 791 1461 844 regis
1496 791 1677 831 Francie
1713 796 1809 846 post
1844 792 1960 831 illum
1995 791 2065 846 qui
2101 789 2302 830 suecedet
2339 790 2377 829 in

174 873 307 916 regno
345 859 530 901 Franeie
573 860 691 915 prior
729 864 832 901 natu
874 860 996 900 iuxta
1036 859 1217 900 formam
1260 874 1342 914 que
1387 860 1428 899 in
1469 860 1613 900 littera
1647 859 1990 900 moderationum
2026 864 2267 900 nostrarum
2305 859 2377 899 tibi

175 929 362 970 tradita²
395 929 654 970 continetur.
717 928 763 970 Si
800 942 901 970 vero
935 928 1122 983 aliquem
1157 928 1209 969 de
1245 928 1570 969 successoribus
1610 928 1803 969 eiusdem
1845 929 2014 969 comitis
2050 943 2196 981 regem
2235 928 2379 967 Sicilie

173 999 266 1040 sine
308 998 429 1054 prole
471 998 665 1052 legitima
708 997 774 1038 sui
815 998 1007 1053 corporis
1042 998 1148 1038 mori
1193 997 1464 1052 contingeret
1504 998 1546 1037 in
1587 998 1797 1045 futurum,
1844 997 2079 1038 succedent
2120 997 2157 1037 ei
2200 997 2381 1037 servatis

173 1067 380 1123 gradibus
413 1067 448 1108 si
481 1066 738 1122 superstites
771 1066 930 1107 fuerint
962 1066 1043 1107 hee
1077 1080 1283 1122 persone,
1319 1066 1524 1108 videlicet
1556 1066 1671 1121 regis
1705 1067 1795 1107 sine
1831 1066 1947 1122 prole
1982 1066 2175 1119 legitima
2200 1066 2263 1105 sui
2290 1080 2379 1104 eor-

174 1137 289 1193 poris
321 1135 573 1178 decedentis
615 1135 749 1176 frater
781 1135 849 1176 vel
889 1149 1010 1176 soror
1042 1136 1242 1191 innupta,
1284 1136 1426 1177 fratris
1470 1136 1583 1177 filius
1618 1140 1692 1176 aut
1725 1137 1854 1177 etiam
1890 1136 2071 1190 innupta
2102 1135 2206 1175 filia.
2252 1149 2384 1188 nepos

175 1207 304 1247 ctiam
339 1205 430 1246 sive
463 1205 606 1260 neptis
639 1204 847 1259 innupta⁰
880 1218 935 1245 ex
968 1204 1056 1245 filio
1091 1204 1157 1246 vel
1191 1204 1278 1246 filia
1310 1204 1469 1252 fratris,
1503 1209 1578 1246 aut
1611 1205 1770 1245 sororis
1795 1205 1909 1259 regis
1940 1205 2177 1259 premortui
2203 1203 2381 1243 deseen-

127 1296 140 1318 ν,
177 1275 352 1322 dentes;
392 1279 435 1316 et
477 1274 588 1315 sicut
630 1274 742 1314 inter
785 1273 862 1314 has
902 1287 1113 1328 personas
1145 1273 1305 1328 gradus
1339 1274 1501 1315 servari
1538 1274 1757 1323 volumus,
1802 1280 1847 1314 ut
1881 1274 2046 1314 scilicet
2079 1273 2196 1328 prior
2227 1271 2386 1326 gradus

176 1343 402 1400 posteriori
441 1342 594 1398 gradui
635 1342 894 1398 preferatur,
939 1343 1000 1384 sic
1042 1347 1085 1384 et
1126 1343 1166 1384 in
1209 1342 1362 1384 eodem
1403 1343 1540 1398 gradu
1580 1343 1775 1398 pluribus
1809 1342 2166 1383 concurrentibus
2201 1342 2384 1396 priorem

175 1419 280 1455 natu
309 1413 539 1469 posteriori
573 1416 616 1453 et
639 1426 804 1453 marem
829 1412 990 1454 femine
1015 1412 1057 1453 in
1081 1411 1328 1453 huiusmodi
1355 1413 1706 1454 successionibus
1731 1412 1928 1453 volumus
1953 1412 2171 1453 anteferri.
2228 1411 2386 1451 Perso-

177 1497 327 1524 narum
360 1486 504 1524 autem
537 1481 783 1522 huiusmodi
828 1481 945 1522 nulla
986 1482 1243 1537 superstite,
1287 1496 1468 1537 regnum
1502 1482 1740 1537 predictum
1787 1481 1841 1522 ad
1874 1481 2114 1522 Romanam
2151 1480 2383 1521 eeclesiam

178 1552 315 1593 libere
349 1554 605 1593 revertatur.
669 1549 763 1598 Que
798 1555 943 1592 autem
980 1549 1032 1591 de
1067 1564 1168 1605 rege
1193 1550 1436 1592 decedente
1470 1551 1563 1592 sine
1599 1551 1746 1591 liberis
1770 1550 1959 1591 diximus
1986 1556 2029 1591 et
2054 1550 2388 1591 succedentibus

179 1621 318 1662 eidem
351 1621 393 1661 in
426 1619 593 1674 Regno,
625 1618 806 1660 dicimus
839 1619 892 1661 de
927 1620 1091 1674 regina,
1127 1620 1161 1661 si
1195 1620 1466 1674 contingeret
1499 1619 1700 1675 Regnum
1733 1620 1787 1660 ad
1821 1620 2026 1661 feminam
2052 1634 2153 1660 casu
2179 1634 2383 1674 quocum-

177 1704 259 1746 que
291 1689 474 1731 devolvi.
595 1688 690 1745 (10)
721 1688 802 1730 Inc
835 1689 1017 1744 septimo
1051 1689 1232 1730 articulo
1266 1690 1337 1744 qui
1371 1690 1431 1730 sic
1465 1690 1616 1745 incipit
1651 1689 1715 1730 ·In
1749 1689 2046 1731 tertiodecimo
2076 1690 2263 1744 capitulo
2294 1687 2388 1729 eti-J

177 1759 517 1801 moderationem
549 1758 798 1799 huiusmodi
832 1758 1034 1799 duximus
1069 1758 1400 1810 adnectendam,
1434 1762 1480 1798 ut
1513 1759 1546 1798 si
1580 1758 1691 1800 forte
1725 1759 1766 1799 in
1800 1763 2022 1814 posterum
2055 1772 2203 1812 regem
2238 1757 2388 1798 Sicilie

178 1830 219 1870 in
252 1829 560 1885 imperatorem
595 1828 819 1883 contingat
844 1827 958 1882 eligi,
993 1831 1219 1883 postquam
1245 1827 1388 1882 Regni
1418 1828 1739 1883 possessionem
1762 1828 1944 1883 adeptus
1980 1829 2264 1868 iuramentum
2292 1841 2385 1881 pre-

179 1898 336 1940 stiterit
357 1897 556 1938 Romano
590 1896 793 1952 pontifici,
828 1897 948 1937 euius
972 1897 1111 1937 forma
1134 1897 1174 1937 in
1200 1897 1360 1947 littera,
1394 1911 1521 1952 quam
1546 1897 1623 1937 tibi
1648 1897 1857 1949 dedimus,
1894 1898 2064 1953 plenius
2096 1897 2341 1936 continetur
2360 1898 2388 1936 ².

181 1968 408 2023 prestitum
440 1967 729 2007 iuramentum
772 1966 975 2007 observet
1015 1981 1094 2008 nec
1128 1971 1324 2008 transeat
1356 1966 1409 2007 ad
1444 1967 1694 2022 imperium,
1738 1967 1925 2022 alioquin
1962 1967 2133 2022 publice
2169 1966 2389 2006 nuntietur

177 2037 377 2093 periurus
412 2040 454 2078 et
485 2036 793 2077 nichilominus
827 2036 869 2076 in
910 2050 1045 2091 penas
1087 2036 1247 2077 incidat
1278 2051 1321 2077 ln
1361 2036 1508 2077 littera
1541 2036 1859 2086 conditionum,
1903 2051 2029 2092 quam
2065 2036 2142 2077 tibi
2177 2034 2389 2076 dedimus.

178 2105 561 2162 comprehensasss.
625 2104 752 2152 Quod
795 2106 828 2146 si
871 2105 1014 2161 Regni
1056 2106 1330 2161 possessione
1373 2105 1558 2161 predicti
1598 2105 1787 2146 nondum
1830 2106 1977 2161 agnita
2018 2120 2092 2146 seu
2135 2105 2313 2145 obtenta
2347 2108 2388 2143 et

177 2175 417 2216 iuramento
449 2174 644 2230 predicto
677 2188 760 2215 non
794 2175 974 2230 prestito
1007 2175 1049 2215 in
1084 2175 1394 2231 imperatorem
1428 2175 1593 2216 electus
1627 2176 1811 2217 transire
1838 2176 2023 2216 volucrit
2056 2174 2109 2215 ad
2143 2174 2385 2229 imperium.

179 2245 221 2285 in
254 2259 384 2286 manu
417 2245 536 2301 prius
569 2243 754 2285 Romani
789 2244 1005 2300 pontificis
1040 2245 1109 2286 vel
1142 2245 1270 2296 illius,
1306 2259 1433 2300 quem
1469 2244 1522 2286 ad
1554 2245 1634 2286 hoc
1667 2244 1782 2286 idem
1818 2244 2016 2300 pontifex
2051 2244 2224 2285 duxerit
2257 2241 2387 2282 desti-

179 2314 383 2365 nandum,
417 2314 602 2356 eundem
634 2313 768 2354 filium
803 2314 1113 2369 cuiuscumque
1145 2314 1277 2355 fuerit
1309 2315 1436 2355 etatis
1461 2315 1707 2370 emancipet
1740 2319 1782 2355 et
1807 2313 1960 2368 Regno
1992 2313 2222 2362 renuntiet,
2257 2311 2386 2351 nieliil

179 2384 283 2424 iuris
315 2384 356 2424 in
389 2397 440 2425 eo
480 2383 669 2424 retinens
704 2383 815 2424 clam
849 2384 915 2424 vel
950 2384 1092 2438 palam
1132 2398 1211 2424 nec
1245 2384 1480 2425 cuiuslibet
1513 2384 1643 2424 etiam
1677 2384 1925 2439 potestatis,
1962 2397 2041 2424 nec
2076 2383 2217 2437 ipsum
2252 2381 2385 2420 filium

181 2453 234 2494 ad
277 2453 498 2494 servitium
538 2452 603 2493 vel
647 2453 884 2494 subsidium
929 2453 1105 2508 aliquod
1148 2453 1394 2495 faciendum
1442 2454 1685 2495 iuramento
1728 2453 1792 2494 vel
1838 2457 1957 2503 voto,
2003 2452 2281 2507 stipulatione
2324 2451 2389 2490 vel

182 2526 308 2578 paeto
342 2522 422 2563 sibi
447 2521 514 2563 vel
548 2522 873 2563 suecessoribus
907 2523 994 2563 suis
1029 2523 1261 2578 astringat;
1298 2523 1444 2578 sicque
1478 2523 1618 2563 factus
1651 2522 1764 2563 filius
1799 2522 1863 2562 sui
1897 2521 2000 2562 iuris
2034 2521 2086 2561 ab
2120 2520 2269 2561 eodem
2296 2519 2385 2560 Ro-

182 2605 310 2632 mano
351 2591 554 2646 pontifice
588 2591 656 2632 vel
696 2591 781 2632 alio
824 2591 1042 2633 destinato
1083 2592 1136 2633 ab
1177 2593 1270 2647 ipso
1313 2593 1510 2648 protinus
1552 2592 1809 2633 investiatur
1847 2590 1900 2631 de
1936 2591 2105 2644 Regno:
2149 2589 2228 2630 adl‘
2269 2589 2389 2629 cuius

185 2660 298 2715 regis
329 2660 664 2713 successionem,
698 2661 733 2701 si
757 2660 868 2702 forte
891 2660 1124 2703 decederet
1148 2661 1239 2703 sine
1262 2661 1427 2713 liberis,
1459 2661 1577 2702 nullo
1612 2665 1806 2716 tempore
1838 2664 1963 2715 pater
1988 2660 2133 2701 veniat
2157 2659 2390 2713 imperator

183 2730 398 2773 existens:
431 2734 473 2770 et
505 2730 539 2770 si
573 2729 714 2770 dictus
746 2729 860 2771 filius
893 2730 954 2771 sic
989 2729 1042 2771 ad
1068 2729 1270 2784 Regnum
1304 2734 1555 2785 assumptus
1579 2730 1716 2771 maior
1738 2730 1863 2770 annis
1888 2729 2038 2769 decem
2065 2733 2107 2769 et
2130 2733 2225 2768 octo
2250 2727 2392 2778 fuerit,

182 2798 320 2840 libere
362 2798 654 2846 administret;
696 2802 762 2840 set
801 2798 1007 2854 quamdiu
1051 2799 1190 2840 minor
1233 2800 1469 2850 extiterit‘l,
1511 2803 1598 2840 tam
1643 2800 1735 2854 ipse
1775 2813 1902 2853 quam
1944 2811 2122 2852 regnum
2168 2797 2303 2852 ipsius
2352 2796 2391 2835 in

185 2867 383 2909 custodia
422 2867 618 2909 Romane
664 2868 849 2910 ecclesie
894 2873 1085 2920 maneat,
1129 2868 1267 2909 donec
1313 2883 1391 2910 rex
1438 2868 1552 2910 idem
1597 2868 1843 2924 impleverit
1883 2866 2172 2922 supradictam
2216 2869 2390 2914 etatem,

184 2937 393 2978 fructibus
441 2940 484 2978 et
525 2937 857 2979 obventionibus
895 2937 1036 2992 Regni
1085 2938 1174 2993 regi
1221 2937 1528 2979 conservandis
1573 2938 1712 2979 eidem
1759 2941 1802 2978 et
1847 2937 1969 2977 lucro
2011 2936 2186 2976 alterius
2231 2935 2392 2975 ratione

189 3006 385 3047 custodie
417 3020 502 3046 non
537 3008 735 3048 cessuris.
798 3005 892 3053 Que
928 3021 1029 3048 vero
1062 3007 1114 3048 de
1147 3007 1236 3048 filio
1271 3007 1485 3059 diximus,
1526 3011 1573 3048 ut
1606 3007 1645 3048 ei
1678 3006 1881 3047 videlicet
1913 3005 2111 3059 Regnum
2144 3004 2280 3059 possit
2313 3003 2392 3043 sub

186 3075 491 3117 observatione
524 3076 737 3130 premissa
769 3090 793 3116 a
826 3080 949 3131 patre
983 3075 1036 3116 ad
1068 3076 1295 3131 imperium
1330 3080 1585 3118 transeunte
1611 3076 1783 3123 dimitti,
1817 3076 1858 3115 in
1891 3074 1992 3123 filia,
2026 3074 2116 3114 sive
2141 3077 2275 3127 nupta
2299 3073 2391 3112 sive

187 3144 367 3200 innupta
399 3144 549 3192 fuerit,
589 3145 762 3200 penitus
802 3145 1097 3200 prohibemus
1158 3144 1322 3187 Verum
1365 3145 1400 3186 si
1433 3160 1511 3187 rex
1544 3159 1628 3186 non
1662 3145 1828 3186 habens
1862 3144 1974 3184 filios
2011 3143 2051 3183 in
2085 3143 2390 3198 imperatorem

188 3213 352 3255 electus
384 3218 484 3254 ante
523 3214 751 3269 prestitum
785 3214 981 3255 Romano
1024 3214 1214 3270 pontifici
1256 3215 1542 3256 iuramentum
1585 3214 1825 3269 predictum
1859 3212 1911 3254 ad
1946 3212 2174 3267 imperium
2209 3210 2393 3251 transire

188 3282 374 3323 voluerit
396 3286 440 3323 et
462 3281 515 3323 de
538 3283 751 3338 personiS,
784 3297 890 3338 quas
914 3297 1046 3339 supra
1070 3283 1260 3325 diximus
1284 3285 1433 3325 liberis
1458 3298 1543 3324 non
1568 3283 1818 3325 extantibus
1843 3283 1883 3323 in
1908 3282 2060 3336 Regno
2086 3295 2214 3336 posse
2241 3293 2392 3320 sucee-

188 3350 306 3403 dere,
340 3365 481 3392 mares
514 3351 646 3406 aliqui
679 3353 935 3407 superstites
966 3353 1142 3405 fuerint,
1177 3367 1260 3408 que
1292 3353 1346 3394 de
1376 3353 1461 3394 filio
1495 3352 1882 3408 preordinavimus,
1917 3350 2203 3391 observentur
2228 3349 2268 3388 in
2295 3348 2395 3397 illis,

189 3424 374 3475 excepto
408 3421 768 3476 emancipationis
801 3422 996 3474 articulo,
1029 3435 1113 3476 que
1138 3422 1180 3462 in
1204 3423 1306 3462 solis
1332 3423 1416 3462 illis
1440 3421 1676 3477 procedere
1708 3421 1881 3476 poterit,
1917 3419 2012 3474 quir
2035 3431 2220 3473 capaces
2246 3430 2393 3457 eman-

327 3544 414 3580 423.
445 3546 480 3588 ¹¹)
511 3548 560 3580 sic
585 3548 713 3590 incipit.
762 3549 800 3580 In
834 3548 870 3580 in
898 3559 1028 3580 rasura
1053 3559 1103 3580 or.
1238 3549 1270 3590 0)
1303 3549 1418 3581 littera
1442 3560 1461 3581 a
1491 3549 1528 3581 in
1553 3560 1682 3581 rasura
1707 3560 1756 3580 or.
1892 3546 1924 3588 1))
1957 3547 2000 3579 ad
2026 3546 2125 3578 cuius
2152 3562 2193 3567 —
2221 3545 2335 3576 veniat
2361 3543 2395 3574 [¹72

184 3614 298 3645 parvo
323 3604 434 3646 spatio
457 3604 495 3636 in
517 3616 647 3637 rasura
672 3617 746 3637 omn
771 3605 978 3648 compendiis
1003 3610 1149 3637 emm-ata
1174 3617 1223 3637 or.
1341 3605 1374 3648 (1)
1400 3606 1437 3637 in
1460 3618 1589 3638 rasura
1615 3617 1665 3638 or.
1783 3604 1812 3645 r)
1837 3615 1903 3647 que
1918 3603 1933 3635 {2
1948 3616 1997 3636 or.

332 3717 366 3760 1)
396 3715 450 3758 Cf.
478 3717 688 3762 Rodenbeoy
712 3718 788 3761 III,
809 3723 925 3762 1).519
947 3718 995 3751 ad
1021 3724 1051 3751 6.
1171 3720 1205 3759 2)
1233 3718 1372 3753 Ibidem
1391 3731 1428 3763 p.
1447 3723 1508 3754 513
1531 3724 1625 3753 c.12.
1744 3719 1780 3760 3)
1807 3716 1949 3751 Ibidem
1973 3726 2000 3750 c.
2019 3720 2065 3749 13.
