<?xml version="1.0" encoding="UTF-8"?>
<!DOCTYPE html PUBLIC "-//W3C//DTD XHTML 1.0 Transitional//EN"
    "http://www.w3.org/TR/xhtml1/DTD/xhtml1-transitional.dtd">
<html xmlns="http://www.w3.org/1999/xhtml" xml:lang="en" lang="en">
 <head>
  <title>
</title>
<meta http-equiv="Content-Type" content="text/html;charset=utf-8" />
  <meta name='ocr-system' content='tesseract 3.04.00' />
  <meta name='ocr-capabilities' content='ocr_page ocr_carea ocr_par ocr_line ocrx_word'/>
</head>
<body>
  <div class='ocr_page' id='page_1' title='image "./monumentager02geseuoft/monumentager02geseuoft_0270.png"; bbox 0 0 2558 3970; ppageno 0'>
   <div class='ocr_carea' id='block_1_1' title="bbox 246 183 1904 228">
    <p class='ocr_par' dir='ltr' id='par_1_1' title="bbox 246 183 1904 228">
     <span class='ocr_line' id='line_1_1' title="bbox 246 183 1904 228; baseline 0.001 -10"><span class='ocrx_word' id='word_1_1' title='bbox 246 190 325 228; x_wconf 77' lang='lat'>230</span> <span class='ocrx_word' id='word_1_2' title='bbox 779 184 1021 218; x_wconf 71' lang='lat' dir='ltr'>FRIDERICI</span> <span class='ocrx_word' id='word_1_3' title='bbox 1049 185 1091 219; x_wconf 94' lang='lat' dir='ltr'>lI.</span> <span class='ocrx_word' id='word_1_4' title='bbox 1119 183 1544 219; x_wconf 77' lang='lat' dir='ltr'>CONSTITUTIONES.</span> <span class='ocrx_word' id='word_1_5' title='bbox 1598 184 1694 218; x_wconf 73' lang='lat'>1234.</span> <span class='ocrx_word' id='word_1_6' title='bbox 1747 185 1805 219; x_wconf 88' lang='lat' dir='ltr'>Nr.</span> <span class='ocrx_word' id='word_1_7' title='bbox 1830 187 1904 220; x_wconf 73' lang='lat'>188.</span> 
     </span>
    </p>
   </div>
   <div class='ocr_carea' id='block_1_2' title="bbox 516 415 2155 602">
    <p class='ocr_par' dir='ltr' id='par_1_2' title="bbox 516 415 2155 602">
     <span class='ocr_line' id='line_1_2' title="bbox 933 415 1744 486; baseline 0.001 -2"><span class='ocrx_word' id='word_1_8' title='bbox 933 417 1242 486; x_wconf 63' lang='lat'>188-1952.</span> <span class='ocrx_word' id='word_1_9' title='bbox 1300 415 1744 486; x_wconf 75' lang='lat' dir='ltr'><strong>PACTUM</strong></span> 
     </span>
     <span class='ocr_line' id='line_1_3' title="bbox 516 529 2155 602; baseline 0 0"><span class='ocrx_word' id='word_1_10' title='bbox 516 530 1232 602; x_wconf 69' lang='lat' dir='ltr'><strong>MATRIMONH</strong></span> <span class='ocrx_word' id='word_1_11' title='bbox 1287 529 1518 600; x_wconf 78' lang='lat' dir='ltr'>CUM</span> <span class='ocrx_word' id='word_1_12' title='bbox 1576 529 2155 602; x_wconf 74' lang='lat' dir='ltr'><strong>ISABELLA.</strong></span> 
     </span>
    </p>
   </div>
   <div class='ocr_carea' id='block_1_3' title="bbox 905 653 1783 701">
    <p class='ocr_par' dir='ltr' id='par_1_3' title="bbox 905 653 1783 701">
     <span class='ocr_line' id='line_1_4' title="bbox 905 653 1783 701; baseline 0 -1"><span class='ocrx_word' id='word_1_13' title='bbox 905 654 1046 701; x_wconf 74' lang='lat'>10234.</span> <span class='ocrx_word' id='word_1_14' title='bbox 1086 654 1207 700; x_wconf 87' lang='lat' dir='ltr'>Nov.</span> <span class='ocrx_word' id='word_1_15' title='bbox 1242 654 1314 699; x_wconf 83' lang='lat'>15.</span> <span class='ocrx_word' id='word_1_16' title='bbox 1342 680 1383 684; x_wconf 32' lang='grc' dir='ltr'>ε</span> <span class='ocrx_word' id='word_1_17' title='bbox 1418 654 1559 700; x_wconf 63' lang='grc'><em>1235.</em></span> <span class='ocrx_word' id='word_1_18' title='bbox 1598 653 1708 700; x_wconf 78' lang='lat' dir='ltr'>Mai.</span> <span class='ocrx_word' id='word_1_19' title='bbox 1739 655 1783 700; x_wconf 85' lang='lat'>3.</span> 
     </span>
    </p>
   </div>
   <div class='ocr_carea' id='block_1_4' title="bbox 665 797 2009 840">
    <p class='ocr_par' dir='ltr' id='par_1_4' title="bbox 665 797 2009 840">
     <span class='ocr_line' id='line_1_5' title="bbox 665 797 2009 840; baseline -0.001 0"><span class='ocrx_word' id='word_1_20' title='bbox 665 798 763 840; x_wconf 76' lang='lat'>188.</span> <span class='ocrx_word' id='word_1_21' title='bbox 802 797 1125 840; x_wconf 72' lang='lat' dir='ltr'><em>FAGFLTAS</em></span> <span class='ocrx_word' id='word_1_22' title='bbox 1154 797 1597 839; x_wconf 77' lang='lat' dir='ltr'><em>IMPERATORIS.</em></span> <span class='ocrx_word' id='word_1_23' title='bbox 1661 799 1783 838; x_wconf 70' lang='lat'>1234.</span> <span class='ocrx_word' id='word_1_24' title='bbox 1818 797 1921 838; x_wconf 77' lang='lat' dir='ltr'>Nov.</span> <span class='ocrx_word' id='word_1_25' title='bbox 1944 799 2009 838; x_wconf 84' lang='lat'>15.</span> 
     </span>
    </p>
   </div>
   <div class='ocr_carea' id='block_1_5' title="bbox 245 877 2430 1071">
    <p class='ocr_par' dir='ltr' id='par_1_5' title="bbox 245 877 2430 1071">
     <span class='ocr_line' id='line_1_6' title="bbox 387 877 2427 931; baseline 0 -11"><span class='ocrx_word' id='word_1_26' title='bbox 387 879 511 920; x_wconf 69' lang='lat' dir='ltr'>Dedit</span> <span class='ocrx_word' id='word_1_27' title='bbox 546 893 565 919; x_wconf 76' lang='lat' dir='ltr'>c</span> <span class='ocrx_word' id='word_1_28' title='bbox 599 879 764 920; x_wconf 62' lang='lat' dir='ltr'>Romus</span> <span class='ocrx_word' id='word_1_29' title='bbox 801 879 1035 920; x_wconf 71' lang='lat' dir='ltr'>litterarum</span> <span class='ocrx_word' id='word_1_30' title='bbox 1074 879 1313 919; x_wconf 75' lang='lat' dir='ltr'>clausarum</span> <span class='ocrx_word' id='word_1_31' title='bbox 1354 878 1556 919; x_wconf 70' lang='lat' dir='ltr'>tabula-rii</span> <span class='ocrx_word' id='word_1_32' title='bbox 1596 877 1714 931; x_wconf 72' lang='lat' dir='ltr'>rcyni</span> <span class='ocrx_word' id='word_1_33' title='bbox 1745 877 1992 919; x_wconf 65' lang='lat' dir='ltr'>Britannici</span> <span class='ocrx_word' id='word_1_34' title='bbox 2023 877 2180 931; x_wconf 78' lang='lat' dir='ltr'>Rymcr</span> <span class='ocrx_word' id='word_1_35' title='bbox 2216 880 2427 921; x_wconf 81' lang='lat' dir='ltr'>‘Foedera&#39;</span> 
     </span>
     <span class='ocr_line' id='line_1_7' title="bbox 245 945 2430 1001; baseline 0.001 -14"><span class='ocrx_word' id='word_1_36' title='bbox 245 947 303 989; x_wconf 69' lang='lat' dir='ltr'>ed.</span> <span class='ocrx_word' id='word_1_37' title='bbox 332 948 483 989; x_wconf 62' lang='lat' dir='ltr'>Clark-0</span> <span class='ocrx_word' id='word_1_38' title='bbox 514 950 551 988; x_wconf 70' lang='lat' dir='ltr'>ct</span> <span class='ocrx_word' id='word_1_39' title='bbox 582 948 810 989; x_wconf 65' lang='lat' dir='ltr'>Ilolbroolrc</span> <span class='ocrx_word' id='word_1_40' title='bbox 841 950 994 1000; x_wconf 67' lang='lat'><em>(1316)</em></span> <span class='ocrx_word' id='word_1_41' title='bbox 1026 947 1063 997; x_wconf 78' lang='lat' dir='ltr'>I,</span> <span class='ocrx_word' id='word_1_42' title='bbox 1089 950 1124 997; x_wconf 84' lang='lat'>1,</span> <span class='ocrx_word' id='word_1_43' title='bbox 1146 948 1244 989; x_wconf 66' lang='lat'>220.</span> <span class='ocrx_word' id='word_1_44' title='bbox 1279 971 1329 976; x_wconf 89' lang='lat'>—</span> <span class='ocrx_word' id='word_1_45' title='bbox 1362 945 1813 988; x_wconf 56' lang='lat' dir='ltr'>Huillard-Braeholles</span> <span class='ocrx_word' id='word_1_46' title='bbox 1844 945 1924 996; x_wconf 87' lang='lat' dir='ltr'>IV,</span> <span class='ocrx_word' id='word_1_47' title='bbox 1947 946 2042 987; x_wconf 81' lang='lat'>503.</span> <span class='ocrx_word' id='word_1_48' title='bbox 2101 947 2295 998; x_wconf 74' lang='lat' dir='ltr'>Bo‘hmcr,</span> <span class='ocrx_word' id='word_1_49' title='bbox 2328 947 2430 1001; x_wconf 74' lang='lat' dir='ltr'>Rey.</span> 
     </span>
     <span class='ocr_line' id='line_1_8' title="bbox 247 1015 2292 1071; baseline 0 -16"><span class='ocrx_word' id='word_1_50' title='bbox 247 1017 342 1067; x_wconf 69' lang='lat' dir='ltr'>imp.</span> <span class='ocrx_word' id='word_1_51' title='bbox 378 1016 418 1065; x_wconf 71' lang='grc' dir='ltr'>Γ,</span> <span class='ocrx_word' id='word_1_52' title='bbox 439 1018 562 1056; x_wconf 70' lang='grc'><strong><em>2063.</em></strong></span> <span class='ocrx_word' id='word_1_53' title='bbox 2080 1015 2150 1068; x_wconf 83' lang='grc' dir='ltr'>(Ρ.</span> <span class='ocrx_word' id='word_1_54' title='bbox 2174 1017 2292 1071; x_wconf 79' lang='lat'><em>307.)</em></span> 
     </span>
    </p>
   </div>
   <div class='ocr_carea' id='block_1_6' title="bbox 244 1129 2438 3654">
    <p class='ocr_par' dir='ltr' id='par_1_6' title="bbox 244 1129 2438 3654">
     <span class='ocr_line' id='line_1_9' title="bbox 390 1129 2433 1184; baseline 0.001 -14"><span class='ocrx_word' id='word_1_55' title='bbox 390 1130 642 1171; x_wconf 78' lang='lat' dir='ltr'>Fredericus</span> <span class='ocrx_word' id='word_1_56' title='bbox 686 1130 768 1170; x_wconf 83' lang='lat' dir='ltr'>Dei</span> <span class='ocrx_word' id='word_1_57' title='bbox 811 1131 949 1184; x_wconf 83' lang='lat' dir='ltr'>gratia</span> <span class='ocrx_word' id='word_1_58' title='bbox 991 1135 1072 1171; x_wconf 88' lang='lat' dir='ltr'>etc.</span> <span class='ocrx_word' id='word_1_59' title='bbox 1120 1129 1317 1170; x_wconf 90' lang='lat' dir='ltr'>omnibus</span> <span class='ocrx_word' id='word_1_60' title='bbox 1360 1133 1586 1184; x_wconf 71' lang='lat' dir='ltr'>presentes</span> <span class='ocrx_word' id='word_1_61' title='bbox 1633 1129 1798 1169; x_wconf 75' lang='lat' dir='ltr'>litteras</span> <span class='ocrx_word' id='word_1_62' title='bbox 1843 1129 2100 1184; x_wconf 88' lang='lat' dir='ltr'>inspecturis</span> <span class='ocrx_word' id='word_1_63' title='bbox 2143 1129 2343 1172; x_wconf 90' lang='lat' dir='ltr'>fidelibus</span> <span class='ocrx_word' id='word_1_64' title='bbox 2390 1135 2433 1172; x_wconf 89' lang='lat' dir='ltr'>et</span> 
     </span>
     <span class='ocr_line' id='line_1_10' title="bbox 247 1196 2433 1255; baseline 0 -16"><span class='ocrx_word' id='word_1_65' title='bbox 247 1200 393 1239; x_wconf 72' lang='lat' dir='ltr'>amicis</span> <span class='ocrx_word' id='word_1_66' title='bbox 428 1201 515 1240; x_wconf 83' lang='lat' dir='ltr'>suis</span> <span class='ocrx_word' id='word_1_67' title='bbox 550 1201 730 1240; x_wconf 82' lang='lat' dir='ltr'>salutem</span> <span class='ocrx_word' id='word_1_68' title='bbox 772 1203 814 1239; x_wconf 90' lang='lat' dir='ltr'>et</span> <span class='ocrx_word' id='word_1_69' title='bbox 847 1213 1015 1239; x_wconf 87' lang='lat' dir='ltr'>omnem</span> <span class='ocrx_word' id='word_1_70' title='bbox 1056 1199 1418 1240; x_wconf 74' lang='lat' dir='ltr'>benevolentiam.</span> <span class='ocrx_word' id='word_1_71' title='bbox 1538 1198 1601 1252; x_wconf 84' lang='lat'>(1)</span> <span class='ocrx_word' id='word_1_72' title='bbox 1634 1196 2003 1238; x_wconf 86' lang='lat' dir='ltr'>Matrimoniorum</span> <span class='ocrx_word' id='word_1_73' title='bbox 2039 1212 2161 1239; x_wconf 89' lang='lat' dir='ltr'>sacra</span> <span class='ocrx_word' id='word_1_74' title='bbox 2194 1199 2433 1255; x_wconf 80' lang='lat' dir='ltr'>solempnia</span> 
     </span>
     <span class='ocr_line' id='line_1_11' title="bbox 247 1266 2428 1322; baseline 0.001 -15"><span class='ocrx_word' id='word_1_75' title='bbox 247 1282 300 1308; x_wconf 78' lang='lat' dir='ltr'>cx</span> <span class='ocrx_word' id='word_1_76' title='bbox 346 1269 613 1309; x_wconf 79' lang='lat' dir='ltr'>institutione</span> <span class='ocrx_word' id='word_1_77' title='bbox 661 1268 805 1309; x_wconf 86' lang='lat' dir='ltr'>divina</span> <span class='ocrx_word' id='word_1_78' title='bbox 852 1268 1021 1309; x_wconf 81' lang='lat' dir='ltr'>induxit</span> <span class='ocrx_word' id='word_1_79' title='bbox 1075 1269 1313 1309; x_wconf 77' lang='lat' dir='ltr'>necessitas</span> <span class='ocrx_word' id='word_1_80' title='bbox 1363 1272 1406 1309; x_wconf 90' lang='lat' dir='ltr'>et</span> <span class='ocrx_word' id='word_1_81' title='bbox 1455 1267 1617 1308; x_wconf 88' lang='lat' dir='ltr'>utilitas</span> <span class='ocrx_word' id='word_1_82' title='bbox 1665 1266 1933 1322; x_wconf 86' lang='lat' dir='ltr'>approbavit.</span> <span class='ocrx_word' id='word_1_83' title='bbox 2006 1267 2267 1310; x_wconf 89' lang='lat' dir='ltr'>Necessario</span> <span class='ocrx_word' id='word_1_84' title='bbox 2315 1269 2428 1310; x_wconf 90' lang='lat' dir='ltr'>enim</span> 
     </span>
     <span class='ocr_line' id='line_1_12' title="bbox 247 1335 2432 1392; baseline 0.001 -16"><span class='ocrx_word' id='word_1_85' title='bbox 247 1337 472 1391; x_wconf 82' lang='lat' dir='ltr'>oportebat</span> <span class='ocrx_word' id='word_1_86' title='bbox 504 1351 640 1392; x_wconf 85' lang='lat' dir='ltr'>genus</span> <span class='ocrx_word' id='word_1_87' title='bbox 674 1337 906 1378; x_wconf 87' lang='lat' dir='ltr'>humanum</span> <span class='ocrx_word' id='word_1_88' title='bbox 939 1339 981 1378; x_wconf 94' lang='lat' dir='ltr'>in</span> <span class='ocrx_word' id='word_1_89' title='bbox 1015 1350 1312 1378; x_wconf 87' lang='lat' dir='ltr'>successorum</span> <span class='ocrx_word' id='word_1_90' title='bbox 1345 1337 1580 1392; x_wconf 81' lang='lat' dir='ltr'>propagine</span> <span class='ocrx_word' id='word_1_91' title='bbox 1609 1336 1768 1386; x_wconf 83' lang='lat' dir='ltr'>vivere,</span> <span class='ocrx_word' id='word_1_92' title='bbox 1803 1350 1856 1376; x_wconf 92' lang='lat' dir='ltr'>ne</span> <span class='ocrx_word' id='word_1_93' title='bbox 1890 1335 2432 1392; x_wconf 86' lang='lat' dir='ltr'>sublatione-presentium</span> 
     </span>
     <span class='ocr_line' id='line_1_13' title="bbox 246 1405 2435 1461; baseline 0.001 -16"><span class='ocrx_word' id='word_1_94' title='bbox 246 1410 453 1459; x_wconf 84' lang='lat' dir='ltr'>perpetuo</span> <span class='ocrx_word' id='word_1_95' title='bbox 504 1407 619 1446; x_wconf 87' lang='lat' dir='ltr'>casui</span> <span class='ocrx_word' id='word_1_96' title='bbox 668 1406 924 1447; x_wconf 88' lang='lat' dir='ltr'>subiaceret.</span> <span class='ocrx_word' id='word_1_97' title='bbox 1003 1406 1213 1461; x_wconf 86' lang='lat' dir='ltr'>Copulam</span> <span class='ocrx_word' id='word_1_98' title='bbox 1261 1410 1304 1446; x_wconf 91' lang='lat' dir='ltr'>et</span> <span class='ocrx_word' id='word_1_99' title='bbox 1347 1405 1591 1446; x_wconf 80' lang='lat' dir='ltr'>maritalem</span> <span class='ocrx_word' id='word_1_100' title='bbox 1638 1418 1715 1459; x_wconf 91' lang='lat' dir='ltr'>per</span> <span class='ocrx_word' id='word_1_101' title='bbox 1765 1409 2017 1446; x_wconf 89' lang='lat' dir='ltr'>ornamenta</span> <span class='ocrx_word' id='word_1_102' title='bbox 2065 1405 2349 1461; x_wconf 91' lang='lat' dir='ltr'>solempnium</span> <span class='ocrx_word' id='word_1_103' title='bbox 2392 1410 2435 1447; x_wconf 90' lang='lat' dir='ltr'>et</span> 
     </span>
     <span class='ocr_line' id='line_1_14' title="bbox 247 1473 2436 1529; baseline 0.001 -16"><span class='ocrx_word' id='word_1_104' title='bbox 247 1474 532 1514; x_wconf 83' lang='lat' dir='ltr'>ecclesiastici</span> <span class='ocrx_word' id='word_1_105' title='bbox 565 1476 822 1515; x_wconf 75' lang='lat' dir='ltr'>sacramenti</span> <span class='ocrx_word' id='word_1_106' title='bbox 854 1475 1017 1515; x_wconf 85' lang='lat' dir='ltr'>utilitas</span> <span class='ocrx_word' id='word_1_107' title='bbox 1049 1474 1223 1515; x_wconf 87' lang='lat' dir='ltr'>evidens</span> <span class='ocrx_word' id='word_1_108' title='bbox 1257 1475 1486 1529; x_wconf 70' lang='lat' dir='ltr'>persuasit,</span> <span class='ocrx_word' id='word_1_109' title='bbox 1519 1477 1565 1514; x_wconf 93' lang='lat' dir='ltr'>ut</span> <span class='ocrx_word' id='word_1_110' title='bbox 1596 1487 1673 1528; x_wconf 91' lang='lat' dir='ltr'>per</span> <span class='ocrx_word' id='word_1_111' title='bbox 1702 1473 1781 1513; x_wconf 89' lang='lat' dir='ltr'>hoc</span> <span class='ocrx_word' id='word_1_112' title='bbox 1805 1474 2148 1515; x_wconf 89' lang='lat' dir='ltr'>coniunctionem</span> <span class='ocrx_word' id='word_1_113' title='bbox 2174 1479 2368 1516; x_wconf 78' lang='lat' dir='ltr'>sanctam</span> <span class='ocrx_word' id='word_1_114' title='bbox 2393 1478 2436 1515; x_wconf 91' lang='lat' dir='ltr'>et</span> 
     </span>
     <span class='ocr_line' id='line_1_15' title="bbox 248 1542 2435 1598; baseline 0.001 -17"><span class='ocrx_word' id='word_1_115' title='bbox 248 1542 405 1581; x_wconf 77' lang='lat' dir='ltr'>licitam</span> <span class='ocrx_word' id='word_1_116' title='bbox 440 1543 492 1582; x_wconf 80' lang='lat' dir='ltr'>ab</span> <span class='ocrx_word' id='word_1_117' title='bbox 529 1543 679 1584; x_wconf 76' lang='lat' dir='ltr'>illicita</span> <span class='ocrx_word' id='word_1_118' title='bbox 712 1548 978 1598; x_wconf 78' lang='lat' dir='ltr'>segregaret.</span> <span class='ocrx_word' id='word_1_119' title='bbox 1099 1542 1163 1597; x_wconf 78' lang='lat'>(2)</span> <span class='ocrx_word' id='word_1_120' title='bbox 1195 1542 1374 1583; x_wconf 87' lang='lat' dir='ltr'>Noverit</span> <span class='ocrx_word' id='word_1_121' title='bbox 1406 1544 1536 1597; x_wconf 87' lang='lat' dir='ltr'>igitur</span> <span class='ocrx_word' id='word_1_122' title='bbox 1568 1543 1833 1597; x_wconf 89' lang='lat' dir='ltr'>presentium</span> <span class='ocrx_word' id='word_1_123' title='bbox 1866 1543 2109 1595; x_wconf 83' lang='lat' dir='ltr'>multitudo,</span> <span class='ocrx_word' id='word_1_124' title='bbox 2143 1543 2254 1598; x_wconf 89' lang='lat' dir='ltr'>quod</span> <span class='ocrx_word' id='word_1_125' title='bbox 2279 1558 2358 1585; x_wconf 90' lang='lat' dir='ltr'>nos</span> <span class='ocrx_word' id='word_1_126' title='bbox 2383 1543 2435 1584; x_wconf 90' lang='lat' dir='ltr'>ad</span> 
     </span>
     <span class='ocr_line' id='line_1_16' title="bbox 248 1611 2431 1666; baseline 0.001 -16"><span class='ocrx_word' id='word_1_127' title='bbox 248 1617 476 1652; x_wconf 83' lang='lat' dir='ltr'>tractatum</span> <span class='ocrx_word' id='word_1_128' title='bbox 519 1618 560 1652; x_wconf 91' lang='lat' dir='ltr'>et</span> <span class='ocrx_word' id='word_1_129' title='bbox 599 1613 907 1653; x_wconf 85' lang='lat' dir='ltr'>ordinationem</span> <span class='ocrx_word' id='word_1_130' title='bbox 948 1612 1166 1653; x_wconf 78' lang='lat' dir='ltr'>karissimi</span> <span class='ocrx_word' id='word_1_131' title='bbox 1208 1613 1343 1666; x_wconf 90' lang='lat' dir='ltr'>patris</span> <span class='ocrx_word' id='word_1_132' title='bbox 1384 1613 1517 1652; x_wconf 86' lang='lat' dir='ltr'>nostri</span> <span class='ocrx_word' id='word_1_133' title='bbox 1562 1611 1723 1652; x_wconf 88' lang='lat' dir='ltr'>domini</span> <span class='ocrx_word' id='word_1_134' title='bbox 1764 1611 1963 1666; x_wconf 83' lang='lat' dir='ltr'>Gregorii</span> <span class='ocrx_word' id='word_1_135' title='bbox 1994 1611 2078 1652; x_wconf 91' lang='lat' dir='ltr'>Dei</span> <span class='ocrx_word' id='word_1_136' title='bbox 2116 1613 2254 1666; x_wconf 84' lang='lat' dir='ltr'>gratia</span> <span class='ocrx_word' id='word_1_137' title='bbox 2285 1625 2431 1653; x_wconf 89' lang='lat' dir='ltr'>sacro-</span> 
     </span>
     <span class='ocr_line' id='line_1_17' title="bbox 247 1680 2434 1736; baseline 0.001 -17"><span class='ocrx_word' id='word_1_138' title='bbox 247 1686 391 1721; x_wconf 78' lang='lat' dir='ltr'>sancte</span> <span class='ocrx_word' id='word_1_139' title='bbox 432 1680 623 1722; x_wconf 83' lang='lat' dir='ltr'>Romane</span> <span class='ocrx_word' id='word_1_140' title='bbox 666 1682 849 1722; x_wconf 81' lang='lat' dir='ltr'>ecclesie</span> <span class='ocrx_word' id='word_1_141' title='bbox 890 1682 1043 1722; x_wconf 89' lang='lat' dir='ltr'>summi</span> <span class='ocrx_word' id='word_1_142' title='bbox 1083 1681 1294 1736; x_wconf 88' lang='lat' dir='ltr'>pontificis</span> <span class='ocrx_word' id='word_1_143' title='bbox 1332 1681 1651 1735; x_wconf 87' lang='lat' dir='ltr'>acceptavimus</span> <span class='ocrx_word' id='word_1_144' title='bbox 1693 1680 1849 1721; x_wconf 85' lang='lat' dir='ltr'>ducere</span> <span class='ocrx_word' id='word_1_145' title='bbox 1891 1680 1933 1720; x_wconf 92' lang='lat' dir='ltr'>in</span> <span class='ocrx_word' id='word_1_146' title='bbox 1975 1694 2151 1721; x_wconf 87' lang='lat' dir='ltr'>uxorem</span> <span class='ocrx_word' id='word_1_147' title='bbox 2194 1681 2434 1736; x_wconf 86' lang='lat' dir='ltr'>legitimam</span> 
     </span>
     <span class='ocr_line' id='line_1_18' title="bbox 248 1748 2433 1805; baseline 0.001 -16"><span class='ocrx_word' id='word_1_148' title='bbox 248 1748 475 1790; x_wconf 79' lang='lat' dir='ltr'>[sabellam</span> <span class='ocrx_word' id='word_1_149' title='bbox 509 1764 696 1790; x_wconf 88' lang='lat' dir='ltr'>sororem</span> <span class='ocrx_word' id='word_1_150' title='bbox 729 1750 906 1791; x_wconf 90' lang='lat' dir='ltr'>illustris</span> <span class='ocrx_word' id='word_1_151' title='bbox 940 1750 1055 1804; x_wconf 88' lang='lat' dir='ltr'>regis</span> <span class='ocrx_word' id='word_1_152' title='bbox 1089 1749 1247 1804; x_wconf 89' lang='lat' dir='ltr'>Anglie</span> <span class='ocrx_word' id='word_1_153' title='bbox 1291 1749 1507 1790; x_wconf 88' lang='lat' dir='ltr'>karissimi</span> <span class='ocrx_word' id='word_1_154' title='bbox 1540 1749 1665 1790; x_wconf 90' lang='lat' dir='ltr'>amici</span> <span class='ocrx_word' id='word_1_155' title='bbox 1697 1749 1846 1789; x_wconf 84' lang='lat' dir='ltr'>nostri.</span> <span class='ocrx_word' id='word_1_156' title='bbox 1909 1748 1977 1789; x_wconf 90' lang='lat' dir='ltr'>Ad</span> <span class='ocrx_word' id='word_1_157' title='bbox 2011 1749 2144 1804; x_wconf 92' lang='lat' dir='ltr'>quod,</span> <span class='ocrx_word' id='word_1_158' title='bbox 2177 1749 2433 1805; x_wconf 86' lang='lat' dir='ltr'>disponente</span> 
     </span>
     <span class='ocr_line' id='line_1_19' title="bbox 247 1816 2434 1873; baseline 0.001 -17"><span class='ocrx_word' id='word_1_159' title='bbox 247 1816 453 1869; x_wconf 75' lang='lat' dir='ltr'>Domino.</span> <span class='ocrx_word' id='word_1_160' title='bbox 496 1818 680 1859; x_wconf 79' lang='lat' dir='ltr'>feliciter</span> <span class='ocrx_word' id='word_1_161' title='bbox 719 1818 1097 1859; x_wconf 84' lang='lat' dir='ltr'>consummandum</span> <span class='ocrx_word' id='word_1_162' title='bbox 1137 1819 1191 1859; x_wconf 89' lang='lat' dir='ltr'>ad</span> <span class='ocrx_word' id='word_1_163' title='bbox 1234 1818 1416 1873; x_wconf 87' lang='lat' dir='ltr'>predicti</span> <span class='ocrx_word' id='word_1_164' title='bbox 1457 1819 1571 1872; x_wconf 88' lang='lat' dir='ltr'>regis</span> <span class='ocrx_word' id='word_1_165' title='bbox 1602 1819 1867 1872; x_wconf 85' lang='lat' dir='ltr'>presentiam</span> <span class='ocrx_word' id='word_1_166' title='bbox 1899 1818 2201 1859; x_wconf 88' lang='lat' dir='ltr'>destinandum</span> <span class='ocrx_word' id='word_1_167' title='bbox 2234 1818 2434 1860; x_wconf 87' lang='lat' dir='ltr'>duximus</span> 
     </span>
     <span class='ocr_line' id='line_1_20' title="bbox 244 1886 2433 1942; baseline 0.001 -17"><span class='ocrx_word' id='word_1_168' title='bbox 244 1887 493 1939; x_wconf 85' lang='lat' dir='ltr'>magistrum</span> <span class='ocrx_word' id='word_1_169' title='bbox 527 1887 701 1927; x_wconf 89' lang='lat' dir='ltr'>Petrum</span> <span class='ocrx_word' id='word_1_170' title='bbox 743 1887 795 1928; x_wconf 91' lang='lat' dir='ltr'>de</span> <span class='ocrx_word' id='word_1_171' title='bbox 831 1887 968 1927; x_wconf 82' lang='lat' dir='ltr'>Vinea</span> <span class='ocrx_word' id='word_1_172' title='bbox 1011 1901 1166 1941; x_wconf 89' lang='lat' dir='ltr'>magne</span> <span class='ocrx_word' id='word_1_173' title='bbox 1210 1888 1325 1928; x_wconf 91' lang='lat' dir='ltr'>curie</span> <span class='ocrx_word' id='word_1_174' title='bbox 1367 1891 1510 1927; x_wconf 88' lang='lat' dir='ltr'>nostre</span> <span class='ocrx_word' id='word_1_175' title='bbox 1550 1887 1735 1927; x_wconf 87' lang='lat' dir='ltr'>iudicem</span> <span class='ocrx_word' id='word_1_176' title='bbox 1769 1890 1811 1926; x_wconf 92' lang='lat' dir='ltr'>et</span> <span class='ocrx_word' id='word_1_177' title='bbox 1848 1886 2020 1927; x_wconf 91' lang='lat' dir='ltr'>fidelem</span> <span class='ocrx_word' id='word_1_178' title='bbox 2051 1890 2265 1938; x_wconf 77' lang='lat' dir='ltr'>nostrum,</span> <span class='ocrx_word' id='word_1_179' title='bbox 2305 1901 2433 1942; x_wconf 89' lang='lat' dir='ltr'>quem</span> 
     </span>
     <span class='ocr_line' id='line_1_21' title="bbox 247 1955 2432 2010; baseline 0.001 -16"><span class='ocrx_word' id='word_1_180' title='bbox 247 1968 329 1994; x_wconf 90' lang='lat' dir='ltr'>non</span> <span class='ocrx_word' id='word_1_181' title='bbox 364 1956 577 1995; x_wconf 89' lang='lat' dir='ltr'>immerito</span> <span class='ocrx_word' id='word_1_182' title='bbox 613 1956 733 1996; x_wconf 88' lang='lat' dir='ltr'>nobis</span> <span class='ocrx_word' id='word_1_183' title='bbox 767 1961 990 2010; x_wconf 88' lang='lat' dir='ltr'>acceptum</span> <span class='ocrx_word' id='word_1_184' title='bbox 1024 1955 1132 1996; x_wconf 87' lang='lat' dir='ltr'>fides</span> <span class='ocrx_word' id='word_1_185' title='bbox 1167 1960 1209 1996; x_wconf 91' lang='lat' dir='ltr'>et</span> <span class='ocrx_word' id='word_1_186' title='bbox 1239 1955 1451 1996; x_wconf 86' lang='lat' dir='ltr'>industria</span> <span class='ocrx_word' id='word_1_187' title='bbox 1484 1955 1780 2006; x_wconf 77' lang='lat' dir='ltr'>reddiderunt,</span> <span class='ocrx_word' id='word_1_188' title='bbox 1815 1955 1997 1996; x_wconf 87' lang='lat' dir='ltr'>eundem</span> <span class='ocrx_word' id='word_1_189' title='bbox 2029 1955 2231 1996; x_wconf 89' lang='lat' dir='ltr'>nuncium</span> <span class='ocrx_word' id='word_1_190' title='bbox 2263 1959 2306 1995; x_wconf 93' lang='lat' dir='ltr'>et</span> <span class='ocrx_word' id='word_1_191' title='bbox 2333 1969 2432 2010; x_wconf 90' lang='lat' dir='ltr'>pro-</span> 
     </span>
     <span class='ocr_line' id='line_1_22' title="bbox 248 2024 2437 2079; baseline 0.002 -17"><span class='ocrx_word' id='word_1_192' title='bbox 248 2028 487 2064; x_wconf 85' lang='lat' dir='ltr'>curatorem</span> <span class='ocrx_word' id='word_1_193' title='bbox 521 2028 714 2065; x_wconf 87' lang='lat' dir='ltr'>nostrum</span> <span class='ocrx_word' id='word_1_194' title='bbox 748 2025 986 2078; x_wconf 86' lang='lat' dir='ltr'>legitimum</span> <span class='ocrx_word' id='word_1_195' title='bbox 1010 2028 1266 2075; x_wconf 73' lang='lat' dir='ltr'>statuentes,</span> <span class='ocrx_word' id='word_1_196' title='bbox 1301 2025 1367 2065; x_wconf 92' lang='lat' dir='ltr'>cui</span> <span class='ocrx_word' id='word_1_197' title='bbox 1401 2025 1574 2079; x_wconf 86' lang='lat' dir='ltr'>plenam</span> <span class='ocrx_word' id='word_1_198' title='bbox 1600 2024 1873 2065; x_wconf 89' lang='lat' dir='ltr'>concedimus</span> <span class='ocrx_word' id='word_1_199' title='bbox 1898 2028 2157 2079; x_wconf 88' lang='lat' dir='ltr'>potestatem</span> <span class='ocrx_word' id='word_1_200' title='bbox 2182 2029 2224 2065; x_wconf 91' lang='lat' dir='ltr'>et</span> <span class='ocrx_word' id='word_1_201' title='bbox 2247 2025 2437 2079; x_wconf 87' lang='lat' dir='ltr'>speciale</span> 
     </span>
     <span class='ocr_line' id='line_1_23' title="bbox 250 2092 2437 2148; baseline 0.001 -17"><span class='ocrx_word' id='word_1_202' title='bbox 250 2092 517 2143; x_wconf 69' lang='lat' dir='ltr'>mandatum.</span> <span class='ocrx_word' id='word_1_203' title='bbox 558 2098 605 2133; x_wconf 89' lang='lat' dir='ltr'>ut</span> <span class='ocrx_word' id='word_1_204' title='bbox 645 2107 898 2134; x_wconf 91' lang='lat' dir='ltr'>consensum</span> <span class='ocrx_word' id='word_1_205' title='bbox 941 2093 1109 2134; x_wconf 91' lang='lat' dir='ltr'>domine</span> <span class='ocrx_word' id='word_1_206' title='bbox 1152 2093 1395 2148; x_wconf 87' lang='lat' dir='ltr'>supradicte</span> <span class='ocrx_word' id='word_1_207' title='bbox 1436 2094 1477 2133; x_wconf 92' lang='lat' dir='ltr'>in</span> <span class='ocrx_word' id='word_1_208' title='bbox 1520 2107 1596 2133; x_wconf 90' lang='lat' dir='ltr'>nos</span> <span class='ocrx_word' id='word_1_209' title='bbox 1638 2107 1714 2148; x_wconf 91' lang='lat' dir='ltr'>per</span> <span class='ocrx_word' id='word_1_210' title='bbox 1757 2092 1886 2133; x_wconf 86' lang='lat' dir='ltr'>verba</span> <span class='ocrx_word' id='word_1_211' title='bbox 1930 2092 1982 2133; x_wconf 87' lang='lat' dir='ltr'>de</span> <span class='ocrx_word' id='word_1_212' title='bbox 2025 2093 2213 2147; x_wconf 86' lang='lat' dir='ltr'>presenti</span> <span class='ocrx_word' id='word_1_213' title='bbox 2257 2093 2437 2148; x_wconf 85' lang='lat' dir='ltr'>recipiat</span> 
     </span>
     <span class='ocr_line' id='line_1_24' title="bbox 250 2160 2438 2216; baseline 0.001 -17"><span class='ocrx_word' id='word_1_214' title='bbox 250 2169 291 2200; x_wconf 89' lang='lat' dir='ltr'>et</span> <span class='ocrx_word' id='word_1_215' title='bbox 325 2160 436 2214; x_wconf 89' lang='lat' dir='ltr'>quod</span> <span class='ocrx_word' id='word_1_216' title='bbox 475 2162 516 2200; x_wconf 92' lang='lat' dir='ltr'>in</span> <span class='ocrx_word' id='word_1_217' title='bbox 549 2175 644 2201; x_wconf 88' lang='lat' dir='ltr'>eam</span> <span class='ocrx_word' id='word_1_218' title='bbox 684 2162 856 2202; x_wconf 90' lang='lat' dir='ltr'>nomine</span> <span class='ocrx_word' id='word_1_219' title='bbox 890 2166 1035 2201; x_wconf 88' lang='lat' dir='ltr'>nostro</span> <span class='ocrx_word' id='word_1_220' title='bbox 1076 2175 1153 2216; x_wconf 88' lang='lat' dir='ltr'>per</span> <span class='ocrx_word' id='word_1_221' title='bbox 1184 2162 1317 2202; x_wconf 87' lang='lat' dir='ltr'>verba</span> <span class='ocrx_word' id='word_1_222' title='bbox 1349 2161 1400 2201; x_wconf 88' lang='lat' dir='ltr'>de</span> <span class='ocrx_word' id='word_1_223' title='bbox 1433 2161 1624 2216; x_wconf 86' lang='lat' dir='ltr'>presenti</span> <span class='ocrx_word' id='word_1_224' title='bbox 1657 2161 1922 2208; x_wconf 88' lang='lat' dir='ltr'>consentiat;</span> <span class='ocrx_word' id='word_1_225' title='bbox 1968 2161 2156 2215; x_wconf 90' lang='lat' dir='ltr'>speciale</span> <span class='ocrx_word' id='word_1_226' title='bbox 2188 2161 2438 2202; x_wconf 88' lang='lat' dir='ltr'>mandatum</span> 
     </span>
     <span class='ocr_line' id='line_1_25' title="bbox 247 2229 2435 2284; baseline 0.001 -17"><span class='ocrx_word' id='word_1_227' title='bbox 247 2229 520 2269; x_wconf 84' lang='lat' dir='ltr'>nihilominus</span> <span class='ocrx_word' id='word_1_228' title='bbox 555 2229 691 2270; x_wconf 88' lang='lat' dir='ltr'>eidem</span> <span class='ocrx_word' id='word_1_229' title='bbox 725 2229 853 2270; x_wconf 91' lang='lat' dir='ltr'>iudici</span> <span class='ocrx_word' id='word_1_230' title='bbox 887 2229 1172 2281; x_wconf 60' lang='lat' dir='ltr'>conferentes,</span> <span class='ocrx_word' id='word_1_231' title='bbox 1207 2234 1254 2270; x_wconf 92' lang='lat' dir='ltr'>ut</span> <span class='ocrx_word' id='word_1_232' title='bbox 1286 2230 1460 2270; x_wconf 91' lang='lat' dir='ltr'>nomine</span> <span class='ocrx_word' id='word_1_233' title='bbox 1493 2233 1638 2269; x_wconf 90' lang='lat' dir='ltr'>nostro</span> <span class='ocrx_word' id='word_1_234' title='bbox 1673 2233 1714 2269; x_wconf 91' lang='lat' dir='ltr'>et</span> <span class='ocrx_word' id='word_1_235' title='bbox 1746 2229 1788 2269; x_wconf 92' lang='lat' dir='ltr'>in</span> <span class='ocrx_word' id='word_1_236' title='bbox 1822 2229 1965 2269; x_wconf 89' lang='lat' dir='ltr'>anima</span> <span class='ocrx_word' id='word_1_237' title='bbox 1987 2234 2134 2270; x_wconf 88' lang='lat' dir='ltr'>nostra</span> <span class='ocrx_word' id='word_1_238' title='bbox 2165 2230 2287 2282; x_wconf 82' lang='lat' dir='ltr'>iuret,</span> <span class='ocrx_word' id='word_1_239' title='bbox 2321 2230 2435 2284; x_wconf 90' lang='lat' dir='ltr'>quod</span> 
     </span>
     <span class='ocr_line' id='line_1_26' title="bbox 248 2297 2432 2351; baseline 0 -14"><span class='ocrx_word' id='word_1_240' title='bbox 248 2311 323 2337; x_wconf 87' lang='lat' dir='ltr'>nos</span> <span class='ocrx_word' id='word_1_241' title='bbox 359 2297 539 2338; x_wconf 84' lang='lat' dir='ltr'>eandem</span> <span class='ocrx_word' id='word_1_242' title='bbox 573 2298 787 2338; x_wconf 89' lang='lat' dir='ltr'>dominam</span> <span class='ocrx_word' id='word_1_243' title='bbox 820 2299 861 2337; x_wconf 91' lang='lat' dir='ltr'>in</span> <span class='ocrx_word' id='word_1_244' title='bbox 894 2312 1076 2338; x_wconf 80' lang='lat' dir='ltr'>uxorem</span> <span class='ocrx_word' id='word_1_245' title='bbox 1109 2298 1346 2351; x_wconf 88' lang='lat' dir='ltr'>legitimam</span> <span class='ocrx_word' id='word_1_246' title='bbox 1376 2297 1533 2338; x_wconf 86' lang='lat' dir='ltr'>ducere</span> <span class='ocrx_word' id='word_1_247' title='bbox 1557 2297 1793 2338; x_wconf 86' lang='lat' dir='ltr'>debeamus</span> <span class='ocrx_word' id='word_1_248' title='bbox 1827 2301 1870 2337; x_wconf 89' lang='lat' dir='ltr'>et</span> <span class='ocrx_word' id='word_1_249' title='bbox 1892 2297 2028 2351; x_wconf 89' lang='lat' dir='ltr'>ipsam</span> <span class='ocrx_word' id='word_1_250' title='bbox 2052 2298 2094 2337; x_wconf 92' lang='lat' dir='ltr'>in</span> <span class='ocrx_word' id='word_1_251' title='bbox 2116 2297 2227 2338; x_wconf 88' lang='lat' dir='ltr'>facie</span> <span class='ocrx_word' id='word_1_252' title='bbox 2252 2298 2432 2339; x_wconf 87' lang='lat' dir='ltr'>ecclesie</span> 
     </span>
     <span class='ocr_line' id='line_1_27' title="bbox 248 2365 2434 2422; baseline 0.002 -19"><span class='ocrx_word' id='word_1_253' title='bbox 248 2367 521 2421; x_wconf 77' lang='lat' dir='ltr'>solempniter</span> <span class='ocrx_word' id='word_1_254' title='bbox 554 2366 838 2422; x_wconf 72' lang='lat' dir='ltr'>desponsare,</span> <span class='ocrx_word' id='word_1_255' title='bbox 873 2371 914 2406; x_wconf 91' lang='lat' dir='ltr'>et</span> <span class='ocrx_word' id='word_1_256' title='bbox 946 2366 1057 2420; x_wconf 89' lang='lat' dir='ltr'>quod</span> <span class='ocrx_word' id='word_1_257' title='bbox 1090 2380 1168 2407; x_wconf 92' lang='lat' dir='ltr'>nos</span> <span class='ocrx_word' id='word_1_258' title='bbox 1201 2379 1296 2407; x_wconf 91' lang='lat' dir='ltr'>eam</span> <span class='ocrx_word' id='word_1_259' title='bbox 1329 2366 1541 2421; x_wconf 91' lang='lat' dir='ltr'>imperiali</span> <span class='ocrx_word' id='word_1_260' title='bbox 1574 2366 1737 2407; x_wconf 86' lang='lat' dir='ltr'>honore</span> <span class='ocrx_word' id='word_1_261' title='bbox 1771 2370 1813 2406; x_wconf 87' lang='lat' dir='ltr'>et</span> <span class='ocrx_word' id='word_1_262' title='bbox 1843 2365 2070 2407; x_wconf 86' lang='lat' dir='ltr'>affectione</span> <span class='ocrx_word' id='word_1_263' title='bbox 2105 2367 2290 2407; x_wconf 90' lang='lat' dir='ltr'>maritali</span> <span class='ocrx_word' id='word_1_264' title='bbox 2322 2371 2434 2408; x_wconf 91' lang='lat' dir='ltr'>trac-</span> 
     </span>
     <span class='ocr_line' id='line_1_28' title="bbox 247 2433 2437 2490; baseline 0 -14"><span class='ocrx_word' id='word_1_265' title='bbox 247 2442 399 2477; x_wconf 83' lang='lat' dir='ltr'>temus.</span> <span class='ocrx_word' id='word_1_266' title='bbox 521 2436 581 2490; x_wconf 75' lang='grc'>(3)</span> <span class='ocrx_word' id='word_1_267' title='bbox 623 2435 748 2482; x_wconf 85' lang='lat' dir='ltr'>Quod</span> <span class='ocrx_word' id='word_1_268' title='bbox 789 2436 918 2476; x_wconf 91' lang='lat' dir='ltr'>etiam</span> <span class='ocrx_word' id='word_1_269' title='bbox 956 2435 1251 2476; x_wconf 86' lang='lat' dir='ltr'>iusiurandum</span> <span class='ocrx_word' id='word_1_270' title='bbox 1284 2434 1440 2476; x_wconf 91' lang='lat' dir='ltr'>dilecto</span> <span class='ocrx_word' id='word_1_271' title='bbox 1479 2435 1661 2489; x_wconf 90' lang='lat' dir='ltr'>principi</span> <span class='ocrx_word' id='word_1_272' title='bbox 1693 2438 1736 2475; x_wconf 89' lang='lat' dir='ltr'>et</span> <span class='ocrx_word' id='word_1_273' title='bbox 1776 2433 1891 2475; x_wconf 83' lang='lat' dir='ltr'>fideli</span> <span class='ocrx_word' id='word_1_274' title='bbox 1934 2438 2079 2474; x_wconf 90' lang='lat' dir='ltr'>nostro</span> <span class='ocrx_word' id='word_1_275' title='bbox 2112 2434 2167 2475; x_wconf 91' lang='lat' dir='ltr'>H.</span> <span class='ocrx_word' id='word_1_276' title='bbox 2201 2435 2437 2476; x_wconf 87' lang='lat' dir='ltr'>venerabili</span> 
     </span>
     <span class='ocr_line' id='line_1_29' title="bbox 249 2502 2434 2559; baseline -0 -14"><span class='ocrx_word' id='word_1_277' title='bbox 249 2505 570 2559; x_wconf 86' lang='lat' dir='ltr'>archiepiscopo</span> <span class='ocrx_word' id='word_1_278' title='bbox 606 2503 847 2545; x_wconf 84' lang='lat' dir='ltr'>Coloniensi</span> <span class='ocrx_word' id='word_1_279' title='bbox 880 2505 1172 2546; x_wconf 85' lang='lat' dir='ltr'>commisimus</span> <span class='ocrx_word' id='word_1_280' title='bbox 1206 2503 1474 2555; x_wconf 78' lang='lat' dir='ltr'>faciendum,</span> <span class='ocrx_word' id='word_1_281' title='bbox 1514 2504 1573 2544; x_wconf 89' lang='lat' dir='ltr'>ita</span> <span class='ocrx_word' id='word_1_282' title='bbox 1605 2502 1718 2558; x_wconf 91' lang='lat' dir='ltr'>quod</span> <span class='ocrx_word' id='word_1_283' title='bbox 1751 2504 1786 2544; x_wconf 90' lang='lat' dir='ltr'>si</span> <span class='ocrx_word' id='word_1_284' title='bbox 1819 2504 2089 2557; x_wconf 88' lang='lat' dir='ltr'>contingeret</span> <span class='ocrx_word' id='word_1_285' title='bbox 2121 2503 2261 2558; x_wconf 88' lang='lat' dir='ltr'>ipsum</span> <span class='ocrx_word' id='word_1_286' title='bbox 2293 2504 2434 2544; x_wconf 90' lang='lat' dir='ltr'>archi-</span> 
     </span>
     <span class='ocr_line' id='line_1_30' title="bbox 249 2571 2432 2628; baseline 0 -15"><span class='ocrx_word' id='word_1_287' title='bbox 249 2574 497 2628; x_wconf 85' lang='lat' dir='ltr'>episcopum</span> <span class='ocrx_word' id='word_1_288' title='bbox 540 2574 665 2613; x_wconf 90' lang='lat' dir='ltr'>simul</span> <span class='ocrx_word' id='word_1_289' title='bbox 707 2587 802 2613; x_wconf 91' lang='lat' dir='ltr'>eum</span> <span class='ocrx_word' id='word_1_290' title='bbox 843 2574 1011 2628; x_wconf 89' lang='lat' dir='ltr'>prefato</span> <span class='ocrx_word' id='word_1_291' title='bbox 1051 2573 1190 2614; x_wconf 90' lang='lat' dir='ltr'>iudice</span> <span class='ocrx_word' id='word_1_292' title='bbox 1228 2573 1270 2613; x_wconf 92' lang='lat' dir='ltr'>in</span> <span class='ocrx_word' id='word_1_293' title='bbox 1302 2572 1462 2626; x_wconf 86' lang='lat' dir='ltr'>Anglia</span> <span class='ocrx_word' id='word_1_294' title='bbox 1503 2585 1585 2612; x_wconf 91' lang='lat' dir='ltr'>non</span> <span class='ocrx_word' id='word_1_295' title='bbox 1624 2572 1809 2612; x_wconf 89' lang='lat' dir='ltr'>transire</span> <span class='ocrx_word' id='word_1_296' title='bbox 1853 2571 1921 2613; x_wconf 91' lang='lat' dir='ltr'>vel</span> <span class='ocrx_word' id='word_1_297' title='bbox 1963 2572 2099 2626; x_wconf 88' lang='lat' dir='ltr'>ipsum</span> <span class='ocrx_word' id='word_1_298' title='bbox 2132 2572 2261 2612; x_wconf 90' lang='lat' dir='ltr'>etiam</span> <span class='ocrx_word' id='word_1_299' title='bbox 2295 2575 2432 2613; x_wconf 89' lang='lat' dir='ltr'>morte</span> 
     </span>
     <span class='ocr_line' id='line_1_31' title="bbox 248 2640 2432 2696; baseline 0 -15"><span class='ocrx_word' id='word_1_300' title='bbox 248 2642 407 2696; x_wconf 87' lang='lat' dir='ltr'>preripi</span> <span class='ocrx_word' id='word_1_301' title='bbox 449 2643 516 2682; x_wconf 80' lang='lat' dir='ltr'>vel</span> <span class='ocrx_word' id='word_1_302' title='bbox 555 2642 923 2696; x_wconf 87' lang='lat' dir='ltr'>qualitercumque</span> <span class='ocrx_word' id='word_1_303' title='bbox 963 2642 1085 2683; x_wconf 89' lang='lat' dir='ltr'>aliter</span> <span class='ocrx_word' id='word_1_304' title='bbox 1128 2642 1219 2682; x_wconf 90' lang='lat' dir='ltr'>eius</span> <span class='ocrx_word' id='word_1_305' title='bbox 1261 2642 1489 2682; x_wconf 89' lang='lat' dir='ltr'>transitum</span> <span class='ocrx_word' id='word_1_306' title='bbox 1528 2640 1746 2696; x_wconf 79' lang='lat' dir='ltr'>impediri,</span> <span class='ocrx_word' id='word_1_307' title='bbox 1797 2640 2070 2681; x_wconf 83' lang='lat' dir='ltr'>nihilominus</span> <span class='ocrx_word' id='word_1_308' title='bbox 2109 2641 2432 2695; x_wconf 85' lang='lat' dir='ltr'>prenominatus</span> 
     </span>
     <span class='ocr_line' id='line_1_32' title="bbox 249 2709 2434 2764; baseline 0.001 -15"><span class='ocrx_word' id='word_1_309' title='bbox 249 2710 375 2750; x_wconf 78' lang='lat' dir='ltr'>iudex</span> <span class='ocrx_word' id='word_1_310' title='bbox 426 2710 538 2749; x_wconf 88' lang='lat' dir='ltr'>solus</span> <span class='ocrx_word' id='word_1_311' title='bbox 585 2710 839 2750; x_wconf 88' lang='lat' dir='ltr'>auctoritate</span> <span class='ocrx_word' id='word_1_312' title='bbox 889 2715 1033 2750; x_wconf 90' lang='lat' dir='ltr'>nostra</span> <span class='ocrx_word' id='word_1_313' title='bbox 1073 2710 1208 2751; x_wconf 87' lang='lat' dir='ltr'>fretus</span> <span class='ocrx_word' id='word_1_314' title='bbox 1251 2709 1446 2764; x_wconf 87' lang='lat' dir='ltr'>predicta</span> <span class='ocrx_word' id='word_1_315' title='bbox 1490 2709 1632 2749; x_wconf 90' lang='lat' dir='ltr'>omnia</span> <span class='ocrx_word' id='word_1_316' title='bbox 1683 2722 1835 2749; x_wconf 86' lang='lat' dir='ltr'>secure</span> <span class='ocrx_word' id='word_1_317' title='bbox 1884 2712 1927 2748; x_wconf 90' lang='lat' dir='ltr'>et</span> <span class='ocrx_word' id='word_1_318' title='bbox 1967 2709 2100 2749; x_wconf 88' lang='lat' dir='ltr'>libere</span> <span class='ocrx_word' id='word_1_319' title='bbox 2145 2709 2287 2750; x_wconf 88' lang='lat' dir='ltr'>valeat</span> <span class='ocrx_word' id='word_1_320' title='bbox 2334 2723 2434 2751; x_wconf 89' lang='lat' dir='ltr'>con-</span> 
     </span>
     <span class='ocr_line' id='line_1_33' title="bbox 249 2776 2435 2833; baseline 0 -14"><span class='ocrx_word' id='word_1_321' title='bbox 249 2792 461 2819; x_wconf 87' lang='lat' dir='ltr'>summare</span> <span class='ocrx_word' id='word_1_322' title='bbox 505 2783 546 2817; x_wconf 89' lang='lat' dir='ltr'>et</span> <span class='ocrx_word' id='word_1_323' title='bbox 582 2777 796 2818; x_wconf 86' lang='lat' dir='ltr'>dominam</span> <span class='ocrx_word' id='word_1_324' title='bbox 845 2778 1101 2819; x_wconf 86' lang='lat' dir='ltr'>antedictam</span> <span class='ocrx_word' id='word_1_325' title='bbox 1151 2779 1342 2833; x_wconf 87' lang='lat' dir='ltr'>recipere</span> <span class='ocrx_word' id='word_1_326' title='bbox 1384 2791 1479 2818; x_wconf 92' lang='lat' dir='ltr'>cum</span> <span class='ocrx_word' id='word_1_327' title='bbox 1518 2778 1686 2818; x_wconf 88' lang='lat' dir='ltr'>nunciis</span> <span class='ocrx_word' id='word_1_328' title='bbox 1719 2776 1832 2832; x_wconf 87' lang='lat' dir='ltr'>regis</span> <span class='ocrx_word' id='word_1_329' title='bbox 1871 2777 2048 2832; x_wconf 81' lang='lat' dir='ltr'>prefati,</span> <span class='ocrx_word' id='word_1_330' title='bbox 2096 2777 2308 2818; x_wconf 87' lang='lat' dir='ltr'>associato</span> <span class='ocrx_word' id='word_1_331' title='bbox 2352 2778 2435 2820; x_wconf 87' lang='lat' dir='ltr'>sibi</span> 
     </span>
     <span class='ocr_line' id='line_1_34' title="bbox 250 2844 2435 2903; baseline -0 -15"><span class='ocrx_word' id='word_1_332' title='bbox 250 2849 390 2903; x_wconf 88' lang='lat' dir='ltr'>aliquo</span> <span class='ocrx_word' id='word_1_333' title='bbox 431 2847 481 2888; x_wconf 88' lang='lat' dir='ltr'>de</span> <span class='ocrx_word' id='word_1_334' title='bbox 522 2848 786 2902; x_wconf 89' lang='lat' dir='ltr'>principibus</span> <span class='ocrx_word' id='word_1_335' title='bbox 827 2848 895 2888; x_wconf 88' lang='lat' dir='ltr'>vel</span> <span class='ocrx_word' id='word_1_336' title='bbox 934 2849 1109 2903; x_wconf 87' lang='lat' dir='ltr'>prelatis</span> <span class='ocrx_word' id='word_1_337' title='bbox 1151 2847 1320 2903; x_wconf 89' lang='lat' dir='ltr'>imperii</span> <span class='ocrx_word' id='word_1_338' title='bbox 1359 2846 1560 2888; x_wconf 88' lang='lat' dir='ltr'>fidelibus</span> <span class='ocrx_word' id='word_1_339' title='bbox 1600 2846 1778 2897; x_wconf 75' lang='lat' dir='ltr'>nostris,</span> <span class='ocrx_word' id='word_1_340' title='bbox 1826 2859 1952 2900; x_wconf 89' lang='lat' dir='ltr'>quem</span> <span class='ocrx_word' id='word_1_341' title='bbox 1992 2844 2082 2899; x_wconf 86' lang='lat' dir='ltr'>ipse</span> <span class='ocrx_word' id='word_1_342' title='bbox 2123 2844 2176 2886; x_wconf 93' lang='lat' dir='ltr'>ad</span> <span class='ocrx_word' id='word_1_343' title='bbox 2207 2845 2286 2886; x_wconf 91' lang='lat' dir='ltr'>hoc</span> <span class='ocrx_word' id='word_1_344' title='bbox 2316 2846 2435 2887; x_wconf 87' lang='lat' dir='ltr'>velut</span> 
     </span>
     <span class='ocr_line' id='line_1_35' title="bbox 250 2913 2432 2972; baseline -0 -16"><span class='ocrx_word' id='word_1_345' title='bbox 250 2916 449 2957; x_wconf 89' lang='lat' dir='ltr'>idoneum</span> <span class='ocrx_word' id='word_1_346' title='bbox 491 2916 734 2970; x_wconf 89' lang='lat' dir='ltr'>eligendum</span> <span class='ocrx_word' id='word_1_347' title='bbox 775 2916 964 2968; x_wconf 71' lang='lat' dir='ltr'>duxerit,</span> <span class='ocrx_word' id='word_1_348' title='bbox 1008 2916 1061 2956; x_wconf 88' lang='lat' dir='ltr'>ad</span> <span class='ocrx_word' id='word_1_349' title='bbox 1106 2916 1368 2972; x_wconf 88' lang='lat' dir='ltr'>presentiam</span> <span class='ocrx_word' id='word_1_350' title='bbox 1410 2919 1601 2956; x_wconf 88' lang='lat' dir='ltr'>nostram</span> <span class='ocrx_word' id='word_1_351' title='bbox 1641 2915 1839 2956; x_wconf 88' lang='lat' dir='ltr'>felicibus</span> <span class='ocrx_word' id='word_1_352' title='bbox 1879 2914 2082 2969; x_wconf 88' lang='lat' dir='ltr'>auspiciis</span> <span class='ocrx_word' id='word_1_353' title='bbox 2121 2913 2432 2956; x_wconf 88' lang='lat' dir='ltr'>deducendam.</span> 
     </span>
     <span class='ocr_line' id='line_1_36' title="bbox 250 2981 2433 3041; baseline -0.001 -17"><span class='ocrx_word' id='word_1_354' title='bbox 250 2989 314 3039; x_wconf 23' lang='lat'>‹¹4¹›</span> <span class='ocrx_word' id='word_1_355' title='bbox 348 2985 631 3026; x_wconf 89' lang='lat' dir='ltr'>Concedimus</span> <span class='ocrx_word' id='word_1_356' title='bbox 666 2986 794 3026; x_wconf 89' lang='lat' dir='ltr'>etiam</span> <span class='ocrx_word' id='word_1_357' title='bbox 828 2985 1044 3027; x_wconf 87' lang='lat' dir='ltr'>antedicto</span> <span class='ocrx_word' id='word_1_358' title='bbox 1076 2986 1206 3026; x_wconf 90' lang='lat' dir='ltr'>iudici</span> <span class='ocrx_word' id='word_1_359' title='bbox 1249 2987 1422 3041; x_wconf 90' lang='lat' dir='ltr'>plenam</span> <span class='ocrx_word' id='word_1_360' title='bbox 1455 2985 1752 3025; x_wconf 89' lang='lat' dir='ltr'>auctoritatem</span> <span class='ocrx_word' id='word_1_361' title='bbox 1786 2987 1828 3024; x_wconf 91' lang='lat' dir='ltr'>et</span> <span class='ocrx_word' id='word_1_362' title='bbox 1860 2982 2047 3037; x_wconf 88' lang='lat' dir='ltr'>speciale</span> <span class='ocrx_word' id='word_1_363' title='bbox 2082 2981 2347 3033; x_wconf 75' lang='lat' dir='ltr'>mandatum,</span> <span class='ocrx_word' id='word_1_364' title='bbox 2386 2985 2433 3022; x_wconf 91' lang='lat' dir='ltr'>ut</span> 
     </span>
     <span class='ocr_line' id='line_1_37' title="bbox 251 3050 2432 3103; baseline -0.001 -10"><span class='ocrx_word' id='word_1_365' title='bbox 251 3053 390 3093; x_wconf 89' lang='lat' dir='ltr'>eidem</span> <span class='ocrx_word' id='word_1_366' title='bbox 433 3053 600 3093; x_wconf 91' lang='lat' dir='ltr'>domine</span> <span class='ocrx_word' id='word_1_367' title='bbox 643 3054 811 3094; x_wconf 90' lang='lat' dir='ltr'>nomine</span> <span class='ocrx_word' id='word_1_368' title='bbox 856 3059 1001 3094; x_wconf 90' lang='lat' dir='ltr'>nostro</span> <span class='ocrx_word' id='word_1_369' title='bbox 1044 3055 1086 3094; x_wconf 91' lang='lat' dir='ltr'>in</span> <span class='ocrx_word' id='word_1_370' title='bbox 1118 3054 1339 3095; x_wconf 90' lang='lat' dir='ltr'>dodarium</span> <span class='ocrx_word' id='word_1_371' title='bbox 1372 3054 1605 3095; x_wconf 86' lang='lat' dir='ltr'>constituat</span> <span class='ocrx_word' id='word_1_372' title='bbox 1635 3053 1793 3093; x_wconf 85' lang='lat' dir='ltr'>vallem</span> <span class='ocrx_word' id='word_1_373' title='bbox 1825 3051 2014 3092; x_wconf 86' lang='lat' dir='ltr'>Mazarie</span> <span class='ocrx_word' id='word_1_374' title='bbox 2046 3064 2141 3091; x_wconf 90' lang='lat' dir='ltr'>cum</span> <span class='ocrx_word' id='word_1_375' title='bbox 2174 3050 2432 3103; x_wconf 78' lang='lat' dir='ltr'>civitatibus,</span> 
     </span>
     <span class='ocr_line' id='line_1_38' title="bbox 252 3119 2432 3176; baseline -0.001 -15"><span class='ocrx_word' id='word_1_376' title='bbox 252 3122 400 3161; x_wconf 81' lang='lat' dir='ltr'>castris</span> <span class='ocrx_word' id='word_1_377' title='bbox 435 3128 475 3161; x_wconf 85' lang='lat' dir='ltr'>et</span> <span class='ocrx_word' id='word_1_378' title='bbox 499 3123 622 3162; x_wconf 82' lang='lat' dir='ltr'>villis.</span> <span class='ocrx_word' id='word_1_379' title='bbox 657 3123 926 3172; x_wconf 72' lang='lat' dir='ltr'>tenementis,</span> <span class='ocrx_word' id='word_1_380' title='bbox 960 3123 1086 3163; x_wconf 88' lang='lat' dir='ltr'>terris</span> <span class='ocrx_word' id='word_1_381' title='bbox 1111 3123 1236 3162; x_wconf 91' lang='lat' dir='ltr'>cultis</span> <span class='ocrx_word' id='word_1_382' title='bbox 1260 3128 1303 3163; x_wconf 92' lang='lat' dir='ltr'>et</span> <span class='ocrx_word' id='word_1_383' title='bbox 1325 3123 1513 3165; x_wconf 84' lang='lat' dir='ltr'>incultis.</span> <span class='ocrx_word' id='word_1_384' title='bbox 1547 3135 1753 3176; x_wconf 91' lang='lat' dir='ltr'>aquarum</span> <span class='ocrx_word' id='word_1_385' title='bbox 1776 3119 2028 3161; x_wconf 87' lang='lat' dir='ltr'>decursibus</span> <span class='ocrx_word' id='word_1_386' title='bbox 2053 3123 2094 3159; x_wconf 87' lang='lat' dir='ltr'>et</span> <span class='ocrx_word' id='word_1_387' title='bbox 2116 3132 2210 3159; x_wconf 90' lang='lat' dir='ltr'>cum</span> <span class='ocrx_word' id='word_1_388' title='bbox 2235 3119 2432 3159; x_wconf 88' lang='lat' dir='ltr'>omnibus</span> 
     </span>
     <span class='ocr_line' id='line_1_39' title="bbox 253 3187 2431 3244; baseline -0 -16"><span class='ocrx_word' id='word_1_389' title='bbox 253 3190 414 3230; x_wconf 86' lang='lat' dir='ltr'>iuribus</span> <span class='ocrx_word' id='word_1_390' title='bbox 456 3195 496 3229; x_wconf 85' lang='lat' dir='ltr'>et</span> <span class='ocrx_word' id='word_1_391' title='bbox 542 3190 811 3244; x_wconf 88' lang='lat' dir='ltr'>pertinentiis</span> <span class='ocrx_word' id='word_1_392' title='bbox 858 3191 946 3231; x_wconf 87' lang='lat' dir='ltr'>suis</span> <span class='ocrx_word' id='word_1_393' title='bbox 991 3204 1157 3232; x_wconf 90' lang='lat' dir='ltr'>necnon</span> <span class='ocrx_word' id='word_1_394' title='bbox 1199 3196 1241 3232; x_wconf 88' lang='lat' dir='ltr'>et</span> <span class='ocrx_word' id='word_1_395' title='bbox 1282 3191 1488 3232; x_wconf 91' lang='lat' dir='ltr'>honorem</span> <span class='ocrx_word' id='word_1_396' title='bbox 1529 3190 1688 3231; x_wconf 90' lang='lat' dir='ltr'>Montis</span> <span class='ocrx_word' id='word_1_397' title='bbox 1729 3190 1865 3230; x_wconf 88' lang='lat' dir='ltr'>saneti</span> <span class='ocrx_word' id='word_1_398' title='bbox 1897 3188 2056 3242; x_wconf 89' lang='lat' dir='ltr'>Angeli</span> <span class='ocrx_word' id='word_1_399' title='bbox 2100 3187 2295 3227; x_wconf 90' lang='lat' dir='ltr'>similiter</span> <span class='ocrx_word' id='word_1_400' title='bbox 2335 3200 2431 3228; x_wconf 91' lang='lat' dir='ltr'>cum</span> 
     </span>
     <span class='ocr_line' id='line_1_40' title="bbox 253 3254 2429 3310; baseline -0.001 -13"><span class='ocrx_word' id='word_1_401' title='bbox 253 3259 447 3298; x_wconf 85' lang='lat' dir='ltr'>omnibus</span> <span class='ocrx_word' id='word_1_402' title='bbox 482 3259 741 3300; x_wconf 84' lang='lat' dir='ltr'>civitatibus.</span> <span class='ocrx_word' id='word_1_403' title='bbox 777 3260 928 3301; x_wconf 87' lang='lat' dir='ltr'>eastris</span> <span class='ocrx_word' id='word_1_404' title='bbox 963 3265 1004 3300; x_wconf 90' lang='lat' dir='ltr'>et</span> <span class='ocrx_word' id='word_1_405' title='bbox 1037 3260 1160 3309; x_wconf 77' lang='lat' dir='ltr'>villis,</span> <span class='ocrx_word' id='word_1_406' title='bbox 1196 3260 1470 3310; x_wconf 73' lang='lat' dir='ltr'>tenementis,</span> <span class='ocrx_word' id='word_1_407' title='bbox 1504 3259 1629 3300; x_wconf 88' lang='lat' dir='ltr'>terris</span> <span class='ocrx_word' id='word_1_408' title='bbox 1661 3258 1786 3299; x_wconf 89' lang='lat' dir='ltr'>cultis</span> <span class='ocrx_word' id='word_1_409' title='bbox 1820 3261 1862 3298; x_wconf 88' lang='lat' dir='ltr'>et</span> <span class='ocrx_word' id='word_1_410' title='bbox 1894 3256 2080 3307; x_wconf 80' lang='lat' dir='ltr'>incultis,</span> <span class='ocrx_word' id='word_1_411' title='bbox 2114 3269 2322 3310; x_wconf 87' lang='lat' dir='ltr'>aquarum</span> <span class='ocrx_word' id='word_1_412' title='bbox 2354 3254 2429 3296; x_wconf 90' lang='lat' dir='ltr'>de-</span> 
     </span>
     <span class='ocr_line' id='line_1_41' title="bbox 252 3324 2428 3383; baseline -0.001 -18"><span class='ocrx_word' id='word_1_413' title='bbox 252 3326 445 3365; x_wconf 82' lang='lat' dir='ltr'>cursibus</span> <span class='ocrx_word' id='word_1_414' title='bbox 490 3332 530 3366; x_wconf 86' lang='lat' dir='ltr'>ct</span> <span class='ocrx_word' id='word_1_415' title='bbox 571 3328 840 3381; x_wconf 88' lang='lat' dir='ltr'>pertinentiis</span> <span class='ocrx_word' id='word_1_416' title='bbox 886 3328 994 3376; x_wconf 58' lang='lat' dir='ltr'>suis.</span> <span class='ocrx_word' id='word_1_417' title='bbox 1044 3333 1170 3383; x_wconf 90' lang='lat' dir='ltr'>prout</span> <span class='ocrx_word' id='word_1_418' title='bbox 1214 3329 1298 3369; x_wconf 90' lang='lat' dir='ltr'>alie</span> <span class='ocrx_word' id='word_1_419' title='bbox 1340 3329 1486 3382; x_wconf 88' lang='lat' dir='ltr'>regine</span> <span class='ocrx_word' id='word_1_420' title='bbox 1531 3327 1689 3381; x_wconf 81' lang='lat' dir='ltr'>Sieylie</span> <span class='ocrx_word' id='word_1_421' title='bbox 1732 3330 1961 3380; x_wconf 87' lang='lat' dir='ltr'>utrumque</span> <span class='ocrx_word' id='word_1_422' title='bbox 2001 3324 2223 3365; x_wconf 88' lang='lat' dir='ltr'>dodarium</span> <span class='ocrx_word' id='word_1_423' title='bbox 2262 3324 2428 3378; x_wconf 87' lang='lat' dir='ltr'>integre</span> 
     </span>
     <span class='ocr_line' id='line_1_42' title="bbox 252 3391 2429 3451; baseline -0.001 -18"><span class='ocrx_word' id='word_1_424' title='bbox 252 3394 409 3434; x_wconf 86' lang='lat' dir='ltr'>habere</span> <span class='ocrx_word' id='word_1_425' title='bbox 450 3401 783 3437; x_wconf 80' lang='lat' dir='ltr'>consueverunt:</span> <span class='ocrx_word' id='word_1_426' title='bbox 828 3402 869 3436; x_wconf 91' lang='lat' dir='ltr'>et</span> <span class='ocrx_word' id='word_1_427' title='bbox 909 3401 955 3436; x_wconf 93' lang='lat' dir='ltr'>ut</span> <span class='ocrx_word' id='word_1_428' title='bbox 994 3396 1186 3451; x_wconf 87' lang='lat' dir='ltr'>prefatus</span> <span class='ocrx_word' id='word_1_429' title='bbox 1226 3396 1354 3437; x_wconf 83' lang='lat' dir='ltr'>iudex</span> <span class='ocrx_word' id='word_1_430' title='bbox 1395 3397 1532 3451; x_wconf 90' lang='lat' dir='ltr'>ipsam</span> <span class='ocrx_word' id='word_1_431' title='bbox 1566 3395 1782 3449; x_wconf 86' lang='lat' dir='ltr'>dominam</span> <span class='ocrx_word' id='word_1_432' title='bbox 1815 3394 1867 3435; x_wconf 90' lang='lat' dir='ltr'>de</span> <span class='ocrx_word' id='word_1_433' title='bbox 1906 3394 1987 3434; x_wconf 93' lang='lat' dir='ltr'>hiis</span> <span class='ocrx_word' id='word_1_434' title='bbox 2022 3392 2218 3433; x_wconf 91' lang='lat' dir='ltr'>omnibus</span> <span class='ocrx_word' id='word_1_435' title='bbox 2260 3391 2429 3432; x_wconf 89' lang='lat' dir='ltr'>nomine</span> 
     </span>
     <span class='ocr_line' id='line_1_43' title="bbox 253 3460 2433 3518; baseline -0.001 -17"><span class='ocrx_word' id='word_1_436' title='bbox 253 3469 397 3501; x_wconf 85' lang='lat' dir='ltr'>nostro</span> <span class='ocrx_word' id='word_1_437' title='bbox 432 3464 684 3503; x_wconf 83' lang='lat' dir='ltr'>auctoritate</span> <span class='ocrx_word' id='word_1_438' title='bbox 719 3464 982 3518; x_wconf 87' lang='lat' dir='ltr'>presentium</span> <span class='ocrx_word' id='word_1_439' title='bbox 1017 3464 1174 3506; x_wconf 89' lang='lat' dir='ltr'>debeat</span> <span class='ocrx_word' id='word_1_440' title='bbox 1206 3465 1426 3505; x_wconf 88' lang='lat' dir='ltr'>investire.</span> <span class='ocrx_word' id='word_1_441' title='bbox 1489 3463 1582 3510; x_wconf 83' lang='lat' dir='ltr'>Que</span> <span class='ocrx_word' id='word_1_442' title='bbox 1616 3463 1745 3503; x_wconf 91' lang='lat' dir='ltr'>etiam</span> <span class='ocrx_word' id='word_1_443' title='bbox 1777 3462 1951 3502; x_wconf 87' lang='lat' dir='ltr'>dodaria</span> <span class='ocrx_word' id='word_1_444' title='bbox 1983 3475 2058 3501; x_wconf 87' lang='lat' dir='ltr'>nos</span> <span class='ocrx_word' id='word_1_445' title='bbox 2090 3460 2159 3500; x_wconf 89' lang='lat' dir='ltr'>die</span> <span class='ocrx_word' id='word_1_446' title='bbox 2189 3460 2433 3514; x_wconf 88' lang='lat' dir='ltr'>nuptiarum</span> 
     </span>
     <span class='ocr_line' id='line_1_44' title="bbox 254 3529 2431 3586; baseline -0 -17"><span class='ocrx_word' id='word_1_447' title='bbox 254 3536 511 3570; x_wconf 86' lang='lat' dir='ltr'>nostrarum.</span> <span class='ocrx_word' id='word_1_448' title='bbox 547 3537 672 3584; x_wconf 87' lang='lat' dir='ltr'>prout</span> <span class='ocrx_word' id='word_1_449' title='bbox 705 3539 770 3571; x_wconf 87' lang='lat' dir='ltr'>est</span> <span class='ocrx_word' id='word_1_450' title='bbox 803 3533 905 3572; x_wconf 88' lang='lat' dir='ltr'>iuris</span> <span class='ocrx_word' id='word_1_451' title='bbox 940 3537 982 3572; x_wconf 94' lang='lat' dir='ltr'>et</span> <span class='ocrx_word' id='word_1_452' title='bbox 1014 3533 1162 3581; x_wconf 70' lang='lat' dir='ltr'>moris,</span> <span class='ocrx_word' id='word_1_453' title='bbox 1204 3533 1502 3586; x_wconf 88' lang='lat' dir='ltr'>prenominate</span> <span class='ocrx_word' id='word_1_454' title='bbox 1535 3530 1706 3571; x_wconf 87' lang='lat' dir='ltr'>domine</span> <span class='ocrx_word' id='word_1_455' title='bbox 1738 3530 1927 3571; x_wconf 90' lang='lat' dir='ltr'>Isabelle</span> <span class='ocrx_word' id='word_1_456' title='bbox 1959 3530 2100 3570; x_wconf 91' lang='lat' dir='ltr'>future</span> <span class='ocrx_word' id='word_1_457' title='bbox 2133 3529 2256 3569; x_wconf 84' lang='lat' dir='ltr'>uxori</span> <span class='ocrx_word' id='word_1_458' title='bbox 2289 3532 2431 3568; x_wconf 88' lang='lat' dir='ltr'>nostre</span> 
     </span>
     <span class='ocr_line' id='line_1_45' title="bbox 252 3595 2431 3654; baseline -0.001 -17"><span class='ocrx_word' id='word_1_459' title='bbox 252 3599 536 3651; x_wconf 85' lang='lat' dir='ltr'>promittimus</span> <span class='ocrx_word' id='word_1_460' title='bbox 589 3600 834 3652; x_wconf 88' lang='lat' dir='ltr'>specialiter</span> <span class='ocrx_word' id='word_1_461' title='bbox 884 3601 1106 3654; x_wconf 85' lang='lat' dir='ltr'>assignare</span> <span class='ocrx_word' id='word_1_462' title='bbox 1154 3609 1197 3641; x_wconf 88' lang='lat' dir='ltr'>et</span> <span class='ocrx_word' id='word_1_463' title='bbox 1243 3601 1514 3654; x_wconf 85' lang='lat' dir='ltr'>privilegium</span> <span class='ocrx_word' id='word_1_464' title='bbox 1561 3599 1641 3640; x_wconf 91' lang='lat' dir='ltr'>sibi</span> <span class='ocrx_word' id='word_1_465' title='bbox 1682 3598 1838 3639; x_wconf 77' lang='lat' dir='ltr'>exinde</span> <span class='ocrx_word' id='word_1_466' title='bbox 1882 3598 2026 3639; x_wconf 90' lang='lat' dir='ltr'>facere</span> <span class='ocrx_word' id='word_1_467' title='bbox 2070 3596 2272 3652; x_wconf 85' lang='lat' dir='ltr'>pendenti</span> <span class='ocrx_word' id='word_1_468' title='bbox 2315 3595 2431 3636; x_wconf 90' lang='lat' dir='ltr'>bulla</span> 
     </span>
    </p>
   </div>
   <div class='ocr_carea' id='block_1_7' title="bbox 2483 896 2497 920">
    <p class='ocr_par' dir='ltr' id='par_1_7' title="bbox 2483 896 2497 920">
     <span class='ocr_line' id='line_1_46' title="bbox 2483 896 2497 920; baseline 0 0"><span class='ocrx_word' id='word_1_469' title='bbox 2483 896 2497 920; x_wconf 88' lang='lat'><strong>5</strong></span> 
     </span>
    </p>
   </div>
   <div class='ocr_carea' id='block_1_8' title="bbox 2467 1292 2500 1316">
    <p class='ocr_par' dir='ltr' id='par_1_8' title="bbox 2467 1292 2500 1316">
     <span class='ocr_line' id='line_1_47' title="bbox 2467 1292 2500 1316; baseline 0 0"><span class='ocrx_word' id='word_1_470' title='bbox 2467 1292 2500 1316; x_wconf 88' lang='grc'>10</span> 
     </span>
    </p>
   </div>
   <div class='ocr_carea' id='block_1_9' title="bbox 2471 1633 2502 1657">
    <p class='ocr_par' dir='ltr' id='par_1_9' title="bbox 2471 1633 2502 1657">
     <span class='ocr_line' id='line_1_48' title="bbox 2471 1633 2502 1657; baseline 0 0"><span class='ocrx_word' id='word_1_471' title='bbox 2471 1633 2502 1657; x_wconf 82' lang='lat'>15</span> 
     </span>
    </p>
   </div>
   <div class='ocr_carea' id='block_1_10' title="bbox 2469 1973 2504 1998">
    <p class='ocr_par' dir='ltr' id='par_1_10' title="bbox 2469 1973 2504 1998">
     <span class='ocr_line' id='line_1_49' title="bbox 2469 1973 2504 1998; baseline -0.029 0"><span class='ocrx_word' id='word_1_472' title='bbox 2469 1973 2504 1998; x_wconf 80' lang='lat'>2⁰</span> 
     </span>
    </p>
   </div>
   <div class='ocr_carea' id='block_1_11' title="bbox 2469 2314 2501 2339">
    <p class='ocr_par' dir='ltr' id='par_1_11' title="bbox 2469 2314 2501 2339">
     <span class='ocr_line' id='line_1_50' title="bbox 2469 2314 2501 2339; baseline 0 0"><span class='ocrx_word' id='word_1_473' title='bbox 2469 2314 2501 2339; x_wconf 80' lang='lat'>25</span> 
     </span>
    </p>
   </div>
   <div class='ocr_carea' id='block_1_12' title="bbox 2469 2662 2502 2687">
    <p class='ocr_par' dir='ltr' id='par_1_12' title="bbox 2469 2662 2502 2687">
     <span class='ocr_line' id='line_1_51' title="bbox 2469 2662 2502 2687; baseline 0 0"><span class='ocrx_word' id='word_1_474' title='bbox 2469 2662 2502 2687; x_wconf 84' lang='lat'>30</span> 
     </span>
    </p>
   </div>
   <div class='ocr_carea' id='block_1_13' title="bbox 2469 3002 2499 3027">
    <p class='ocr_par' dir='ltr' id='par_1_13' title="bbox 2469 3002 2499 3027">
     <span class='ocr_line' id='line_1_52' title="bbox 2469 3002 2499 3027; baseline 0 0"><span class='ocrx_word' id='word_1_475' title='bbox 2469 3002 2499 3027; x_wconf 83' lang='lat'>35</span> 
     </span>
    </p>
   </div>
   <div class='ocr_carea' id='block_1_14' title="bbox 253 3665 2495 3723">
    <p class='ocr_par' dir='ltr' id='par_1_14' title="bbox 253 3665 2495 3723">
     <span class='ocr_line' id='line_1_53' title="bbox 253 3665 2495 3723; baseline 0 -18"><span class='ocrx_word' id='word_1_476' title='bbox 253 3681 382 3706; x_wconf 84' lang='lat' dir='ltr'>aurea</span> <span class='ocrx_word' id='word_1_477' title='bbox 417 3668 721 3707; x_wconf 87' lang='lat' dir='ltr'>communitum</span> <span class='ocrx_word' id='word_1_478' title='bbox 763 3670 929 3723; x_wconf 75' lang='lat' dir='ltr'>typario</span> <span class='ocrx_word' id='word_1_479' title='bbox 970 3673 1113 3709; x_wconf 80' lang='lat' dir='ltr'>nostre</span> <span class='ocrx_word' id='word_1_480' title='bbox 1147 3669 1383 3709; x_wconf 86' lang='lat' dir='ltr'>maiestatis</span> <span class='ocrx_word' id='word_1_481' title='bbox 1422 3669 1642 3722; x_wconf 89' lang='lat' dir='ltr'>impressa.</span> <span class='ocrx_word' id='word_1_482' title='bbox 1762 3666 1823 3720; x_wconf 78' lang='lat'>(5)</span> <span class='ocrx_word' id='word_1_483' title='bbox 1864 3666 2108 3707; x_wconf 87' lang='lat' dir='ltr'>Plenariam</span> <span class='ocrx_word' id='word_1_484' title='bbox 2143 3665 2271 3705; x_wconf 89' lang='lat' dir='ltr'>etiam</span> <span class='ocrx_word' id='word_1_485' title='bbox 2305 3677 2427 3719; x_wconf 86' lang='lat' dir='ltr'>sepe·</span> <span class='ocrx_word' id='word_1_486' title='bbox 2464 3679 2495 3705; x_wconf 82' lang='lat'>45</span> 
     </span>
    </p>
   </div>
  </div>
 </body>
</html>
