2558 3970
168 155 219 190 54
711 147 946 181 Fh‘lbfflzlcl
975 147 1017 180 ll.
1044 146 1471 180 coNs'rlTU'mONEs.
1525 147 1621 180 1212.
1670 147 1732 181 Nr.
1750 148 1802 181 43.

376 812 935 896 FRIDERICI
997 814 1106 894 ΙΙ.
1174 811 2157 897 CONSTITUTIONES.

796 1207 889 1274 43.
946 1203 1724 1275 CONFIRMATIO

338 1319 817 1390 REGALIS
867 1318 1526 1390 DIGNITATIS
1578 1317 2181 1392 BOHEMIAE.

1059 1444 1201 1490 1212.
1240 1444 1372 1502 Sept.
1402 1443 1480 1490 ee.

310 1586 437 1628 Dedit
470 1586 583 1627 Kehr
614 1600 664 1627 esc
694 1585 948 1638 auloqrapleo
987 1585 1189 1626 tabularii
1219 1585 1559 1636 Vindobonensis‚
1601 1587 1667 1627 cui
1694 1587 1782 1639 felis
1811 1587 1954 1628 sericis
1984 1587 2125 1629 rubris
2155 1588 2359 1640 appendet

167 1657 280 1697 hulla
311 1670 454 1697 (turea.
496 1680 548 1685 ——
590 1655 1047 1697 Ηιιῖῖῖανιῐ-Βνέῆοἷῖοδ
1079 1654 1115 1705 Ι,
1136 1656 1231 1695 216.
1296 1654 1486 1705 Bo'lmzer,
1519 1654 1618 1708 Rea.
1652 1655 1748 1707 imp.
1781 1655 1825 1706 V,
1849 1657 1945 1697 671.

1980 1724 2050 1777 (P.
2074 1725 2216 1775 deest.)

311 1816 564 1857 Fredericus
607 1816 776 1856 divinaa
819 1815 993 1856 favente
1035 1815 1266 1856 clementia
1303 1814 1596 1856 Romanorum
1634 1815 1866 1869 imperator
1904 1816 2070 1857 electus
2111 1821 2154 1857 et
2188 1831 2360 1873 semper

168 1890 390 1939 augustus
424 1900 502 1926 rex
532 1885 688 1935 Sicilie,
722 1884 903 1924 ducatus
927 1884 1083 1938 Apulie
1117 1888 1158 1924 et
1189 1884 1457 1939 principatus
1493 1883 1652 1939 Capue.
1784 1883 1892 1924 Cum
1924 1884 2053 1925 decor
2087 1890 2129 1926 et
2161 1889 2354 1940 potestas

171 1955 335 2008 imperii
368 1959 561 1994 nostrum
595 1953 855 2008 precesserit
880 1956 1051 2002 statum,
1084 1956 1131 1993 ut
1154 1966 1238 1993 non
1262 1953 1400 1992 solum
1426 1956 1666 1993 ceterorum
1689 1952 1928 2008 principum
1952 1953 2183 2007 dignitates
2207 1969 2356 1996 verum

171 2024 298 2063 etiam
334 2027 503 2077 sceptra
539 2022 700 2076 regalia
732 2036 755 2062 a
788 2030 934 2062 nostra
967 2022 1243 2062 conferantur
1274 2022 1518 2071 maiestate,
1559 2021 1793 2075 gloriosum
1826 2025 2076 2076 reputamus
2110 2036 2159 2063 ac
2192 2024 2358 2077 magni-

171 2092 309 2131 ficum.
344 2091 455 2145 quod
480 2092 521 2131 in
544 2095 662 2131 tanto
687 2095 829 2131 nostre
859 2090 1073 2145 largitatis
1097 2090 1307 2130 beneficio
1332 2094 1374 2130 et
1397 2090 1491 2130 aliis
1516 2090 1673 2130 crescit
1695 2089 1813 2143 regie
1837 2088 2057 2143 dignitatis
2082 2096 2360 2145 augmentum

172 2175 249 2200 nec
285 2160 337 2200 ob
370 2160 449 2200 hoc
483 2160 715 2201 eminentia
748 2164 895 2199 nostra
928 2158 1097 2214 aliquod
1138 2159 1299 2214 patitur
1331 2158 1650 2199 detrimentum.
1712 2157 1818 2198 Inde
1853 2162 1931 2208 est,
1965 2159 2077 2212 quod
2110 2173 2186 2200 nos
2219 2163 2361 2201 atten-

174 2228 323 2269 dentes
357 2229 551 2282 prcclara
585 2228 826 2269 devotionis
860 2227 1081 2281 obsequia,
1115 2241 1196 2282 que
1229 2227 1432 2268 universa
1457 2227 1715 2267 Boemorum
1749 2241 1856 2280 gens
1889 2227 1943 2267 ab
1968 2229 2144 2282 antiquo
2167 2232 2362 2283 tempore

173 2296 368 2337 Romano
403 2297 568 2337 exibuit
609 2297 793 2351 imperio
829 2301 915 2336 tam
948 2295 1133 2337 fideliter
1165 2310 1291 2350 quam
1324 2295 1478 2336 devote
1512 2300 1554 2336 et
1586 2295 1696 2350 quod
1738 2295 1916 2335 illustris
1949 2310 2027 2336 rex
2060 2310 2205 2336 eorum
2239 2296 2362 2337 Otta-

173 2365 325 2405 cliarvs
359 2380 381 2405 a
416 2366 548 2420 primo
581 2365 692 2405 inter
725 2365 830 2406 alios
876 2365 1095 2420 principes
1129 2365 1374 2419 specialiter
1411 2379 1486 2419 pre
1521 2364 1676 2405 ceteris
1711 2364 1753 2403 in
1786 2364 2090 2418 imperatorem
2123 2378 2199 2405 nos
2234 2364 2368 2419 elegit

175 2443 216 2473 et
250 2439 395 2473 nostre
430 2433 653 2474 electionis
687 2434 1009 2488 perseverantie
1044 2433 1275 2487 diligenter
1308 2436 1350 2473 et
1386 2433 1550 2473 utiliter
1583 2432 1782 2482 astiterit,
1825 2432 1937 2472 sicut
1968 2432 2152 2473 dilectus
2184 2436 2364 2487 patruus

175 2510 319 2542 noster
351 2502 419 2556 pie
452 2502 658 2542 memorie
698 2516 776 2542 rex
808 2501 1035 2556 Philippus
1070 2502 1259 2542 omnium
1300 2501 1541 2556 principum
1574 2501 1719 2541 habito
1754 2500 1934 2541 consilio
1967 2515 2044 2555 per
2077 2515 2202 2542 suum
2235 2501 2367 2556 privi-

177 2571 335 2623 legium
371 2571 566 2611 instituit.
600 2572 737 2625 ipsum
772 2585 919 2625 regem
953 2571 1252 2611 constituimus
1286 2574 1328 2611 et
1361 2570 1661 2610 confirmamus
1696 2574 1738 2610 et
1769 2573 1858 2609 tam
1892 2573 2084 2609 sanctam
2118 2574 2161 2610 et
2193 2569 2369 2624 dignam

178 2639 529 2679 constitutionem
574 2639 865 2693 approbamus
913 2652 1178 2694 regnumque
1228 2639 1406 2679 Boemie
1455 2637 1691 2678 liberaliter
1739 2641 1781 2677 et
1826 2637 1990 2692 absque
2032 2639 2145 2678 omni
2182 2638 2366 2693 pecunie

181 2707 406 2747 exactione
450 2715 491 2747 et
533 2713 741 2749 consueta
782 2708 898 2748 curie
943 2712 1088 2748 nostre
1129 2707 1299 2748 iusticia
1344 2707 1423 2747 sibi
1462 2707 1635 2760 suisque
1670 2706 1994 2746 successoribus
2028 2707 2070 2746 in
2112 2710 2368 2761 perpetuum

180 2774 468 2826 concedimus,
509 2776 702 2816 volentes
744 2780 789 2815 ut
827 2776 1086 2830 quicumque
1119 2776 1171 2816 ab
1206 2776 1309 2830 ipsis
1342 2775 1383 2815 in
1417 2789 1563 2829 regem
1598 2775 1761 2815 electus
1792 2774 1934 2823 fuerit,
1976 2774 2029 2815 ad
2061 2789 2136 2815 nos
2169 2775 2237 2816 vel
2270 2788 2367 2816 suc-

182 2857 374 2884 cessores
408 2848 573 2884 nostros
607 2844 801 2895 accedat,
835 2844 998 2898 regalia
1030 2844 1175 2885 debito
1210 2843 1337 2885 modo
1371 2847 1638 2898 recepturus.
1696 2841 1855 2883 Omnes
1881 2843 2010 2883 etiam
2041 2843 2263 2893 terminos,
2298 2843 2369 2898 qui

178 2911 370 2965 predicto
406 2926 536 2966 regno
569 2913 748 2953 attinere
781 2912 993 2964 videntur,
1031 2926 1299 2967 quocumque
1323 2911 1450 2952 modo
1474 2911 1647 2952 alienati
1672 2911 1769 2962 sint,
1804 2911 1843 2951 ei
1873 2914 1915 2952 et
1939 2911 2258 2952 successoribus
2281 2911 2367 2952 suis

181 2979 461 3033 possidendos
503 2980 788 3035 indulgemus.
860 2981 932 3020 lus
967 2994 1136 3035 quoque
1174 2986 1216 3022 et
1255 2980 1558 3021 auctoritatem
1592 2978 1851 3020 investiendi
1886 2979 2114 3034 episcopos
2148 2979 2269 3034 regni
2301 2979 2364 3020 sui

179 3048 447 3101 integraliter
479 3049 561 3089 sibi
594 3055 635 3089 et
672 3048 905 3090 heredibus
939 3050 1027 3089 suis
1061 3049 1351 3098 concedimus,
1389 3049 1449 3088 ita
1481 3052 1624 3088 tamen
1659 3046 1768 3102 quod
1802 3047 1886 3101 ipsi
1919 3061 1970 3088 ea
1997 3048 2216 3102 gaudeant
2238 3048 2367 3089 liber-

180 3124 267 3155 tate
311 3125 352 3156 et
395 3118 639 3161 securitate,
684 3132 807 3172 quam
851 3132 874 3158 a
907 3118 1063 3158 nostris
1102 3117 1486 3172 predecessoribus
1530 3117 1690 3157 habere
1733 3121 2066 3157 consueverunt.
2128 3116 2194 3156 De
2226 3120 2368 3158 nostre

181 3189 323 3223 autem
357 3185 627 3225 liberalitatis
660 3186 953 3226 munificentia
986 3187 1228 3237 statuimus,
1263 3185 1376 3240 quod
1407 3186 1586 3226 illustris
1621 3199 1697 3226 rex
1730 3184 1947 3239 predictus
1980 3186 2047 3225 vel
2082 3184 2268 3226 heredes
2304 3185 2368 3226 sui

182 3251 234 3291 ad
267 3253 425 3292 nullam
459 3254 619 3293 curiam
652 3260 842 3294 nostram
878 3255 1021 3296 venire
1054 3259 1292 3305 teneantur‚
1326 3255 1406 3294 nisi
1436 3268 1562 3308 quam
1586 3268 1662 3294 nos
1687 3253 1801 3308 apud
1824 3251 2080 3293 Babenberc
2106 3253 2173 3293 vel
2194 3252 2366 3293 Nuren—

182 3319 283 3359 berc
318 3320 619 3361 celebrandam
653 3322 954 3371 indixerimus:
990 3323 1059 3364 vel
1092 3324 1126 3363 si
1160 3323 1273 3378 apud
1305 3322 1555 3363 Merseburc
1590 3322 1751 3362 curiam
1785 3321 2007 3363 celebrare
2030 3320 2364 3372 decreverimus,

184 3388 264 3441 ipsi
298 3388 357 3427 sic
391 3390 536 3429 venire
581 3395 823 3441 teneantur,
869 3391 981 3445 quod
1023 3391 1057 3431 si
1090 3391 1177 3432 dux
1208 3390 1387 3432 Polonic
1420 3393 1598 3431 vocatus
1639 3390 1884 3441 accesserit,
1925 3389 2008 3444 ipsi
2051 3389 2131 3429 sibi
2164 3388 2365 3430 ducatum

183 3458 373 3507 prestare
417 3455 615 3508 debeant,
656 3459 764 3499 sieut
796 3463 1096 3500 antecessores
1140 3459 1206 3500 sui
1239 3459 1453 3514 quondam
1484 3458 1663 3499 Boemie
1703 3472 1827 3512 reges
1858 3459 2002 3499 facere
2036 3461 2366 3509 consueverunt,

186 3523 245 3562 sic
279 3530 420 3563 tamen
454 3532 500 3564 ut
534 3526 718 3579 spatium
752 3540 829 3566 sex
863 3526 1224 3568 cddomadarumb
1257 3526 1459 3568 veniendi
1492 3526 1545 3567 ad
1586 3526 1798 3581 predictas
1831 3526 1971 3567 curias
2005 3526 2067 3567 eis
2107 3530 2207 3566 ante
2240 3525 2366 3580 prefi-

321 3636 379 3669 43.
413 3644 441 3669 ΞΜ
469 3650 555 3669 corr.
582 3650 620 3670 π
646 3638 763 3680 djvina
791 3653 839 3672 ω’.
959 3641 990 3681 b)
1017 3641 1063 3673 31⁶1:
1089 3654 1138 3673 or.

2394 1969 2428 1994 10

2402 2317 2432 2341 15

2404 2657 2436 2683 20

2403 2997 2434 3022 25

2403 3343 2435 3367 30
