2558 3970
131 174 211 214 638
288 169 494 203 ΗΕΙΧΗΜἾ
526 166 662 201 REGiS
689 163 965 199 SENTENTIA
991 161 1187 196 CONTRA
1213 157 1599 195 COMMUNITATES
1625 157 1823 192 VASALL.
1865 156 1964 190 1224.
2001 155 2066 191 Nr.
2085 156 2163 191 465.

852 838 1442 923 APPENDIX.
1501 837 1608 920 V.

716 1093 1097 1179 ACTA
1173 1089 1742 1176 SPURIA.

353 1496 484 1562 465.
538 1487 1055 1561 HEINRIGI
1104 1483 1431 1555 REGIS
1483 1482 2111 1554 SENTENTIA

139 1606 574 1679 CONTRA
636 1598 1502 1675 COMMUNITATES
1551 1597 2328 1669 VASALLORUM.

1035 1725 1176 1772 1224.
1213 1725 1328 1772 Dec.
1358 1724 1436 1771 28.
2382 1748 2397 1772 5

285 1873 523 1915 Eclisleroemt
569 1872 610 1927 1)
652 1871 876 1923 Schopflin
916 1869 1100 1911 ‘Alsatia
1136 1867 1415 1922 diplomatica’
1447 1867 1484 1916 I,
1505 1865 1590 1907 352
1632 1877 1699 1907 nr.
1722 1866 1809 1905 437
1845 1878 1864 1905 e
1902 1866 2156 1906 transsumto
2191 1864 2332 1906 curiae

139 1944 395 1985 Basilicus&
435 1942 663 1995 &compluto
701 1955 726 1981 α
765 1940 892 1981 libero
932 1939 1085 1980 barone
1115 1937 1383 1986 Zurlaubem
1424 1934 1468 1990 2)
1501 1933 1720 1976 Zeerleder
1757 1932 2005 1975 ‘Urlczmden
2041 1932 2123 1988 fur
2153 1933 2218 1974 die
2251 1933 2332 1975 Ge-

139 2012 311 2052 seluemo
342 2012 415 2052 der
436 2010 558 2052 Stadt
580 2010 711 2050 Bern’
746 2009 784 2058 I,
805 2010 889 2049 214
921 2021 986 2049 nr.
1014 2009 1095 2047 134
1126 2009 1163 2048 ct
1194 2006 1281 2058 ipse
1312 2018 1363 2045 cx
1393 2002 1623 2054 mammem-2·
1644 2001 1950 2044 Zurlaubz'ano.
2017 2000 2129 2053 Opus
2154 2000 2333 2056 falsarii

138 2082 209 2121 lene
242 2083 504 2132 prsweeptum
542 2092 644 2128 csse,
684 2077 880 2130 probavit
915 2077 981 2117 vir
1021 2076 1069 2117 cl.
1100 2072 1538 2125 Scheffer-Boichorst
1579 2070 1729 2112 ‘Neues
1759 2069 1928 2111 Archiv’
1960 2070 2063 2120 XX,
2086 2071 2168 2110 184
2184 2083 2243 2123 sq.
2278 2095 2331 2100 —

142 2148 598 2190 Namara-Breholles
629 2146 695 2196 II,
717 2148 814 2189 820.
875 2145 1068 2195 Bo'hmcr,
1100 2143 1202 2196 Ray.
1233 2143 1332 2194 imp.
1357 2140 1545 2192 K3954.
1979 2139 2050 2192 (P.
2068 2139 2187 2194 254.)
2369 2158 2402 2183 10

284 2263 513 2305 Ileinricus
546 2262 628 2302 Dei
661 2261 800 2316 gratia
822 2259 1117 2300 Romanorum
1148 2271 1226 2298 rex
1259 2261 1302 2298 et
1334 2269 1506 2311 semper
1538 2257 1749 2309 augustus
1783 2253 1996 2295 universis
2028 2253 2192 2309 imperii
2225 2253 2333 2295 fide-

142 2332 252 2373 libus
286 2336 532 2387 presentem
565 2331 767 2386 paginam
799 2328 1058 2383 inspecturis
1093 2327 1276 2382 gratiam
1309 2339 1431 2366 suam
1467 2327 1510 2366 et
1543 2337 1668 2364 omne
1701 2322 1876 2364 bonum.
1967 2321 2163 2363 Dilectus
2196 2321 2335 2363 fidelis

143 2408 288 2442 noster
320 2400 527 2441 Libaldus
560 2399 612 2440 (le
635 2398 879 2439 Bafrimont
911 2411 989 2438 sua
1021 2397 1146 2437 nobis
1183 2394 1496 2450 conquestione
1519 2392 1786 2443 monstravit,
1820 2391 1933 2447 quod
1958 2391 2112 2432 vasalli
2135 2395 2177 2432 et
2200 2391 2334 2433 ceteri

142 2471 337 2511 homines
383 2470 448 2510 sui
489 2469 540 2510 de
579 2468 764 2509 vallibus
807 2468 850 2508 in
880 2465 1170 2522 I-Iauspurcha
1215 2463 1472 2505 auctoritate
1514 2461 1688 2517 propria
1732 2460 1942 2516 quasdam
1985 2461 2332 2512 communitates,

143 2539 486 2589 constitutiones,
530 2538 742 2578 novitates
788 2541 830 2577 et
873 2535 1195 2577 coniunctiones
1228 2533 1399 2574 vinculo
1442 2531 1543 2572 fidei
1583 2531 1774 2571 firmatas
1818 2529 2059 2580 inhierunt,
2105 2533 2273 2571 etcum
2307 2544 2332 2570 a
2371 2548 2401 2571 ιε»

145 2608 262 2648 curia
294 2612 442 2647 nostra
473 2606 677 2647 iudicium
711 2605 793 2646 sibi
825 2605 919 2645 fieri
951 2604 1167 2660 petiisset,
1200 2607 1340 2643 utrum
1374 2601 1455 2642 hoc
1488 2600 1612 2640 dictis
1635 2599 1808 2641 vasallis
1842 2602 1885 2640 et
1908 2598 2066 2640 ceteris
2090 2597 2334 2639 hominibus

145 2676 232 2715 suis
266 2676 355 2716 sine
388 2676 563 2716 licentia
595 2680 636 2716 et
669 2688 881 2715 consensu
913 2673 1073 2714 domini
1106 2673 1172 2713 sui
1202 2672 1369 2722 liceret,
1403 2669 1639 2710 iudicatum
1672 2668 1751 2709 fuit
1783 2682 1807 2708 a
1839 2667 2106 2723 principibus
2141 2672 2185 2708 et
2208 2667 2332 2708 baro-

144 2743 286 2783 nibus:
323 2743 434 2798 quod
467 2745 548 2799 ipsi
581 2743 733 2784 vasalli
767 2747 810 2783 et
843 2741 978 2783 ceteri
1010 2740 1204 2782 homines
1237 2740 1329 2781 sine
1356 2752 1571 2780 consensu
1595 2737 1697 2778 dicti
1719 2736 1918 2778 Libaldib
1952 2741 1994 2778 et
2018 2736 2147 2777 etiam
2171 2735 2335 2790 absque

145 2818 291 2852 nostra
324 2817 366 2853 et
398 2813 564 2867 imperii
598 2812 819 2852 voluntate
853 2810 993 2851 nullas
1027 2809 1382 2859 communitates,
1416 2806 1760 2856 constitutiones,
1795 2805 2105 2846 conventiones
2138 2808 2181 2846 et
2213 2805 2333 2845 novi-

145 2886 255 2921 tates
288 2886 488 2935 poterant
519 2885 789 2936 attemptare.
853 2878 978 2920 Unde
1015 2891 1093 2919 nos
1127 2876 1330 2933 quicquid
1363 2891 1388 2917 a
1410 2875 1618 2931 predictis
1642 2874 1817 2916 vasallis
1842 2877 1884 2914 et
1908 2873 2063 2914 ceteris
2086 2873 2330 2914 hominibus
2371 2888 2404 2912 20

146 2951 287 2990 taliter
325 2955 390 2991 cst
427 2954 731 3005 attemptatum
770 2953 813 2990 et
852 2948 1058 3003 precipue
1100 2946 1423 2987 coniunctiones
1468 2944 1566 2985 fidei
1609 2943 1939 2998 interpositione
1981 2942 2034 2983 ab
2075 2941 2240 2983 eisdem
2282 2941 2335 2982 de

148 3032 257 3059 novo
291 3019 480 3059 firmatas
514 3019 683 3073 penitus
716 3031 981 3058 revocamus.
1045 3015 1104 3055 Ut
1136 3019 1280 3055 autem
1314 3014 1531 3055 sententia
1562 3014 1653 3054 lata
1684 3026 1709 3052 a
1740 3011 2007 3067 principibus
2032 3014 2075 3051 et
2096 3010 2333 3051 baronibus

148 3087 314 3141 imperii
346 3101 420 3141 pro
454 3087 565 3127 dicto
588 3086 769 3127 Libaldo
793 3086 846 3127 de
870 3085 1125 3126 Bafromont
1158 3087 1367 3139 perpetua
1390 3082 1580 3137 gaudeat
1610 3081 1826 3131 firmitate,
1859 3083 2106 3134 presentem
2130 3079 2332 3134 paginam

148 3155 300 3195 exinde
335 3156 546 3196 conscribi
580 3159 623 3196 et
655 3154 783 3209 sigilli
815 3154 947 3194 nostri
980 3153 1215 3193 munimine
1248 3151 1430 3192 fecimus
1462 3149 1673 3204 insigniri.

292 3223 430 3263 Huius
464 3224 524 3264 rei
563 3228 697 3264 testes
731 3228 849 3263 sunt:
895 3221 1186 3276 Engelbertus
1220 3219 1514 3269 Coloniensis,
1553 3217 1849 3259 Theodoricus
1881 3215 2161 3257 Treverensis
2194 3215 2332 3256 archi·
2371 3231 2403 3257 2⁵

150 3291 357 3345 episcopi.
403 3291 643 3346 Syphridus
678 3291 991 3345 Augustensis,
1025 3288 1273 3330 Willelmus
1305 3287 1668 3337 Lausannensisc,
1710 3285 1927 3326 Henricus
1958 3284 2211 3326 Basiliensis
2245 3285 2336 3339 epi-

151 3360 283 3412 scopi.
318 3359 445 3412 Ilugo
480 3360 613 3400 abbas
647 3359 955 3409 Morbacensis,
993 3372 1136 3399 comes
1170 3357 1419 3413 Stephanus
1449 3355 1715 3410 Burgundie,
1741 3353 1988 3394 Willelmus
2021 3349 2336 3404 Ge‘bennensis,

151 3426 358 3466 Girardus
391 3428 441 3467 de
476 3428 626 3481 Dyze‘1
660 3429 856 3477 comites,
891 3426 1113 3469 Conradus
1146 3426 1403 3480 burgravius
1437 3425 1489 3466 de
1522 3423 1838 3482 Nyremberch.

294 3495 452 3535 Datum
485 3496 596 3549 apud
620 3496 819 3547 Bernam,
853 3511 964 3537 anno
999 3495 1138 3550 gratie
1159 3493 1479 3544 MCCXXIIII,
1513 3492 1746 3533 indictione
1770 3490 1897 3542 XIII,
1928 3490 1981 3531 V.
2004 3489 2103 3533 Kal.
2128 3489 2337 3532 Ianuarii.

286 3596 370 3631 4⁴55.
404 3604 433 3637 ²³)
460 3600 667 3641 Hauspurgh
696 3600 724 3632 1.
842 3598 876 3640 b)
903 3599 1044 3632 Lebaldi
1073 3598 1099 3630 l.
1219 3598 1248 3639 ⁰)
1275 3598 1506 3630 Lausanensis
1532 3595 1563 3629 1.
1683 3593 1716 3635 d)
1742 3595 1861 3638 Dyche
1888 3593 1917 3626 1.
2375 3598 2408 3624 30
