2558 3970
94 1288 124 1311 10

94 1633 125 1657 15

94 1978 128 2003 20

94 2323 126 2349 25

97 2666 130 2691 30

99 3020 132 3046 35

101 3367 135 3391 40

104 3700 137 3728 45

403 165 622 200 HEINRICI
652 164 790 200 REGIS
821 164 1138 198 l‘ltlvlm-:ulml
1169 164 1262 198 PRO
1293 161 1481 195 {u'c'A'rl'
1513 161 1759 194 Al‘s'l'ltlstj,
1817 162 1909 194 12:2⁸.
1963 159 2120 192 Nun-1⁴35.
2278 163 2361 199 ⁴33¹.)

319 428 454 495 466.
513 422 1019 494 HElNRwl
1091 421 1411 490 vasshllb*
1474 419 2205 489 l'llll'llilCGlUM

606 538 817 609 PRO
871 537 1312 608 DUUA'PU
1375 535 1928 607 Aus'l‘ulixlss.

1060 664 1202 709 1228.
1241 663 1369 721 Aug.
1399 663 1478 708 24.

303 808 624 861 Auloyraplcon,
665 809 731 848 cui
770 808 852 847 ium
887 820 997 846 ηιιηιτ
1027 807 1231 858 appendet
1265 808 1354 859 filis
1384 806 1530 845 sericis
1562 805 1702 845 rubris
1734 803 2195 857 siglillis)·‹1511m2nlum‚
2232 804 2366 841 ‘astat

160 877 207 917 in
237 877 448 918 tabulario
480 875 806 926 Vinclobo›eensi‚
849 877 968 916 cuius
1011 876 1242 927 ‹zrcmplmn
1281 875 1590 927 ‹liplunmlivum
1633 874 1716 912 iam.
1747 873 1844 912 olim
1871 870 1973 924 faewe‘l
2008 871 2069 909 νίν
2101 870 2149 911 vl.
2187 870 2366 911 Wuum-

160 945 261 987 bach
301 945 433 998 idque·
459 945 589 986 eclide't
621 945 791 986 ‘Archiv
824 945 906 999 fiir
944 945 1097 985 Kmulc
1138 944 1493 985 osterreichiscla-›-
1537 940 2001 992 (1'11.s·arl11'rl1l.s·-(guellrn‘
2035 939 2159 983 l'III,
2191 941 2276 978 ΙΙΙ.
2344 964 2363 967 -

161 1014 622 1056 Huillarcl-Brehollcs
653 1015 743 1064 III,
765 1016 863 1057 331.
925 1014 1120 1065 Bolamcr,
1156 1015 1258 1068 lizy.
1293 1015 1389 1066 imp.
1419 1013 1461 1063 V,
1480 1015 1604 1053 1113.
1988 1008 2058 1060 (Ι).
2083 1008 2223 1056 (locst.)

301 1129 320 1187 ξ
355 1130 405 1170 In
447 1130 617 1171 nomine
658 1133 806 1170 sancte
848 1134 891 1170 ct
930 1128 1148 1170 individue
1182 1129 1409 1170 Trinitatis
1452 1142 1594 1168 amen.
1657 1125 1874 1167 llcnricus
1912 1123 1992 1165 Dei
2035 1123 2174 1175 gratia
2208 1124 2364 1163 Homa-

160 1214 310 1241 norum
345 1214 422 1241 rex
455 1203 499 1240 et
531 1213 703 1254 semper
735 1204 957 1252 augustus.
990 1198 1007 1251 ἔξ
1097 1198 1287 1253 Dignum
1323 1202 1389 1239 est
1423 1198 1619 1238 nimirum
1646 1201 1689 1236 et
1712 1199 2051 1235 consentancum
2087 1194 2368 1248 possibilibus

162 1268 385 1323 rogatibus
428 1268 590 1323 regiam
633 1269 902 1309 maiestatem
945 1269 1058 1308 omni
1104 1273 1296 1323 tempore
1344 1266 1574 1309 annuendo
1619 1265 1861 1317 largissime
1898 1262 2128 1303 subvenire
2166 1263 2367 1318 ipsosque

162 1338 407 1393 benigniter
445 1337 681 1392 adinplere.
744 1337 925 1378 Noverit
964 1337 1095 1392 igitur
1126 1338 1316 1377 omnium
1351 1337 1512 1377 (flu-isti
1556 1335 1775 1388 nostrique
1814 1333 1933 1385 regui
1976 1332 2164 1372 fidelium
2199 1337 2291 1372 ctas
2326 1338 2369 1371 ct

162 1421 417 1449 successura
450 1407 702 1462 posteritas,
743 1406 855 1461 quod
890 1421 965 1447 nos
999 1407 1260 1462 principum,
1304 1421 1484 1462 quorum
1522 1406 1611 1445 iure
1645 1416 1861 1458 quemque
1896 1402 2187 1441 Romanorum
2222 1416 2368 1453 regem

162 1481 232 1519 est
264 1477 441 1532 eligere,
475 1476 766 1532 beneplacito,
802 1476 982 1517 consilio
1007 1480 1051 1517 et
1073 1476 1221 1518 favore
1247 1476 1392 1517 omnia
1416 1476 1521 1522 iura,
1555 1474 1732 1529 gratias,
1767 1477 1808 1512 ct
1833 1470 2070 1516 libertates,
2105 1474 2368 1524 cunctasque

161 1547 295 1588 bonas
334 1545 670 1587 consuetudines
710 1545 917 1586 nobilium
951 1550 1182 1595 terrarum,
1229 1545 1392 1586 scilicet
1426 1544 1600 1585 Austrie
1635 1548 1677 1583 ct
1711 1541 1874 1596 Styric,
1919 1554 2000 1594 que
2035 1553 2170 1594 usque
2205 1539 2258 1579 ad
2294 1554 2370 1579 nos

162 1616 216 1658 ab
250 1615 436 1671 antiquis
469 1614 792 1670 inperatoribus
816 1614 1198 1669 Romanorumque
1230 1614 1406 1669 regibus
1440 1613 1633 1669 plenarie
1657 1611 1940 1654 devenerunt,
1975 1609 2028 1649 de
2052 1609 2208 1662 quibus
2232 1609 2368 1649 eciam

165 1686 244 1727 rite
290 1689 332 1726 et
372 1685 687 1726 rationabiliter
729 1689 876 1725 noster
919 1688 961 1725 et
995 1685 1106 1725 sacri
1147 1685 1268 1739 regni
1303 1683 1486 1725 dilectus
1520 1680 1769 1736 Leupoldus
1803 1678 1891 1720 dux
1924 1679 2101 1719 Austrie
2137 1683 2179 1719 ct
2213 1679 2371 1732 Sty-rie,

163 1754 437 1810 antiquorum
478 1755 770 1810 inperatorum
815 1753 1199 1808 Romanorumque
1245 1767 1396 1808 regum
1446 1752 1602 1801 literis,
1647 1764 1754 1805 quas
1796 1747 2169 1797 certitudinaliter,
2211 1747 2372 1787 lesione

164 1823 358 1879 qualibet
388 1823 539 1879 procul
570 1827 699 1874 mota,
733 1822 933 1873 vidimus,
967 1822 1140 1878 plenius
1175 1837 1249 1863 nos
1283 1822 1503 1863 instruxit.
1567 1820 1623 1861 Et
1657 1833 1753 1860 cum
1777 1818 1919 1858 divina
1953 1817 2090 1872 gratia
2124 1817 2241 1871 regia
2274 1831 2370 1871 per-

163 1892 401 1934 fectissime
441 1893 702 1948 perfruimur
740 1896 960 1947 potestate
1002 1892 1150 1947 procul
1190 1892 1342 1941 dubio,
1386 1896 1579 1932 nostram
1626 1889 1813 1943 regalem
1856 1887 1965 1928 bene
2001 1885 2211 1926 condecet
2243 1886 2371 1939 largi-

164 1966 314 2013 tatem,
346 1966 393 2003 ut
424 1965 597 2004 nostros
630 1966 674 2003 et
706 1962 817 2003 sacri
852 1963 972 2017 regni
1005 1963 1223 2018 principes
1248 1961 1586 2016 eorumdemque
1612 1965 1748 2001 terras
1772 1958 1938 1999 iuribus
1963 1961 2004 1997 ct
2027 1956 2178 2011 gratiis
2204 1956 2370 2010 specia-

162 2032 275 2073 libus
309 2031 605 2073 sublimemus.
667 2030 703 2072 E
737 2031 891 2087 quibus
927 2032 1174 2088 specialiter
1198 2032 1474 2086 magnificum
1510 2034 1552 2071 et
1586 2043 1708 2071 sacro
1743 2042 1874 2082 regno
1907 2026 2221 2076 fidelissimum,
2255 2039 2368 2065 sum-

162 2116 278 2142 mum
311 2105 506 2142 nostrum
544 2101 782 2156 principem
815 2100 1086 2156 Leupoldum
1130 2100 1284 2143 ducem
1316 2100 1493 2141 Austrie
1529 2103 1572 2141 et
1611 2098 1755 2154 Styrie
1789 2096 2052 2150 easdemque
2087 2109 2187 2135 suas
2222 2102 2373 2141 terras,

167 2170 451 2226 sequentibus
493 2169 679 2223 iuribus,
722 2170 871 2226 gratiis
912 2174 954 2211 et
994 2170 1268 2212 libertatibus
1303 2170 1500 2211 volumus
1535 2169 1763 2210 honorare.
1826 2166 1970 2207 Primo
2004 2163 2117 2219 quod
2150 2164 2183 2204 si
2217 2164 2374 2218 aliquis

163 2241 291 2282 alicui
323 2239 480 2281 ducum
511 2240 687 2281 Austrie
721 2245 764 2281 et
798 2239 955 2295 Styrie,
989 2254 1245 2295 quacunque
1277 2242 1530 2281 censeretur
1559 2237 1783 2292 dignitate,
1817 2248 1992 2276 suarum
2024 2238 2235 2274 terrarum
2271 2248 2369 2288 pro-

165 2309 332 2351 vincias
373 2313 416 2351 et
458 2309 564 2350 talia
605 2312 772 2361 cetera,
816 2323 1074 2364 quoeunque
1117 2309 1292 2350 nomine
1332 2307 1778 2362 nunccupacioneque
1813 2307 2087 2351 censeantur,
2129 2317 2211 2357 que
2245 2307 2318 2343 aut
2350 2316 2375 2341 a

165 2379 300 2434 regali
347 2379 679 2434 magnificencia
721 2393 797 2421 seu
837 2394 862 2420 a
902 2379 1165 2434 principibus
1207 2378 1501 2433 spiritualibus
1544 2375 1839 2417 concessionis
1886 2373 2191 2414 collacionisve
2235 2372 2373 2412 officio

163 2449 444 2499 derivaretur,
497 2449 664 2503 legare,
715 2448 840 2498 dare,
884 2448 1100 2503 obligare,
1150 2447 1338 2490 vendere
1387 2447 1677 2501 contingeret:
1724 2443 1900 2486 eosdem
1951 2441 2225 2497 gvenditores
2281 2441 2372 2482 sive

168 2518 433 2573 obligatores
466 2517 714 2559 huiusmodi
747 2518 908 2573 regalis
950 2523 1095 2559 nostra
1135 2517 1342 2559 maiestas
1383 2530 1462 2557 nec
1502 2514 1657 2570 aliquis
1698 2513 1917 2555 hominum
1951 2511 2197 2566 aliqualiter
2230 2511 2375 2551 valeat

165 2587 376 2643 inpedire.
437 2586 564 2634 Quod
596 2587 630 2628 si
662 2591 806 2628 autem
841 2587 993 2629 eadem
1027 2587 1233 2639 venditio,
1266 2586 1489 2640 obligatio,
1522 2584 1659 2633 dacio,
1694 2583 1859 2638 legacio
1893 2581 2067 2622 evenire
2099 2580 2374 2633 contingeret

168 2661 255 2698 tam
289 2661 482 2712 repente,
516 2656 631 2711 quod
662 2670 743 2698 nec
775 2657 897 2711 regia
931 2656 1174 2697 sublimitas
1207 2670 1286 2697 nec
1320 2653 1593 2696 horummodi
1627 2653 1860 2694 collatores
1894 2654 2076 2706 possent
2099 2649 2372 2703 aliquatenus

166 2726 344 2782 requiri,
386 2725 571 2767 ducibus
603 2725 781 2767 Austrie
824 2730 867 2767 et
901 2725 1044 2781 Styrie
1083 2724 1292 2781 predictis
1333 2725 1375 2765 in
1416 2738 1565 2766 eorum
1604 2722 1770 2764 iuribus
1805 2721 1858 2762 ob
1892 2720 1973 2761 hoc
2006 2719 2169 2759 nullum
2204 2718 2375 2758 eveniat

164 2796 340 2852 penitus
380 2795 728 2837 detrimentuml.
802 2794 948 2835 Etiam
994 2794 1109 2835 idem
1155 2808 1396 2849 generosus
1442 2793 1645 2849 princeps
1685 2789 1936 2845 Leupoldus
1979 2788 2068 2828 dux
2110 2786 2288 2828 Austrie
2333 2791 2375 2828 et

168 2865 312 2921 Styrie
346 2879 492 2907 coram
524 2868 672 2906 nostre
704 2864 946 2906 maiestatis
979 2864 1117 2905 oculis
1151 2868 1194 2905 et
1227 2864 1468 2905 electorum
1492 2861 1678 2904 Romani
1711 2859 1834 2913 regni
1860 2858 2060 2899 culminis
2093 2856 2372 2911 inquisitione

169 2941 213 2977 et
245 2935 472 2977 sentencia
503 2934 687 2976 obtinuit
723 2934 972 2990 presollerti
1005 2933 1246 2975 secundum
1280 2947 1457 2975 suarum
1492 2932 1765 2986 antiquarum
1800 2929 2022 2970 literarum
2056 2926 2371 2975 recitationem,

170 3006 315 3047 omnia
357 3018 435 3046 sua
475 3004 570 3045 iura
610 3017 688 3045 seu
729 3003 878 3054 feoda,
923 3003 1234 3058 cuiuscumque
1276 3002 1362 3043 sint
1394 3001 1681 3049 condicionis,
1729 3000 1770 3040 in
1804 3012 1913 3053 equo
1947 2995 2144 3038 residens
2178 2993 2374 3048 recipiat,

168 3073 328 3115 talibus
361 3073 671 3115 collacionibus
711 3072 936 3127 magnifice
977 3071 1234 3127 preditatus.
1297 3072 1507 3113 Preterea
1541 3069 1681 3112 eidem
1714 3067 2006 3109 illustrissimo
2045 3063 2228 3120 principi
2260 3063 2375 3104 Leu-

170 3142 301 3198 poldo
335 3142 432 3184 duci
453 3142 632 3183 Austrie
656 3145 700 3183 et
723 3140 865 3196 Styrie
899 3141 1150 3196 cunctisque
1183 3141 1271 3182 suis
1304 3140 1564 3196 sequacibus
1588 3140 1699 3180 hanc
1729 3137 1909 3192 largiter
1932 3134 2210 3177 concedimus
2235 3132 2374 3187 digni-

169 3215 317 3264 tatem,
349 3215 396 3252 ut
427 3212 470 3252 in
494 3211 560 3252 sui
589 3210 854 3266 principatus
877 3210 1008 3265 pilleo
1033 3214 1178 3251 nostre
1202 3210 1361 3265 regalis
1384 3223 1542 3251 corone
1567 3208 1784 3264 dyadema
1808 3205 2060 3248 solemniter
2082 3204 2195 3245 ferre
2221 3202 2376 3257 possit;

169 3280 364 3322 volentes
405 3280 568 3334 largius
612 3293 763 3320 omnes
803 3293 904 3320 suas
948 3283 1087 3320 terras
1130 3292 1208 3320 seu
1250 3278 1452 3329 ditiones,
1497 3277 1716 3318 districtus
1761 3280 1804 3317 et
1846 3279 1993 3316 cetera
2035 3273 2090 3314 ad
2131 3271 2377 3313 huiusmodi

171 3349 437 3404 pertinentia
475 3350 545 3391 vel
586 3362 669 3404 que
709 3349 753 3389 in
794 3351 1018 3403 posterum
1057 3348 1251 3403 poterint
1289 3348 1506 3399 obtinere,
1557 3346 1741 3397 habere,
1784 3348 1940 3386 cuncta
1977 3344 2090 3394 iura,
2134 3341 2377 3392 libertates,

170 3419 334 3474 gratias
375 3419 600 3474 bonasque
641 3416 1003 3469 consuetudines,
1045 3431 1151 3472 quas
1193 3417 1327 3459 duces
1371 3417 1472 3458 olim
1513 3421 1725 3458 terrarum
1764 3414 1850 3455 iam
1882 3413 2092 3454 dictarum
2127 3411 2198 3467 pie
2233 3424 2375 3452 recor-

310 3522 344 3565 1)
373 3521 429 3563 Cf.
456 3521 602 3555 Bullam
627 3531 774 3555 auream
799 3519 932 3554 Karoli
951 3519 1018 3554 IV.
1044 3530 1119 3562 cap.
1139 3525 1196 3554 10:
1230 3519 1410 3564 Quodque
1436 3518 1571 3553 futuris
1601 3519 1781 3563 perpetuo
1808 3515 1958 3550 Boemie
1983 3514 2133 3559 regibus
2159 3515 2228 3548 hac
2253 3515 2379 3547 nostra

171 3578 359 3624 imperiali
393 3578 664 3614 constitucione
691 3580 728 3612 et
758 3577 885 3622 gracia
918 3578 1098 3621 perpetuo
1124 3576 1295 3612 valituris
1321 3589 1343 3612 a
1369 3577 1652 3621 quibuscunque
1678 3574 1928 3621 principibus,
1965 3571 2204 3618 magnatibus
2230 3583 2271 3605 ac
2298 3582 2379 3615 per-

173 3637 271 3672 sonis
302 3635 386 3671 aliis
411 3648 651 3681 quoscunque
684 3638 817 3677 terras,
851 3636 990 3676 castra,
1024 3634 1288 3679 possessiones,
1322 3635 1452 3680 predia
1477 3635 1554 3670 sive
1578 3635 1677 3669 bona
1701 3634 1815 3668 liceat
1840 3643 1976 3673 emere,
2004 3641 2217 3675 comparare
2252 3641 2314 3664 seu
2340 3628 2378 3662 in

175 3695 313 3731 donum
338 3695 396 3730 vel
423 3695 666 3730 donacionem
693 3706 737 3730 ex
763 3703 985 3740 quacunque
1012 3703 1124 3727 causa
1149 3694 1216 3727 aut
1240 3692 1279 3728 in
1305 3693 1575 3738 obligacionem
1601 3692 1774 3737 recipere.
1821 3687 2201 3725 WATTENBACH.
