2558 3970
76 901 108 926 10

75 1251 106 1276 15

75 1594 108 1620 20

75 1939 107 1966 25

75 2283 109 2309 ³0

77 2628 108 2655 ³5

83 3373 116 3400 45

684 151 928 186 FRIDERICI
956 151 1000 185 II.
1027 152 1458 188 CONS'I‘I'I‘UTIONES.
1512 155 1607 188 1235.
1659 155 1721 188 Nr.
1745 156 1818 189 196.
2261 159 2339 198 *247

144 282 316 317 causae,
349 268 504 322 quibus
537 268 824 322 personaliter
857 267 1074 322 presidere
1111 283 1189 308 non
1226 284 1466 323 possumus.
1503 286 1578 325 per
1613 272 1744 312 virum
1772 272 1949 326 probati·
1975 271 2094 314 fidoi.
2129 273 2341 327 opinionis

145 337 348 387 honeste,
389 336 654 391 prepositum
694 336 861 376 iudiciis
905 336 996 376 loco
1040 338 1173 377 nostri
1209 338 1403 378 volumus
1446 341 1676 380 terminari.
1745 341 1787 380 In
1823 355 1904 394 quo
1946 348 2090 394 preti-r
2125 341 2225 383 hev.
2259 356 2340 395 quo

143 409 290 448 nostre
333 419 516 446 censure
560 405 809 459 specialiter
850 406 1189 449 reservavimus,
1239 407 1486 448 inviolabile
1530 409 1732 449 iudicium
1778 410 2036 450 attendatur.
2102 411 2341 450 Statuinms

142 475 290 529 igitur,
337 478 385 514 ut
426 473 544 514 curia
587 478 735 514 nostra
782 474 1060 514 iusticiarium
1102 474 1280 517 habeat.
1331 476 1463 515 virum
1505 477 1638 516 libi-ro
1685 478 1963 519 conditionis.
2011 479 2081 532 qui
2117 479 2155 518 in
2191 479 2339 519 codem

142 542 348 598 persistat
379 542 520 583 officio
552 541 606 583 ad
639 542 779 582 minus
813 557 890 597 per
921 556 1094 592 annum,
1127 544 1160 582 si
1197 543 1306 583 bene
1342 549 1384 583 et
1418 545 1526 584 iusto
1553 560 1597 585 se
1622 548 1819 597 gesserit.
1879 547 1957 586 llic
1983 548 2162 597 singulis
2187 548 2339 588 «liviam

143 611 293 654 iuditio
336 610 576 667 presideat,
625 612 821 666 exceptis
870 610 1022 652 diebus
1070 610 1293 652 dominicis
1346 618 1388 653 ct
1431 614 1527 653 aliis
1577 615 1698 654 l'ostis
1745 615 1996 655 inuiioribus.
2046 617 2109 655 ius
2159 616 2340 656 roddens

143 680 340 722 omnibus
373 680 711 735 querelantibus,
745 685 1021 735 preterquam
1055 679 1107 721 de
1143 681 1409 735 principibus
1444 688 1486 722 ct
1519 683 1613 722 aliis
1639 684 1834 736 personis
1858 685 2110 723 sublimibus
2137 686 2174 725 in
2202 687 2340 726 causis

143 765 225 806 que
259 753 442 804 tangunt
475 763 695 804 personas,
729 750 808 795 ius,
842 749 1061 799 honorem,
1094 748 1235 794 feoda,
1271 750 1579 804 primi-ietatem
1609 752 1674 791 vel
1707 751 1990 792 hereditatem
2017 754 2264 793 eorundem.
2300 763 2336 793 ot

143 820 225 862 nisi
266 819 319 860 de
362 819 505 860 causis
548 818 769 865 maximist.
813 817 1102 872 predictorum
1146 817 1305 859 etenim
1347 817 1661 859 discussionem
1704 828 1746 860 et
1789 821 1988 860 iudicium
2031 828 2174 861 nosti-‹-
2216 823 2337 861 ‹wlsi-

144 889 309 931 tudiniv
341 902 629 930 reservamus.
691 887 774 928 Hic
807 886 938 928 iudex
971 887 1177 928 terminos
1211 886 1302 927 sive
1337 886 1428 927 dies
1464 888 1503 927 in
1539 888 1620 928 illis
1644 888 1788 928 arduis
1815 890 1954 929 causis·
1980 890 2224 930 eorundem.
2260 906 2339 944 qu«-

144 958 197 1000 ad
229 958 406 1013 ipsumw
437 961 650 1012 spectant,
685 971 768 997 non
803 956 986 1011 prefiget
1021 956 1112 996 sine
1147 961 1292 996 nostro
1326 956 1504 1010 speciali
1539 957 1753 998 mandato.
1821 958 1934 998 ltoos
1970 974 2047 999 non
2077 960 2340 1012 proscribe-1¹

143 1042 223 1070 nee
255 1042 279 1068 a
310 1027 624 1083 proscriptione
657 1025 872 1067 absolvet:
917 1025 993 1066 hec
1036 1040 1221 1080 namque
1265 1026 1510 1065 auctoritati
1555 1031 1726 1066 nosti-0³·
1760 1028 2026 1067 excellencie
2062 1043 2341 1068 rosei-ramos.

143 1097 200 1138 Et
234 1096 346 1138 idem
380 1096 549 1145 iurabit,
584 1095 697 1150 quod
731 1094 862 1136 nichil
895 1095 1080 1150 accipiet
1112 1109 1187 1149 pro
1223 1094 1385 1136 iuditio.
1419 1094 1530 1149 quod
1569 1109 1647 1135 nee
1682 1110 1824 1136 amore
1860 1111 1935 1136 ne«-
1969 1097 2080 1138 odio.
2117 1112 2191 1137 ιιι-ι·
2219 1113 2342 1151 ,ιι-(ψι-

144 1180 223 1207 nec
256 1165 416 1221 precio,
450 1178 528 1205 nec
562 1165 715 1205 timore
750 1178 829 1204 nee
861 1164 1020 1218 gracia,
1056 1178 1135 1203 nee
1168 1163 1253 1204 alia
1287 1178 1558 1218 quacumque
1589 1163 1640 1205 ‹le
1672 1179 1803 1205 eausa
1838 1165 2047 1205 inan-abit
2070 1166 2194 1206 alitor
2217 1180 2342 1220 quam

143 1235 304 1276 iustum
347 1233 456 1274 sciat
489 1233 555 1274 vel
595 1232 744 1275 credat
783 1232 1018 1274 secundum
1060 1232 1377 1274 conscienciam
1417 1247 1536 1273 suam
1581 1233 1691 1275 bona
1737 1233 1818 1274 lide
1853 1235 1943 1274 sine
1976 1235 2087 1275 omni
2123 1235 2269 1275 fraud«-
2303 1244 2343 1275 et

141 1303 250 1345 dolo.
314 1302 465 1344 Eidem
498 1302 752 1343 dimittimus
786 1306 830 1343 et
872 1302 1145 1357 assignamus
1191 1302 1303 1349 iura,
1348 1316 1430 1356 que
1468 1316 1521 1343 ex
1563 1302 1833 1343 absolutione
1877 1304 2209 1358 proscriptorum
2247 1319 2339 1358 pro-

140 1373 330 1422 veniunt,
363 1379 472 1428 quez
505 1371 633 1427 vulgo
666 1371 864 1413 dicuntur
895 1375 1022 1412 wette
1056 1395 1107 1400 ——
1142 1384 1287 1411 eorum
1321 1370 1548 1411 dumtaxat
1562 1378 1578 1394 ²·
1610 1385 1785 1426 quorum
1820 1386 1949 1412 cause
1981 1386 2121 1412 coram
2157 1388 2206 1411 ‹·o
2232 1379 2342 1412 tras·-

142 1446 229 1484 tate
264 1445 363 1483 sunt
396 1466 449 1471 —
482 1446 528 1482 ut
560 1441 898 1482 benevolencius
933 1439 1093 1481 iudicet
1127 1444 1168 1480 et
1202 1455 1226 1480 a
1250 1440 1365 1480 nullo
1390 1454 1568 1481 munera
1594 1441 1786 1495 recipiat.
1842 1444 1979 1488 Quam
2006 1456 2157 1495 penam
2185 1442 2342 1481 nemini

142 1511 370 1561 relaxabit,
404 1515 450 1552 ut
482 1511 678 1552 homines
712 1510 1070 1566 proscriptionem
1104 1510 1253 1564 pocius
1289 1510 1481 1551 timeant.

282 1582 349 1622 29.
382 1579 503 1622 Idem
534 1579 713 1621 habebit
743 1579 956 1620 notarium
980 1578 1227 1633 specialem,
1252 1578 1326 1632 qui
1351 1579 1524 1619 nomina
1549 1579 1882 1634 proscriptorum
1909 1579 2064 1619 scribet
2092 1584 2133 1618 ot
2152 1584 2341 1619 actorum

142 1654 185 1692 et
225 1663 401 1691 causam
440 1642 579 1704 ipsam
618 1648 735 1690 siveb
768 1648 987 1703 querelam
1029 1653 1072 1689 et
1105 1646 1218 1688 diem
1251 1661 1334 1701 quo
1376 1647 1674 1702 proscriptioni
1709 1648 1999 1689 involventur.
2039 1649 2139 1689 item
2176 1649 2344 1688 nomina

141 1719 437 1761 absolutorum
471 1732 496 1759 a
525 1718 843 1773 proscriptione
877 1721 920 1759 et
952 1717 1111 1758 actoris
1144 1720 1321 1772 propter
1344 1731 1470 1771 quem
1495 1717 1724 1772 proscripti
1750 1717 1936 1767 fuerunt,
1972 1731 2142 1757 causam
2168 1723 2208 1757 et
2233 1717 2343 1757 ‹liom

141 1787 448 1838 absolucionis,
482 1786 784 1828 fideiussorum
820 1786 1007 1828 absoluti
1040 1786 1226 1835 nomina,
1259 1785 1330 1840 qui
1363 1785 1449 1826 sint
1481 1790 1525 1826 et
1557 1785 1671 1826 unde
1704 1786 1800 1832 sint,
1835 1787 1925 1827 sive
1949 1786 2076 1827 aliam
2103 1786 2342 1827 cautionem

143 1872 267 1914 quam
301 1861 468 1913 prestat
501 1856 793 1898 absolvendus
828 1857 951 1897 iuxta
982 1855 1342 1897 consuetudinem
1377 1859 1587 1896 terrarum
1628 1870 1700 1910 pro
1735 1856 2029 1896 satisfactione
2064 1857 2342 1910 querelantis.

142 1926 261 1969 Idem
311 1927 492 1983 recipiet
535 1928 700 1968 litteras
748 1926 1021 1967 continentes
1069 1925 1268 1979 querelas
1316 1930 1359 1965 et
1400 1925 1603 1965 servabit.
1676 1925 1791 1966 Idem
1834 1925 1994 1964 nullam
2035 1925 2160 1964 aliam
2203 1939 2344 1965 euram

142 1997 418 2052 negociorum
465 1997 607 2038 eurie⁰
645 1995 837 2037 habebit.
908 1994 1029 2035 Idem
1069 1994 1230 2035 scribet
1269 1995 1442 2035 nomina
1475 2008 1642 2045 eorum,
1686 1995 1755 2049 qui
1791 2000 2050 2034 accusantur
2085 1994 2147 2033 vel
2183 1993 2344 2034 ‹lenun-

143 2066 309 2107 ciantur
340 2071 544 2121 tanquam
569 2065 710 2107 nocivi
733 2069 860 2116 terre,
894 2069 936 2105 et
959 2063 1225 2105 infamiumc‘
1250 2069 1292 2105 et
1315 2077 1464 2104 eorum
1489 2064 1675 2115 nomina,
1700 2063 1869 2118 quando
1894 2078 1917 2102 a
1941 2063 2176 2118 suspitione
2202 2063 2344 2104 absol-

142 2140 318 2187 vuntur,
358 2134 533 2176 delebit.
596 2134 719 2176 Idem
761 2133 922 2175 scribet
960 2147 1111 2174 omnes
1145 2133 1390 2173 sentencias
1425 2147 1568 2173 coram
1613 2133 1734 2174 nobis
1770 2133 1810 2173 in
1845 2131 2075 2173 maioribus
2108 2133 2248 2172 causis
2285 2132 2344 2171 in-

142 2208 295 2246 ventas
328 2205 516 2246 maxime
551 2203 878 2245 contradictorio
921 2201 1070 2243 iuditio
1104 2205 1326 2257 optentas,
1368 2216 1450 2257 que
1485 2202 1612 2256 vulgo
1645 2201 1845 2242 dicuntur
1877 2202 2091 2256 gesamint
2124 2201 2269 2241 urteil.
2305 2206 2346 2240 ut

143 2273 185 2314 in
218 2277 436 2330 posterum
472 2274 514 2314 in
547 2273 720 2314 casibus
753 2271 964 2313 similibus
997 2271 1260 2326 ambiguitas
1296 2271 1576 2321 rescindatur,
1613 2286 1822 2326 expressa
1846 2276 1960 2311 terra
1983 2270 2218 2311 secundum
2245 2284 2343 2309 ‹Jon-

144 2342 414 2384 suetudinem
454 2343 575 2384 cuius
613 2343 926 2384 sentenciatum
966 2346 1048 2383 est.
1116 2340 1234 2382 Idem
1278 2342 1358 2381 erit
1402 2341 1537 2382 laicus
1577 2346 1752 2396 propter
1791 2341 2034 2381 sentencias
2077 2340 2344 2393 sanguinum.

143 2426 250 2467 quas
283 2412 437 2454 clerico
471 2411 660 2453 scribere
694 2426 779 2453 non
812 2411 927 2459 licet,
961 2416 1004 2452 et
1037 2415 1236 2466 preterea
1268 2415 1326 2461 ut,
1361 2410 1425 2451 si'¹
1460 2409 1682 2464 delinquid
1708 2410 1747 2449 in
1773 2410 1911 2450 officio
1944 2424 2033 2454 suo,
2069 2424 2179 2464 pena
2203 2408 2343 2449 debita

142 2481 358 2536 puniatur.
419 2481 530 2522 Item
564 2481 854 2522 iuramentum
887 2479 1102 2536 prestabit
1135 2479 1373 2521 secundum
1406 2480 1585 2520 formam
1620 2479 1848 2520 iuramenti
1873 2479 2058 2532 qualiter
2091 2478 2346 2518 iusticiarius

142 2551 264 2603 facit,
307 2555 350 2592 et
382 2550 494 2606 quod
525 2550 710 2592 fideliter
740 2554 783 2591 et
815 2550 1015 2605 legaliter
1046 2564 1090 2591 se
1123 2549 1304 2590 habebit
1336 2549 1377 2589 in
1412 2549 1570 2599 officio,
1616 2547 1773 2589 nichil⁰
1807 2547 2045 2602 scripturus
2079 2551 2122 2587 et
2153 2548 2344 2586 facturus

146 2624 295 2662 contra
327 2620 393 2662 ius
426 2624 470 2662 et
501 2619 695 2662 debitum
729 2618 968 2661 secundum
1001 2618 1322 2659 conscienciam
1344 2618 1455 2659 bone
1480 2617 1593 2669 fidei,
1629 2617 1743 2657 omni
1768 2616 1866 2657 dolo
1892 2623 1934 2657 ct
1956 2615 2105 2656 fraude
2131 2620 2342 2655 cessante.

285 2689 355 2731 Ad
394 2690 644 2746 generalem
687 2693 847 2731 statum
890 2692 932 2730 et
975 2688 1331 2743 tranquillitatem
1374 2688 1540 2743 imperii
1589 2686 1703 2728 edite
1744 2691 1787 2727 et
1830 2685 2097 2740 promulgate
2132 2688 2231 2723 sunt
2264 2683 2342 2723 lieo

144 2759 480 2801 constituciones
513 2758 566 2800 de
600 2758 778 2800 consilio
811 2762 854 2798 et
886 2771 1069 2799 assensu
1111 2757 1348 2812 principum
1383 2761 1469 2797 tam
1502 2756 1894 2796 ecclesiasticorum
1927 2768 2050 2808 quam
2087 2753 2340 2793 secularium

144 2843 224 2871 nec
253 2828 364 2871 nonf
392 2829 673 2885 plurimorum
706 2827 942 2869 nobiliumg
974 2832 1016 2868 et
1047 2827 1228 2868 aliorum
1263 2825 1453 2867 fidelium
1488 2825 1675 2880 imperii,
1721 2825 1760 2864 in
1795 2822 2020 2876 sollempni
2055 2822 2196 2861 curiac
2229 2821 2340 2860 cole-

144 2897 269 2940 brata
306 2897 580 2954 Maguncieh.
643 2897 770 2938 Anno
810 2897 1120 2938 incarnationis
1152 2895 1345 2937 Dominii
1381 2893 1720 2944 MCCXXXVR,
1764 2907 1910 2934 mense
1944 2890 2162 2945 Augusti¹.
2209 2889 2339 2930 indic-

146 2967 259 3009 tione
281 2967 406 3019 VIII,
438 2968 678 3022 imperante
710 2966 883 3007 domino
915 2965 1137 3006 Friderico
1173 2964 1362 3006 secundo
1396 2964 1515 3005 Deim
1547 2963 1694 3018 gracia
1735 2961 2014 3002 invictissimo
2048 2960 2340 3000 Romanorum

145 3035 401 3092 imperatore
437 3050 610 3092 semper
641 3040 839 3091 augusto,
872 3034 1144 3076 Ierusalemu
1177 3039 1219 3075 et
1249 3033 1427 3074 Sicilie⁰
1461 3046 1574 3087 rege,
1608 3046 1718 3072 anno
1752 3030 1916 3085 imperii
1948 3030 2040 3070 eius
2066 3028 2160 3069 XV.
2196 3027 2342 3081 regni¹¹

146 3104 410 3147 Ierusalemn
444 3106 499 3157 X,
534 3105 682 3160 regniv
716 3113 847 3146 vero‘¹
882 3104 1058 3145 Sicilie⁰
1090 3102 1328 3144 XXXVII:
1366 3103 1547 3142 feliciter
1580 3115 1718 3140 amen.

284 3242 370 3277 196.
403 3244 436 3285 v)
463 3244 675 3276 celsitudinis
702 3243 731 3276 1.
847 3242 888 3281 w)
917 3242 997 3284 ipsis
1022 3253 1111 3273 corr.
1140 3241 1249 3283 ipsum
1280 3239 1307 3272 l.
1418 3239 1451 3278 x)
1479 3238 1662 3281 prescribet
1696 3236 1721 3268 l.
1817 3241 1848 3269 y}
1875 3242 1906 3267 ct
1933 3235 2012 3266 add.
2039 3233 2065 3266 1.
2161 3239 2189 3269 ⁷»)
2217 3245 2283 3274 quo
2316 3232 2342 3264 l.

146 3300 178 3343 ὃ)
202 3301 312 3343 Eor,d'
338 3305 436 3334 taxat
462 3301 491 3334 1.
607 3300 641 3344 b)
668 3303 741 3335 sine
769 3300 797 3333 1.
905 3300 934 3340 ⁰)
960 3298 1026 3331 cu?
1048 3297 1078 3331 1.
1174 3298 1225 3338 e·)
1251 3296 1400 3334 correaei;
1426 3296 1598 3327 infamiam
1628 3294 1656 3325 1.
1753 3291 1784 3332 (ἲ)
1811 3293 1856 3324 ila
1881 3292 2031 3328 currem&
2055 3303 2090 3323 se
2120 3290 2146 3322 l.
2242 3295 2270 3329 Ρ)
2296 3290 2342 3320 ila

150 3370 352 3413 corriyenda
380 3370 555 3402 videbatur
580 3370 704 3403 codicis
733 3370 827 3403 lectio
852 3347 876 3401 ir
902 3369 937 3400 in
962 3345 993 3400 ii.
1124 3365 1244 3408 s)]1r0
1270 3377 1333 3398 nec
1358 3377 1425 3398 nou
1454 3365 1487 3397 1:
1516 3366 1542 3396 ἕ.
1686 3368 1717 3402 8)
1744 3362 1831 3394 deest
1856 3362 1887 3393 2.
2021 3359 2053 3400 ¹¹)
2081 3361 2283 3402 Maguiitine
2314 3359 2339 3390 l.

147 3425 170 3468 i)
195 3427 361 3460 dominice
384 3426 416 3461 2.
533 3426 568 3469 k)
594 3429 716 3461 MCC.
743 3427 911 3460 tricesimo
939 3427 976 3458 V.
1007 3425 1035 3458 l.
1146 3422 1170 3467 l)
1197 3429 1344 3465 augusto
1374 3422 1402 3455 1.
1496 3424 1538 3463 ¹¹¹)
1567 3421 1628 3453 Dei
1649 3438 1689 3442 -—
1708 3430 1786 3462 rege
1811 3419 1878 3451 (183.
1900 3417 1928 3450 1.
2025 3423 2057 3459 ¹¹)
2084 3417 2284 3449 iherusalem
2310 3416 2341 3448 2.

148 3482 178 3525 ο)
204 3485 329 3519 scicilie
352 3485 384 3519 2.
478 3484 512 3529 P)
538 3497 643 3529 regno
667 3484 699 3518 2.
796 3485 829 3525 q)
854 3484 1066 3526 adscriptum
1091 3481 1123 3513 2.
