2558 3970
213 175 292 214 372
627 166 863 201 FRlDERlCI
891 165 935 198 II.
961 160 1386 198 CONSTITUTIONES.
1440 160 1534 195 1245.
1576 161 1672 194 1246.
1721 159 1785 194 Nr.
1802 160 1880 194 265.
1905 161 1983 195 266.

213 287 327 326 misit
370 286 408 325 in
451 284 668 337 Regnum:
715 281 899 335 qualiter
931 279 1057 318 etiam
1093 276 1327 330 Gregorius
1361 274 1530 317 nonus¹.
1570 273 1851 328 predecessor
1889 274 2028 319 istius.
2071 275 2149 315 sub
2183 289 2235 316 ea
2267 288 2391 315 occa-

215 355 334 395 sione
379 351 490 406 quod
532 364 606 391 nos
646 351 687 389 in
729 349 908 388 termino
948 346 1072 386 nobis
1111 344 1208 384 dato
1249 343 1495 383 infirmitate
1538 343 1704 396 gravati
1750 342 1936 382 transire
1977 343 2244 397 nequivimus
2284 344 2396 384 ultra

215 436 349 462 mare.
393 424 538 461 contra
571 418 777 458 iustitiam
811 416 1003 471 primitus
1037 412 1469 454 excommunicationi
1504 411 1707 461 subiecit,
1748 410 1946 451 deindem
1977 425 2052 465 pro
2085 412 2262 453 servicio
2294 411 2397 454 Iesu

217 490 371 531 Christi
407 486 782 543 peregrinantibus
814 484 952 525 nobis.
988 495 1166 537 regnum
1200 484 1392 521 nostrum
1426 479 1641 520 hostiliter
1672 478 1938 533 usurpando;
1971 479 2154 533 qualiter
2185 479 2236 520 de
2257 480 2392 521 ultra—

215 559 388 599 marinis
431 556 623 611 partibus
662 553 911 595 redeuntes,
958 554 1215 606 recuperata
1247 554 1360 590 terra
1392 551 1564 588 nostran
1595 560 1720 602 quam
1755 551 1946 602 ceperat,
1993 560 2141 601 pacem
2174 562 2269 590 cum
2300 549 2393 604 ipso

219 626 499 669 firmavimus,
542 637 667 678 quam
710 622 827 662 nullo
868 619 1125 661 credidimus
1164 623 1354 672 tempore
1387 615 1643 657 violandam.
1706 614 1843 662 Quam
1885 615 1977 670 ipse
2015 616 2142 656 licet⁰
2173 617 2297 658 nobis
2328 619 2398 658 inp

215 703 336 750 parte
390 706 563 733 servare
614 690 837 745 negaverit
887 688 1137 743 requisitus,
1188 700 1283 727 cum
1332 685 1548 725 civitatem
1596 682 1787 724 Castelle
1830 696 1906 738 per
1953 684 2092 738 ipsum
2142 685 2399 726 turbationis

215 773 404 818 tempore
438 765 689 816 occupatam
724 758 902 799 reddere
937 756 1056 797 nobis
1090 755 1247 796 nollet‘¹
1281 768 1335 795 ex
1368 757 1508 809 pacto,
1542 752 1640 793 dum
1673 752 1714 792 in
1748 752 1892 792 multis
1925 752 2018 793 aliis
2051 758 2238 794 nostram
2261 753 2398 795 offen-

215 831 336 872 deret
369 831 650 871 maiestatem.
684 841 761 868 nos
794 832 938 867 tamen
971 824 1129 866 nedum
1162 823 1304 864 illatas
1337 821 1715 869 dissimulabamus
1749 821 1942 871 iniurias,
1974 834 2123 862 verum
2157 822 2284 863 etiam
2309 837 2398 864 ser-

217 901 303 940 vire
338 899 417 939 sibi
451 898 527 938 sub
562 897 737 937 infinitis
771 895 992 935 laboribus
1018 893 1174 934 nostris
1199 897 1241 932 et
1265 890 1506 946 sumptibus
1531 890 1785 940 nitebamur,
1818 903 1893 930 nos
1917 889 2169 945 opponendo
2192 890 2396 933 Romanis

218 982 293 1023 pro
327 967 680 1022 recuperationes
712 965 864 1005 iurium
899 963 1102 1010 eccl'esie,
1145 975 1227 1015 que
1260 959 1445 1000 Romani
1489 957 1667 1013 predicti
1700 958 1898 1012 nequiter
1930 964 2228 1014 occuparantfl.
2293 959 2400 1001 Cum

218 1037 374 1091 quibus
407 1036 677 1090 postmodum
710 1047 819 1088 papa
854 1032 1047 1087 prefatus
1081 1043 1232 1085 pacem
1266 1027 1519 1082 composuit.
1552 1025 1674 1066 nobis
1708 1026 1852 1066 insciis
1886 1031 1928 1067 et
1958 1028 2247 1082 contemptis&
2309 1028 2402 1069 Nec

220 1105 327 1146 illud
361 1106 560 1159 ignorare
594 1119 665 1145 vos
699 1103 896 1158 patimur,
935 1100 1118 1154 qualiter
1150 1103 1324 1139 contra¹¹
1355 1110 1447 1147 nOS,
1482 1096 1533 1136 de
1566 1095 1758 1150 predicto
1791 1096 1962 1136 servitio
1995 1109 2070 1136 suo
2101 1095 2254 1137 diebus
2276 1100 2404 1138 antev

219 1175 424 1230 proximis
458 1172 741 1214 recedentesW
773 1172 813 1211 in
849 1169 1163 1211 TheotoniamX
1197 1166 1250 1207 ad
1291 1164 1589 1220 corrigendum
1621 1164 1815 1205 Heinrici
1856 1165 2129 1219 primogeniti
2160 1165 2235 1205 filii
2268 1167 2403 1207 nostri

218 1250 428 1284 errores-V.
471 1242 628 1282 favoris
663 1241 728 1281 sui
769 1239 923 1280 litteris
962 1235 1336 1292 precedentibusz,
1382 1234 1549 1275 occulte
1583 1233 1779 1274 nuntium
1812 1233 1866 1273 ad
1906 1233 2122 1288 principes
2154 1233 2401 1287 destinavit,

218 1326 294 1366 per
326 1325 450 1366 quem
484 1310 696 1351 ordinavit
729 1307 915 1357 eosdem,
950 1310 997 1346 ut
1029 1305 1192 1346 nullum
1225 1303 1277 1344 de
1311 1303 1409 1344 filiis
1442 1302 1602 1343 nostris
1635 1302 1703 1342 vel
1736 1301 1788 1343 de
1821 1315 1981 1356 genere
2013 1307 2158 1344 nostro
2191 1303 2234 1343 in
2256 1317 2402 1358 regem

221 1381 299 1421 sibi
334 1385 624 1429 assumerent,
665 1383 790 1434 prout
822 1376 950 1417 iidem
984 1373 1198 1430 principes
1231 1372 1356 1413 nobis
1389 1370 1660 1426 postmodum
1696 1370 1956 1418 retulerunt;
1999 1376 2043 1412 et
2075 1372 2136 1412 sic
2169 1386 2296 1427 quem
2325 1373 2403 1413 im-

218 1463 350 1504 penso
395 1449 567 1489 servitio
616 1447 787 1502 publice
832 1444 1114 1486 credebamus
1161 1442 1322 1482 habere
1364 1440 1613 1495 propitium,
1659 1439 1846 1480 latenter
1886 1440 2128 1481 invenimus
2168 1441 2404 1488 inimicum;

219 1519 401 1574 qualiter
434 1518 561 1558 etiam
597 1516 759 1571 paratis
793 1513 913 1555 nobis
940 1513 982 1553 in
1004 1512 1173 1553 Italiam
1198 1509 1490 1551 descendere*
1522 1522 1597 1564 pro
1621 1507 1928 1563 recuperandis
1950 1522 2035 1549 non
2059 1509 2197 1550 minus
2222 1510 2405 1551 ecclesie

219 1601 342 1641 quam
376 1586 546 1641 imperii
578 1585 758 1633 iuribus,
800 1596 875 1638 pro
909 1581 1189 1622 ultramarino
1222 1580 1395 1634 negotio
1435 1577 1702 1634 procurando
1736 1582 1778 1618 et
1810 1577 2044 1618 ordinando
2078 1582 2193 1619 statu
2224 1579 2402 1634 pacifico

217 1655 406 1710 regionis
454 1655 608 1709 ipsius,
653 1653 767 1693 misit
812 1651 935 1692 nobis
979 1650 1146 1690 obviam
1189 1649 1439 1704 episcopum
1480 1647 1825 1697 Penestrinumb,
1872 1647 2123 1687 nunciorum
2169 1651 2408 1689 nostrorum

219 1722 560 1764 contradictione
595 1725 850 1775 contempta,
885 1720 954 1774 qui
987 1732 1069 1759 non
1102 1718 1239 1773 ipsum
1273 1717 1391 1758 velut
1424 1716 1642 1756 inimicum
1675 1721 1880 1766 nostrum,
1914 1714 1989 1755 sed
2012 1714 2243 1757 Anthiocie
2275 1717 2408 1771 patri-

219 1793 391 1833 archam
426 1792 543 1832 velut
582 1790 764 1831 amicum
804 1790 845 1839 in
885 1787 1170 1829 transmarino
1210 1785 1383 1839 negotio
1424 1784 1759 1839 requisiverantc
1798 1797 1873 1838 pro
1912 1784 2071 1838 legato.
2134 1782 2217 1830 Qui
2250 1799 2408 1840 preno-

221 1861 405 1901 minatus
439 1860 665 1914 episcopus
698 1872 722 1898 a
754 1857 979 1898 devotione
1011 1860 1156 1896 nostra
1187 1852 1467 1895 Mantuam-1
1500 1853 1727 1907 temptavit
1759 1856 1955 1893 avertere
1989 1857 2031 1893 et
2055 1852 2333 1905 Placentiam,
2367 1855 2408 1894 in

223 1944 305 1984 qua
336 1929 452 1970 velut
484 1928 738 1983 originarius
773 1927 863 1967 eius
896 1926 1098 1966 nimium⁰
1130 1922 1332 1980 poteratf,
1372 1922 1597 1964 evidenter
1627 1922 1796 1971 avertit,
1836 1925 1984 1962 contra
2015 1935 2106 1973 nos,
2139 1935 2191 1962 ne
2224 1922 2406 1963 transire

222 2012 468 2054 possemus,
513 2010 757 2052 quanquam
798 1996 875 2036 hoc
919 1995 1078 2035 frustra
1119 1992 1414 2048 temptaverit,
1455 1990 1781 2032 Lonbardorum
1821 1990 2060 2031 exercitum
2094 1990 2408 2045 congregando,

222 2068 410 2122 Optenta
441 2066 595 2107 deinde
629 2078 724 2105 cum
757 2063 919 2104 auxilio
958 2062 1071 2116 regis
1113 2075 1262 2115 regum
1294 2059 1346 2100 de
1379 2059 1796 2100 Mediolanensiumg
1826 2059 2038 2113 pravitate
2070 2059 2266 2110 victoria,
2309 2059 2410 2100 dum

222 2134 438 2176 Lonbardi
479 2148 625 2176 contra
668 2147 745 2174 nos
795 2137 837 2172 et
879 2131 1102 2185 imperium
1145 2129 1195 2170 de
1242 2129 1428 2183 ipsorum
1473 2127 1745 2169 resistentiah
1788 2127 2089 2182 desperarent,
2133 2127 2186 2168 ad
2227 2127 2412 2169 eundem

225 2218 436 2245 summum
469 2203 728 2258 pontificem,
763 2201 834 2256 qui
859 2215 932 2241 eos
965 2199 1112 2240 favore
1137 2198 1313 2254 palliato
1346 2201 1609 2252 protexerat,
1642 2196 1816 2251 puplice
1840 2195 2133 2249 defugerunti,
2166 2201 2411 2237 asserentes

225 2273 335 2327 quod
377 2273 458 2313 nisi
501 2273 618 2327 ipsos
651 2286 675 2312 a
706 2270 825 2311 nobis
866 2283 980 2324 papa
1019 2267 1212 2323 prefatus
1244 2271 1288 2307 et
1319 2266 1472 2307 fratres
1516 2265 1687 2320 publica
1729 2264 1979 2305 defensione
2012 2263 2313 2316 defenderent,
2358 2264 2410 2305 ad

225 2348 415 2382 nostrum
453 2345 494 2381 et
527 2341 694 2396 imperii
727 2338 866 2380 redire
900 2337 1137 2378 dominium
1170 2336 1439 2390 cogebantur
1472 2366 1651 2377 ......

837 2699 969 2768 266.
1024 2691 1805 2766 PROMULGATIO

359 2802 781 2873 VloARH
835 2797 1470 2871 GENERALIS
1527 2796 1740 2867 PER
1794 2794 2282 2866 TUSOIAM

399 2906 529 2976 ET
574 2906 705 2976 AB
758 2903 1182 2975 AMELIA
1233 2901 1584 2987 USQUE
1629 2898 2250 2971 CORNETUM.

1167 3015 1308 3061 1246.
1347 3014 1489 3059 Febr.

379 3141 583 3182 Prament
620 3144 631 3180 1
645 3152 657 3194 )
692 3140 814 3181 codex
847 3140 1075 3180 Vaticanus
1096 3138 1209 3177 4957
1239 3149 1340 3177 saec.
1363 3135 1460 3186 XV,
1487 3135 1565 3190 fol.
1589 3131 1676 3184 37¹,
1707 3148 1767 3186 (η).
1789 3136 1846 3175 28
1859 3134 1886 3183 2,
1928 3146 2046 3185 quem
2076 3131 2322 3183 exemplavit
2351 3130 2416 3170 vio·

231 3210 267 3251 (ἶ.
292 3209 553 3259 Βοηαόαυηι,
594 3209 766 3250 contulit
796 3209 891 3249 olim
925 3207 1070 3256 Perta:
1111 3207 1152 3259 2)
1186 3205 1308 3246 codem
1342 3203 1696 3256 Guelferbytanus
1718 3205 1801 3242 331
1840 3200 2034 3254 (Helmst.
2056 3201 2161 3249 298)
2192 3212 2294 3241 saec.
2318 3197 2417 3246 XV,

369 3311 453 3345 265.
487 3312 510 3352 l)
538 3324 638 3345 verus
665 3312 694 3344 1.
825 3310 866 3353 m)
893 3312 1026 3343 demum
1056 3309 1092 3349 1;
1119 3311 1245 3342 dictum
1272 3308 1302 3341 3.
1431 3313 1463 3348 ¹¹)
1489 3308 1578 3340 deest
1606 3307 1633 3339 1.
1752 3305 1784 3348 0)
1810 3306 1889 3338 licet
1913 3307 1983 3348 ipse
2009 3302 2040 3336 2.
2065 3304 2094 3337 3.
2214 3302 2246 3341 1))
2273 3303 2363 3334 deest
2385 3299 2417 3333 3.

232 3376 261 3399 ἰι
290 3370 388 3401 vellet
414 3369 444 3401 3.
564 3375 590 3394 r,
618 3370 852 3412 procuratione
879 3368 909 3400 3.
1021 3373 1046 3406 ⁹)
1073 3372 1281 3409 occuparunt
1310 3366 1339 3397 1.
1450 3365 1474 3405 t)
1501 3365 1672 3407 conceptis
1696 3363 1727 3396 3.
1833 3362 1867 3403 ιι>
1894 3363 1982 3395 deest
2006 3361 2037 3394 2.
2064 3360 2093 3393 3.
2189 3358 2221 3400 v)
2247 3365 2361 3392 autem
2386 3357 2417 3390 3.

232 3432 271 3467 w)
297 3434 327 3457 et
355 3426 434 3457 add.
457 3427 483 3457 1.
510 3428 541 3457 ⁴2.
568 3426 598 3458 3.
715 3433 747 3464 ¹)
774 3427 965 3458 Theutonia
991 3424 1028 3464 2:
1066 3425 1254 3457 Theotonia
1279 3423 1309 3456 3.
1427 3428 1459 3461 y)
1486 3433 1631 3454 errorem
1657 3420 1691 3459 ὃς
1727 3421 1962 3462 corrigendum
1994 3429 2138 3451 errorem
2168 3419 2210 3449 H.
2238 3428 2285 3459 pr.
2310 3415 2415 3448 nostri

232 3483 290 3513 filii
319 3482 347 3514 1.
455 3489 483 3513 Z»
511 3484 723 3525 precedentes
749 3483 780 3515 2.
806 3482 834 3515 3.
943 3486 973 3521 ³)
1000 3483 1032 3513 in
1058 3482 1159 3514 Italia
1183 3481 1361 3513 defendere
1389 3479 1420 3511 l.
1446 3478 1477 3511 2.
1504 3479 1535 3511 3.
1642 3476 1675 3518 b)
1700 3477 1931 3509 Penistrinum
1960 3477 1987 3508 1.
2082 3474 2111 3514 ὓ)
2138 3474 2361 3515 requisierant
2386 3471 2416 3503 2.

233 3538 265 3579 d)
292 3540 458 3570 Mutinam
477 3538 507 3570 2.
526 3538 557 3570 3.
653 3545 680 3569 e,
709 3553 737 3570 2:
765 3541 867 3572 mium
896 3539 931 3577 l;
960 3539 1163 3571 munitiones
1188 3549 1272 3579 quas
1298 3536 1408 3568 Hm‘ll.
1495 3534 1522 3572 f)
1549 3540 1677 3577 peterat
1701 3546 1788 3566 corr.
1814 3545 1830 3566 e
1855 3538 1984 3575 poterat
2009 3532 2038 3565 1.
2119 3531 2150 3571 g)
2176 3530 2369 3562 Mediolana
2389 3527 2416 3560 l.

233 3595 264 3637 h)
293 3597 455 3628 instancia
482 3595 511 3628 3.
630 3603 651 3637 ¹)
678 3597 880 3639 defugerant
908 3596 936 3628 1.

372 3675 403 3705 1·
432 3672 484 3714 (ff.
507 3684 544 3716 p.
563 3678 626 3705 30⁹
651 3684 678 3706 c.
697 3680 725 3705 fi.
844 3674 878 3706 -2,
910 3673 962 3714 (js,
988 3672 1144 3706 ‘Archiv’
1171 3671 1210 3714 V,
1231 3675 1302 3705 379.

2435 906 2467 931 10

2440 1247 2471 1272 15

2441 1590 2475 1616 20

2445 1937 2477 1962 25

2446 2279 2479 2304 30

2451 3028 2482 3053 35

2451 3424 2482 3449 40
