2558 3970
111 1304 143 1328 10

111 1707 142 1732 15

111 2051 144 2076 2⁰

114 2397 146 2423 25

113 2742 146 2768 30

116 3092 148 3119 35

706 143 949 179 FRIDERICI
978 145 1021 180 11.
1047 145 1482 181 CONS'l'lTU'I'lONES.
1535 147 1632 181 1240.
1684 147 1744 181 Nr.
1764 148 1841 181 225.
2301 152 2380 189 313

785 406 1096 474 :za-232.
1154 403 1792 475 TRAe‘fflfiUs

586 517 895 589 PAois
949 517 1183 589 CUM
1228 518 1806 590 e-Rneofflo
1861 520 1979 591 ix.

1058 642 1200 689 1240.
1241 642 1358 702 Apr.
1394 644 1502 690 Mai.

325 789 538 841 Epe'stolas
566 789 811 841 principum
852 788 1015 840 Imperii
1053 787 1101 828 «la
1140 787 1395 829 restituenda
1429 803 1529 839 pace
1571 788 1627 828 ml
1659 789 1896 840 pontificem
1934 789 2056 829 datas
2100 791 2282 843 intumas
2313 805 2381 830 svn

180 871 325 899 earum
369 859 601 899 summaria
645 858 824 899 servavi!
866 857 1103 910 It'eyislrum
1156 857 1350 909 (r'reyorii
1382 855 1468 899 IX.
1508 859 1599 897 (mn.
1635 857 1677 906 Γ,
1712 858 1871 911 12255.
1901 861 1997 906 236,
2031 859 2100 900 lib.
2127 860 2206 905 X1,
2247 876 2264 896 r
2307 874 2384 911 qm»

178 939 248 967 cas
286 927 532 980 exemplavit
574 926 708 968 Perta.
780 926 851 967 Istc
892 926 1026 967 codem
1059 926 1178 980 fonte
1216 925 1345 966 edida
1383 939 1471 975 cas,
1513 927 1691 977 <acceptis
1730 926 1892 967 duabus
1934 927 2112 973 ultimis,
2157 927 2384 980 Ihtulinqm·

179 994 400 1049 ‘Beytrassqe
438 1009 515 1037 Ξίιν
557 995 793 1038 Gesehichtc
834 995 904 1035 (les
944 995 1234 1035 Jirsbisthmns
1271 994 1486 1035 ΜίὶηιἸιοη
1526 994 1614 1034 ¹med
1650 995 1871 1049 Istrou-‘cinq‘
1910 995 1970 1043 ΙΙ,
2000 998 2049 1034 10
2067 1011 2124 1048 sq,
2195 996 2280 1036 Nus
2317 1011 2385 1035 ms

177 1064 401 1106 secandum
433 1064 618 1106 ordinem
637 1063 834 1118 Rcyistri,
866 1077 950 1105 uon
982 1077 1074 1105 vcro
1105 1063 1329 1105 secundum
1358 1063 1543 1104 ordinem.
1566 1063 1892 1117 chrmzoloyicum
1915 1065 2190 1116 praebeamus
2218 1068 2382 1116 ‹qun-sel.

577 1202 679 1244 225.
724 1202 1073 1244 EPISTOLAE
1108 1201 1560 1244 J‹.'l’JSe'()J>0JcUM.
1614 1202 1983 1254 Ap2-.s]11ai..·e.

322 1285 536 1337 Epistulae
576 1284 874 1336 archicpiscopi
917 1283 1194 1333 Colone'cnse's,
1231 1282 1567 1332 Wornzatiensis,
1615 1282 1983 1333 Illonastaricnsis,
2029 1284 2385 1324 ‹ismae›-‘axa-ensis

178 1355 454 1409 (wiscoporum
477 1354 583 1406 Apr.
601 1358 640 1395 ὃ.
673 1353 794 1395 datae
826 1353 1116 1405 seobimzqinms
1147 1352 1381 1394 summaria
1412 1352 1594 1404 quinque
1625 1353 1809 1393 aliarum
1833 1353 1884 1393 ab
1906 1353 2006 1393 aliis
2028 1353 2227 1404 epis-cupis·
2249 1353 2384 1401 (latas,

176 1436 350 1476 qnorum
381 1422 427 1463 id
454 1423 603 1473 solum,
641 1422 751 1476 quod
779 1422 836 1463 ad
865 1422 1098 1474 episcopum
1128 1422 1467 1474 Herbipolcnscm
1507 1425 1677 1474 spectat,
1717 1423 1835 1475 siquo
1872 1423 2150 1475 clzronoloqiw
2182 1422 2313 1473 (Mai.
2337 1428 2384 1470 2)

176 1492 358 1542 ancelli&
397 1491 449 1547 ef.
479 1491 672 1542 Bolum,
707 1491 806 1545 Res).
846 1492 944 1545 inq).
987 1491 1032 1542 V,
1060 1492 1186 1534 4415.
1232 1518 1286 1522 —
1334 1491 1792 1533 IIzcillccrd-Brclwllcs
1835 1491 1874 1542 V,
1898 1494 1993 1534 oss».
2055 1492 2249 1541 Biihmer,
2284 1492 2382 1544 Iler).

175 1562 274 1616 imp.
302 1561 346 1612 V,
369 1562 652 1604 11:251—54.
687 1562 840 1602 11259.
874 1563 1028 1604 11263.
2029 1561 2099 1614 (P.
2123 1565 2240 1611 3511.)

323 1687 488 1730 Littere
529 1687 755 1744 C(onradi)
797 1688 1109 1744 archiepiscopi
1151 1687 1442 1739 Coloniensis,
1486 1688 1724 1743 L(andolfi)
1762 1687 2126 1738 XVarmaciensis,
2170 1687 2379 1742 Lemoni)

179 1757 538 1799 Monasteriensis
581 1762 624 1799 et
657 1757 954 1813 E(ngelberti)
989 1757 1342 1813 Osnaburgensis
1386 1757 1687 1813 episcoporum
1722 1757 1775 1798 ad
1809 1757 2029 1798 dominum
2063 1771 2219 1812 papam
2254 1771 2384 1812 super

178 1830 366 1868 tractatu
395 1827 515 1882 pacis
549 1827 661 1868 inter
692 1827 934 1869 Romanam
968 1827 1200 1869 ecclesiam
1234 1830 1276 1867 et
1309 1825 1576 1868 Fridericum
1611 1826 1772 1867 dictum
1806 1827 2125 1881 imperatorem.

324 1895 606 1938 Sanetissimo
640 1897 681 1938 in
715 1895 888 1938 Christo
927 1897 1039 1952 patri
1077 1910 1126 1938 ac
1160 1895 1333 1938 domino
1367 1895 1609 1938 reverendo
1645 1894 1695 1937 G.
1731 1899 2007 1936 sacrosancte
2042 1895 2234 1936 Romane
2269 1894 2383 1935 sedis

179 1979 347 2007 summo
381 1970 424 2006 et
455 1966 691 2007 universali
725 1966 918 2022 pontifici
952 1965 999 2008 C.
1023 1965 1106 2007 Dei
1139 1966 1279 2020 gratia
1301 1970 1448 2007 sancte
1474 1964 1742 2007 Coloniensis
1767 1965 1954 2007 ecclesie
1980 1965 2150 2005 humilis
2174 1964 2385 2005 minister.

181 2033 229 2075 L.
253 2034 614 2085 VVarmaciensis,
647 2035 695 2076 L.
720 2036 1074 2078 Monasteriensis
1109 2039 1151 2077 et
1183 2035 1233 2076 E.
1258 2034 1608 2090 Osnaburgensis
1643 2035 1833 2090 episcopi
1868 2034 2023 2075 devota
2056 2033 2211 2089 pedum
2239 2033 2387 2074 oscula

179 2103 421 2146 beatorum.

324 2173 458 2216 Cuius
491 2175 705 2216 nutrimur
735 2174 788 2215 ab
821 2174 1028 2216 uberibus
1061 2178 1209 2216 sancte
1232 2174 1381 2216 matris
1406 2173 1608 2225 ecclesie,
1643 2173 1749 2224 eius,
1773 2178 1896 2228 pater
1921 2172 2211 2214 sanctissime.
2246 2173 2383 2228 ponti-

180 2243 305 2284 ficem
346 2248 389 2285 et
426 2248 643 2300 pastorem
682 2244 839 2285 nostris
880 2243 1048 2285 adimus
1082 2243 1282 2299 alloquiis
1317 2242 1597 2293 confidenter,
1642 2241 1683 2282 in
1717 2241 1965 2283 sinceritate
2000 2255 2104 2296 pure
2139 2240 2383 2281 devotionis

180 2312 301 2354 vobis
340 2313 604 2369 aperienteS,
649 2313 879 2355 occasione
911 2312 1127 2355 discordie
1162 2327 1244 2368 que
1289 2312 1401 2354 inter
1434 2326 1510 2352 vos
1544 2314 1586 2352 et
1618 2310 1837 2352 dominum
1871 2311 2174 2366 imperatorem
2208 2310 2385 2351 suborta

183 2386 261 2432 est,
293 2383 576 2438 persuasione
609 2382 784 2424 humani
815 2383 989 2438 generis
1022 2382 1182 2424 inimici
1213 2381 1387 2423 diversa
1420 2381 1624 2422 heresum
1656 2381 1855 2435 germina
1888 2380 1985 2421 hinc
2017 2379 2115 2421 inde
2140 2394 2217 2434 per
2241 2379 2385 2420 mundi

180 2450 400 2492 domicilia
432 2452 726 2504 subcrescere,
759 2451 1001 2493 sediciones
1034 2451 1254 2507 plurimas,
1288 2464 1480 2506 guerras,
1514 2448 1644 2501 bella,
1677 2449 1921 2498 homicidia,
1957 2453 2001 2490 et
2023 2453 2068 2489 ut
2089 2449 2213 2504 plura
2236 2449 2384 2504 paucis

179 2521 539 2576 perstringamus,
571 2525 636 2563 tot
667 2521 780 2562 mala
813 2521 1006 2563 enormia
1040 2524 1083 2562 et
1115 2519 1324 2572 inaudita,
1359 2519 1472 2575 quod
1504 2519 1586 2560 nisi
1619 2522 1800 2573 paterna
1835 2523 1980 2560 vestra
2012 2519 2153 2573 pietas
2186 2518 2386 2559 karitatis

183 2591 276 2632 zelo
308 2589 391 2631 hiis
424 2589 598 2632 duxerit
630 2590 957 2643 occurrendum,
989 2591 1192 2633 timemus
1226 2589 1328 2631 fidei
1361 2588 1574 2630 catholice
1608 2591 1696 2628 tam
1718 2601 1851 2643 grave
1882 2588 2121 2643 periculum
2148 2587 2385 2628 imminere.

183 2674 209 2702 a
240 2673 323 2715 quo
357 2660 430 2701 vix
461 2659 619 2702 adiciet
657 2664 704 2701 ut
741 2665 954 2716 resurgat.
1015 2659 1183 2703 Eadem
1226 2672 1396 2715 quoque
1442 2656 1678 2708 discordia,
1719 2660 1767 2697 ut
1807 2656 1858 2698 de
1901 2657 2099 2698 omnibus
2133 2657 2228 2697 aliis
2263 2657 2385 2697 malis

183 2729 536 2771 concurrentibus
578 2733 820 2782 taceamus,
863 2734 930 2772 est
967 2733 1011 2772 et
1050 2730 1130 2771 erit
1167 2729 1358 2779 occasio,
1402 2741 1533 2783 quare
1568 2726 1729 2768 Sancte
1762 2725 1896 2767 Terre
1931 2730 1974 2767 ct
2008 2725 2211 2767 Crucifixi
2246 2740 2381 2780 nego-

182 2799 289 2840 tium
321 2812 404 2840 non
435 2802 625 2854 geratur.
686 2799 737 2840 In
771 2812 822 2840 ea
853 2799 999 2854 itaque
1041 2798 1125 2840 fide
1159 2812 1244 2854 qua
1285 2797 1414 2839 fidem
1447 2795 1705 2838 catholicam
1739 2795 2038 2850 amplectimur
2071 2799 2113 2837 et
2146 2796 2383 2836 Romanam

183 2869 415 2910 ecclesiam
448 2882 716 2921 veneramur,
755 2869 790 2910 si
829 2868 1026 2910 dominus
1065 2870 1303 2924 imperator
1341 2880 1426 2908 non
1465 2866 1604 2921 possit
1636 2864 1690 2906 ad
1723 2863 1998 2905 concordiam
2030 2864 2243 2915 revocari,
2286 2865 2387 2905 licet

183 2937 262 2978 sub
294 2952 438 2979 rerum
469 2937 660 2994 periculo
693 2943 736 2979 et
767 2952 1050 2993 personarum
1080 2942 1249 2994 partem
1280 2941 1427 2978 tamen
1460 2939 1608 2977 sancte
1631 2934 1778 2976 matris
1802 2933 1999 2984 ecclesie,
2033 2936 2159 2988 prout
2183 2937 2381 2974 tenemur

184 3008 296 3049 sicut
324 3007 401 3048 filii
432 3007 698 3060 obedientie,
741 3008 864 3049 iuxta
894 3022 1045 3063 puram
1078 3007 1390 3049 conscientiam
1430 3006 1697 3056 foveremus,
1738 3002 1816 3044 sub
1851 3001 2047 3043 eiusdem
2081 3015 2252 3057 quoque
2286 3001 2384 3043 fidei

185 3075 331 3118 debito
365 3090 439 3118 vos
472 3081 638 3119 certum
669 3077 902 3129 reddimus,
935 3077 1046 3132 quod
1080 3077 1161 3118 hoe
1195 3077 1236 3118 ei
1269 3075 1382 3118 nude
1417 3075 1616 3116 similiter
1648 3072 1899 3129 scripsimus
1924 3076 1967 3113 et
1997 3085 2221 3126 expresse.
2276 3071 2382 3112 Cum

185 3160 288 3201 ergo
323 3147 548 3202 scripserit
584 3147 626 3188 in
667 3161 817 3189 omnes
857 3151 1014 3198 terras,
1058 3145 1173 3202 quod
1205 3149 1321 3187 stare
1354 3144 1458 3186 velit
1499 3143 1600 3194 iuri,
1646 3142 1939 3197 supplicamus
1973 3141 2192 3182 sanctitati
2222 3145 2384 3183 westre.

183 3215 386 3270 quatinus
419 3216 546 3257 matri
578 3220 739 3269 nostre,
774 3230 857 3272 que
890 3230 968 3271 per
999 3215 1300 3257 dilatationem
1333 3218 1375 3255 et
1407 3213 1590 3254 tutelam
1614 3211 1784 3266 imperii
1806 3210 1924 3265 pacis
1947 3214 1989 3250 et
2013 3209 2165 3251 salutis
2192 3209 2383 3264 recipere

184 3284 334 3326 debuit
356 3285 637 3337 incrementa,
671 3285 985 3342 compatientes
1009 3284 1364 3334 misericorditer,
1394 3296 1498 3324 vero
1522 3280 1606 3322 Dei
1629 3279 1810 3321 amatori
1833 3279 1952 3319 fratri
1977 3277 2178 3320 Conrado
2203 3292 2382 3320 venera-

183 3353 260 3394 bili
302 3354 508 3409 magistro
547 3354 791 3410 Hospitalis
836 3358 984 3396 sancte
1021 3354 1160 3395 Marie
1192 3353 1530 3395 Teutonicorum
1572 3349 1936 3398 Ierosolimitane,
1983 3362 2110 3403 quem
2149 3362 2226 3403 pro
2267 3352 2381 3389 tran-

186 3423 399 3477 quillitate
437 3427 481 3464 et
520 3437 629 3478 paee
670 3423 862 3464 caritatis
895 3422 1008 3464 dono
1047 3422 1200 3463 ditavit
1230 3421 1466 3471 Dominus,
1500 3433 1627 3474 quem
1660 3418 1790 3459 etiam
1834 3417 2084 3473 specialiter
2115 3420 2305 3458 vestrum
2340 3422 2383 3458 et

184 3490 381 3533 Romane
413 3491 598 3533 ecclesie
631 3492 847 3533 sincerum
880 3493 1112 3533 zelatorem
1146 3491 1363 3541 novimus,
1404 3488 1656 3530 transmisso
1689 3486 1742 3528 ad
1780 3485 1915 3542 pedes
1950 3485 2191 3526 sanctitatis
2225 3489 2381 3533 vestre,

185 3559 467 3615 inspicientes
514 3560 700 3615 benigne
747 3561 982 3602 ecelesiam
1024 3560 1108 3601 Dei
1159 3564 1202 3601 et
1248 3561 1533 3614 tempestates
1577 3556 1620 3597 in
1661 3569 1713 3597 ea
1754 3555 1951 3596 subortas
2000 3558 2043 3596 et
2083 3553 2297 3608 quomodo
2341 3553 2381 3592 in

301 3674 334 3718 1)
360 3673 419 3709 De
432 3673 556 3709 ordine
573 3673 730 3718 Reyistri
747 3685 776 3709 v.
790 3684 883 3718 quae
897 3673 1080 3709 admotavit
1095 3673 1298 3717 Rodenbery
1316 3673 1348 3716 I,
1359 3681 1414 3706 nr.
1431 3674 1501 3713 768,
1518 3669 1580 3714 qui
1598 3668 1794 3704 summaria
1811 3668 2037 3712 epistolarum
2051 3670 2258 3701 nostrarum
2270 3664 2380 3699 (ledit.

321 3749 369 3773 LL.
397 3747 682 3773 cousrrrumouns
699 3748 733 3771 11.
2065 3728 2111 3762 40
