2558 3970
78 884 109 909 10

77 1233 108 1258 15

76 2273 109 2298 ³0

80 2618 112 2645 35

82 2968 116 2994 40

88 3260 121 3285 45

90 3547 122 3573 50

681 134 922 169 PRIDER1C1
950 135 993 169 11.
1021 134 1449 169 coNsT1Tt'T10NEs.
1503 137 1601 171 1229.
1651 138 1806 174 N1·.1<..›2.
2270 146 2346 183 165

146 265 222 291 nos
261 255 304 291 et
336 264 361 291 a
404 250 527 291 nobis
568 250 621 291 ad
665 249 891 290 soldanum
936 250 1133 291 cumdem
1178 251 1313 291 nuntii
1356 251 1500 306 plures
1542 257 1584 291 ct
1626 253 1786 307 pluries
1828 254 1995 295 iverunt
2029 262 2070 295 ct
2105 264 2346 297 venerunt¹

147 319 245 360 hinc
285 318 398 360 inde.
461 318 574 366 Quiy
614 318 821 360 soldanus
854 319 966 360 dieta
1000 333 1086 360 una
1118 325 1282 360 tantum
1315 319 1480 360 distans
1514 335 1538 361 a
1574 321 1696 361 nobis
1738 328 1780 362 et
1814 323 2017 364 soldanus
2052 325 2181 365 etiam
2214 326 2349 366 frater

146 389 238 429 eius
271 388 342 443 qui
376 387 599 442 Scharaph
639 386 817 428 diciturZ
850 386 964 442 apud
1008 388 1225 428 civitatem
1261 387 1474 429 Gazaram
1517 389 1718 431 diffusum
1764 391 1974 432 habentes
2008 394 2271 442 exercitum,
2306 401 2348 434 ct

147 471 203 498 ex
235 457 344 498 alia³
373 460 495 512 parte
529 456 670 511 apudb
704 457 922 497 civitatem
946 455 1174 510 Neapolim
1209 456 1416 497 soldanus
1442 457 1674 498 limnascic
1707 473 1800 500 cum
1827 460 2050 502 innumera
2073 462 2347 503 multitudine

145 525 327 566 militum
361 529 403 565 et
435 525 625 581 peditum
660 525 800 580 gentis
833 538 908 565 sue
942 524 994 565 ad
1026 538 1155 565 unam
1190 524 1347 565 dietam
1381 541 1514 581 prope
1550 541 1626 567 nos
1659 533 1700 568 ct
1732 529 2016 571 christianum
2030 530 2046 554 ‘¹
2081 533 2348 572 (ικυι-οἰΐιιιῃυ

146 593 392 635 morabatur
404 594 426 633 f.
489 593 545 635 Et
576 608 672 635 cum
705 594 758 634 de
792 594 1067 635 restitutione
1090 593 1224 634 Terre
1251 593 1409 634 Sancte
1441 595 1495 635 al)
1520 596 1728 637 alterutra
1753 599 1937 652 partium
1964 614 2037 654 per
2062 601 2349 641 internuntius

144 667 423 714 tractaretur,
466 662 642 704 tandem
684 663 807 704 Iesus
848 662 1046 703 Christus
1080 662 1161 704 Dei
1207 663 1318 703 filius
1358 663 1559 704 devotam
1607 667 1889 719 pationtiamss
1930 675 2117 710 nostram
2163 685 2215 710 cx
2262 671 2348 710 alto

145 731 412 789 respiciensh
444 732 744 788 compatiendo
777 732 900 773 nobis
935 731 1271 773 misericorditer
1304 733 1343 773 in
1380 749 1425 772 sc
1462 734 1551 788 ipso
1586 735 1644 774 sic
1679 735 1792 781 fovit.
1827 738 1939 791 quod
1974 739 2178 779 soldanus
2205 739 2347 794 Baby-

145 800 260 841 lonie
299 801 488 842 restituit
527 801 651 842 nobis
691 801 911 842 civitatem
952 806 1144 842 sanctam
1184 800 1443 843 Ierusalem.
1490 803 1629 843 locum
1667 803 1867 846 videlicet
1906 806 1977 846 ubi
2021 807 2154 862 pedes
2189 808 2348 848 (filu-isti

146 873 374 922 steterunt,
407 871 547 912 locum
581 871 713 912 etiam
746 870 819 911 ubi
854 870 941 911 veri
966 869 1216 911 adoratores
1240 871 1281 911 in
1307 871 1460 925 spiritu
1485 876 1527 912 et
1552 873 1733 913 veritate
1760 873 1930 915 Patrem
1958 882 2127 930 patrum
2152 876 2348 917 adorant.

144 937 201 978 Et
232 937 298 979 uti
330 939 382 980 de
416 939 689 981 restitutione
731 938 976 980 huiusmodi
1016 939 1351 994 paternitatemk
1386 945 1574 981 vestram
1609 947 1772 982 certam
1813 957 1888 998 per
1919 945 2087 995 singula
2122 945 2343 989 faciamus,

144 1008 314 1049 sciatis¹
347 1007 460 1063 quod
493 1023 576 1049 non
610 1008 748 1049 solum
773 1008 1018 1049 restitutum
1043 1012 1110 1049 est
1132 1007 1257 1049 nobis
1282 1022 1436 1063 corpus
1460 1009 1648 1050 civitatis
1672 1015 1874 1053 sanctc¹'¹.
1910 1019 1973 1053 set
1998 1019 2087 1054 tuta
2111 1020 2304 1055 ‹eunti-ata
2318 1022 2349 1055 ¹¹.

145 1077 258 1118 sicut
290 1076 514 1118 descendit
548 1077 645 1118 inde
678 1091 815 1132 usque
848 1077 901 1117 ad
942 1077 1198 1117 maritimam
1234 1082 1301 1117 et⁰
1335 1082 1522 1119 castrum
1561 1078 1745 1134 loppen,
1788 1084 1834 1120 ut
1868 1083 2082 1136 peregrini
2118 1083 2170 1123 (le
2205 1089 2349 1124 veteru

145 1160 398 1202 processum
446 1146 636 1188 habeant
683 1146 865 1187 liberum
909 1145 962 1186 ad
1007 1146 1285 1201 sepulchrum
1327 1151 1369 1187 et
1413 1161 1610 1188 securum
1656 1148 1781 1190 inde¹’
1822 1164 2088 1203 regressum:
2136 1159 2350 1207 excepto-¹

145 1214 260 1271 quod
303 1229 398 1257 cum
437 1215 668 1257 Saracenir
710 1215 750 1256 in
794 1214 1004 1270 quadam⁸
1049 1216 1352 1257 venerationet
1396 1216 1603 1272 templum
1646 1218 1837 1259 habeant
1870 1224 1938 1260 et¹¹
1982 1221 2078 1261 illuc
2113 1222 2347 1263 secundum

143 1286 271 1326 ritum
295 1299 445 1326 eorum
468 1285 548 1327 adv
580 1284 843 1326 adorandum
868 1285 910 1325 in
936 1284 1142 1326 niodumw
1176 1286 1502 1340 peregrinorum
1525 1286 1748 1334 accedant.
1785 1289 2082 1343 permittamus
2107 1305 2179 1331 eos
2204 1292 2349 1331 venire

143 1354 295 1407 libere,
328 1359 655 1410 verumptamen
688 1354 781 1395 sine
813 1354 942 1394 armis
976 1358 1019 1395 et
1051 1357 1154 1409 quot
1186 1354 1464 1402 voluerimus,
1500 1369 1577 1397 nec
1602 1356 1937 1412 hospitabuntur
1966 1359 2022 1399 ibi
2058 1365 2123 1400 set
2156 1360 2208 1400 de
2241 1361 2346 1401 foris

144 1428 188 1465 et
224 1423 340 1465 facta
381 1424 577 1465 oratione
621 1422 835 1464 recedant.
908 1422 1157 1464 Restitutax
1199 1429 1265 1464 est
1307 1423 1430 1464 nobis
1476 1425 1652 1481 insuper
1684 1427 1835 1468 civitas
1868 1427 2154 1470 Bethlehemy
2187 1434 2228 1469 et
2263 1435 2351 1470 tota

143 1497 260 1534 terra
291 1492 434 1534 media
466 1493 577 1533 inter
609 1492 849 1534 Ierusalem
883 1496 926 1533 et
958 1492 1179 1534 civitatem
1214 1494 1371 1548 ipsam,
1406 1494 1557 1535 civitas
1600 1496 1730 1536 etiam
1765 1496 1980 1538 Nazareth
2025 1504 2068 1539 et
2112 1503 2203 1538 tota
2237 1503 2349 1539 terra

143 1562 288 1604 media
324 1563 435 1604 inter
465 1563 612 1604 Accon
651 1566 695 1603 et
726 1562 943 1603 civitatem
980 1562 1194 1614 eamdem,
1234 1568 1349 1603 terra
1381 1568 1470 1604 tota
1502 1563 1744 1615 'Pori-onis's·⁷
1789 1580 1871 1620 que
1905 1567 2177 1621 lai-gliissima
2211 1575 2275 1609 est
2309 1575 2351 1608 ct

143 1632 286 1687 ampla
327 1636 370 1674 et
402 1632 535 1673 satis²¹
567 1631 745 1673 comoda
778 1631 1044 1679 christianis,
1079 1632 1231 1673 civitas
1265 1645 1433 1687 quoque
1467 1632 1682 1688 Sydonisb
1715 1649 1809 1675 cum
1844 1641 1933 1677 tota
1966 1638 2142 1691 planitie
2178 1645 2220 1678 et
2254 1652 2350 1693 per-

143 1701 337 1742 tinentiis
370 1701 477 1749 suis;
513 1701 584 1756 qui
616 1701 738 1742 locus
770 1705 890 1741 tanto
925 1700 977 1741 de
1012 1705 1158 1742 cetero
1192 1701 1273 1742 erit
1306 1701 1554 1743 christianis
1589 1703 1734 1744 utilior
1756 1710 1915 1759 quanto
1940 1708 2213 1747 necessarius
2249 1707 2348 1747 hac-

143 1774 270 1811 tenus
311 1770 456 1812 extitit
489 1770 721 1812 Saracenis
764 1774 807 1810 et
846 1776 948 1825 prec
990 1770 1096 1811 locis
1136 1771 1231 1811 aliis
1269 1770 1537 1821 fructuosus,
1582 1771 1663 1813 eo‘l
1698 1773 1902 1816 videlicet
1944 1776 2055 1830 quod
2091 1776 2148 1816 ibi
2182 1782 2351 1831 portum

145 1840 366 1883 habebant
399 1847 441 1882 et
475 1840 572 1882 inde
606 1855 726 1882 arma
758 1845 802 1882 et
834 1841 1082 1881 necessaria
1118 1841 1252 1882 multa
1284 1842 1371 1882 alia
1403 1841 1454 1882 ad
1493 1842 1714 1884 civitatem
1747 1842 1952 1884 Damasci
1986 1850 2028 1885 et
2061 1844 2113 1885 de
2138 1845 2352 1885 Damasco

95 1933 109 1948 a
147 1909 199 1950 ad
230 1909 514 1966 Babyloniam
553 1909 904 1965 frequentissime
947 1910 1241 1953 deferebante.
1311 1911 1474 1967 Superf
1518 1912 1594 1953 hec
1629 1913 1775 1967 itaque
1821 1913 1921 1955 licet
1955 1915 2079 1956 nobis
2114 1915 2350 1956 secundum

145 1984 318 2035 pactum
352 1979 601 2021 reedificare
635 1993 781 2020 muros
815 1980 1006 2021 civitatis
1041 1985 1188 2021 sancte
1222 1980 1477 2032 Ierusalem,
1511 1987 1698 2023 castrum
1733 1982 1909 2037 Ioppen,
1943 1988 2130 2024 castrum
2156 1983 2352 2039 Sydonis.

146 2053 334 2090 castrum
373 2047 590 2090 Oesareee
629 2063 679 2090 ac
721 2053 910 2090 castrum
949 2049 1099 2091 domus
1145 2054 1293 2091 sancte
1334 2050 1471 2092 Marie
1511 2051 1846 2093 Teutonicorum
1891 2052 2030 2107 quod¹¹
2075 2054 2116 2094 in
2149 2059 2350 2094 montana

145 2118 295 2160 Accon
328 2117 530 2160 edificare
565 2123 792 2174 ceperunt,
827 2118 962 2174 quodi
996 2119 1113 2160 nullo
1147 2133 1350 2175 umquam
1384 2124 1669 2175 treuguarum
1702 2126 1895 2176 tempore
1929 2123 2186 2176 permissum
2211 2123 2355 2163 extitit

147 2187 402 2229 christianis.
464 2186 614 2229 Idemk
646 2193 795 2229 tamen
817 2187 1025 2229 soldanus
1059 2202 1194 2244 usque
1227 2188 1281 2230 ad
1314 2189 1444 2231 finem
1477 2195 1773 2245 treuguarum,
1807 2205 1889 2246 que
1914 2192 2026 2232 inter
2049 2206 2126 2232 nos
2151 2197 2193 2232 et
2216 2193 2354 2247 ipsum

144 2271 222 2312 per
252 2256 508 2299 decennium
548 2262 648 2298 sunt
687 2261 872 2309 statute,
915 2258 1059 2313 aliqua
1092 2262 1236 2299 castra
1274 2259 1342 2299 vel
1374 2259 1519 2313 aliqua
1551 2259 1721 2301 edificia
1754 2259 1806 2301 de
1841 2274 1951 2301 novo
1984 2261 2126 2302 facere
2161 2262 2227 2302 vel
2261 2260 2352 2302 edi-

143 2325 272 2367 ficare
305 2340 390 2371 non
421 2326 567 2368 debet.
631 2326 788 2382 Sicque
828 2326 896 2367 die
929 2326 1144 2368 dominico
1178 2327 1344 2369 XVIII.
1379 2329 1539 2369 mensis
1574 2328 1801 2369 Februarii
1844 2329 1998 2384 primo¹
2034 2331 2249 2385 preteriti.
2283 2329 2350 2370 die

146 2395 319 2450 inquam
351 2409 436 2450 qua
460 2394 658 2437 Christus
680 2395 765 2437 Dei
797 2395 908 2437 filius
931 2410 956 2437 a
979 2397 1158 2437 mortuis
1183 2397 1421 2438 resurrexit
1450 2402 1493 2438 et
1522 2398 1563 2437 in
1586 2398 1836 2438 memoriam
1861 2399 2193 2439 resurrectionis
2216 2398 2352 2439 domi-

145 2465 239 2506 nice
270 2465 613 2506 memorialiterm
645 2465 799 2506 colitur
831 2469 873 2506 et
906 2470 1136 2506 veneratur
1168 2465 1250 2506 ab¹¹
1285 2465 1480 2507 omnibus
1513 2466 1780 2515 christianis,
1817 2465 1943 2508 huius
1977 2468 2092 2522 pacis
2125 2467 2354 2508 eoncordia

148 2547 226 2590 per
256 2534 547 2576 iuramentum
580 2534 726 2575 extitit
758 2534 858 2575 hinc
891 2533 990 2576 inde
1024 2534 1207 2576 firmata.
1330 2533 1396 2590 (4)
1430 2534 1654 2589 Denique⁰
1687 2534 1740 2576 de
1775 2535 1951 2576 consilio
1977 2541 2019 2576 et
2043 2536 2218 2582 auxilio,
2243 2535 2355 2590 quod

150 2617 174 2644 a
206 2603 453 2659 patriarcha
484 2603 850 2655 Ierosolimitam),
887 2604 1103 2657 magistris
1138 2609 1181 2644 et
1213 2604 1416 2645 fratribus
1450 2604 1750 2657 religiosarum
1776 2604 1994 2645 domorum
2027 2606 2282 2660 recipinius1'
2317 2606 2354 2645 in

286 2729 371 2764 122.
404 2729 441 2773 X)
468 2736 637 2764 venerunt
661 2737 693 2764 et
718 2731 891 2764 redierunt
916 2732 946 2764 5.
1089 2732 1122 2772 y)
1140 2743 1211 2774 pro
1237 2733 1301 2772 Qui
1331 2751 1372 2754 ——
1400 2732 1566 2765 habentes
1600 2734 1796 2771 exercitum,
1824 2738 1856 2765 et
1881 2732 1920 2764 5:
1959 2734 2033 2775 lpse
2064 2733 2186 2765 etenim
2213 2741 2243 2763 ct
2270 2733 2357 2764 alius

147 2787 318 2830 soldanus,
344 2788 403 2831 qui
429 2788 569 2832 Xaphat
593 2788 717 2821 dicitur
742 2789 847 2821 frater
871 2789 956 2829 eins,
979 2789 1069 2831 apud
1095 2790 1268 2823 civitatem
1294 2790 1422 2822 Gazam
1447 2790 1608 2822 diffusum
1636 2791 1800 2823 habentes
1826 2791 2025 2831 exercitum,
2053 2791 2142 2822 dieta
2173 2802 2239 2822 una
2258 2791 2355 2821 dista-

148 2845 232 2879 bant
255 2856 277 2879 a
301 2846 410 2879 nobis.
504 2846 534 2888 z)
560 2847 619 2888 qui
643 2847 720 2879 Sch.
746 2847 810 2880 die.
836 2848 878 2879 fr.
903 2847 977 2879 eius
1000 2858 1077 2880 eum
1103 2858 1142 2880 eo
1167 2846 1199 2880 2.
1227 2846 1259 2879 3.
1367 2848 1398 2889 8)
1426 2858 1506 2880 ver«)
1533 2848 1614 2881 add.
1634 2849 1665 2881 5.
1762 2847 1793 2888 b)
1815 2860 1883 2889 pro
1909 2849 1999 2891 apud
2025 2849 2090 2880 civ.
2119 2848 2293 2891 Neapolim
2320 2847 2357 2879 5:

149 2903 190 2936 in
215 2904 397 2936 civitate
423 2904 591 2947 Sychen
615 2915 699 2946 que
725 2905 934 2947 Neapolis
960 2905 1090 2948 vulgo
1117 2906 1357 2938 nominatur
1382 2910 1421 2938 et
1455 2906 1493 2937 in
1521 2906 1843 2949 campestribus
1875 2906 2019 2948 posita
2044 2912 2119 2938 est.
2238 2911 2268 2943 0)
2296 2916 2358 2936 nc-

151 2972 225 3004 pos
250 2973 391 2994 eorum
417 2962 499 2995 add.
517 2961 549 2994 2.
574 2960 606 2994 3.
632 2961 662 2994 5.
759 2960 791 3003 d)
818 2962 1021 2995 christianos
1047 2962 1078 2996 5.
1183 2962 1212 3003 e)
1237 2963 1392 2995 similiter
1418 2963 1449 2995 5.
1568 2961 1598 3004 f)
1626 2964 1848 2996 morabantur
1871 2962 1903 2996 2.
1929 2962 1962 2996 3.
2058 2968 2091 3001 g)
2117 2968 2149 2995 et
2175 2964 2358 3005 patientem

149 3019 362 3054 devotionem
387 3020 469 3052 add.
489 3019 520 3053 5.
663 3019 696 3060 ¹¹)
730 3025 882 3053 nostram
919 3021 1105 3064 respiciens
1138 3021 1178 3053 de
1204 3021 1361 3064 superius
1386 3020 1417 3054 2.
1561 3019 1584 3063 i)
1613 3022 1656 3054 Ut
1681 3022 1770 3054 enim
1797 3021 1827 3053 5.
1971 3019 2003 3063 k)
2025 3032 2092 3061 pro
2120 3027 2185 3063 pat.
2213 3026 2359 3053 vestram

151 3083 274 3110 certam
298 3076 330 3110 2.
356 3076 388 3110 3.
415 3076 451 3109 5:
489 3082 598 3110 certos
625 3089 693 3110 vos.
859 3076 883 3119 ¹)
911 3079 1073 3111 noveritis
1099 3078 1128 3111 5.
1272 3080 1313 3117 ¹¹¹)
1339 3079 1489 3122 predicte
1514 3078 1545 3111 5.
1687 3079 1720 3113 ¹¹]
1747 3085 1918 3111 eontracta
1948 3079 1976 3110 1.
2142 3077 2173 3120 0)
2200 3079 2242 3111 ad
2267 3076 2297 3109 2.
2324 3077 2360 3117 3;

151 3136 260 3168 marit.
295 3136 396 3168 castri
429 3137 532 3178 Iopen
559 3135 590 3168 5.
730 3135 765 3177 Ρ)
790 3146 1018 3177 securumque
1043 3135 1074 3169 5.
1215 3138 1247 3176 (1)
1272 3138 1320 3169 ita
1344 3142 1459 3169 tamen
1485 3135 1524 3175 2;
1564 3137 1625 3168 hoc
1662 3142 1773 3168 tamen
1799 3137 1929 3168 adiecto
1959 3135 1989 3167 5.
2132 3141 2158 3171 Γ)
2184 3136 2360 3167 illarum

153 3194 333 3236 partium
359 3193 442 3226 adel.
459 3193 490 3226 5.
609 3194 636 3235 S)
663 3194 754 3227 deest
777 3194 808 3227 5.
926 3196 952 3233 t)
978 3195 1128 3227 maxima
1153 3194 1235 3227 add.
1254 3193 1285 3227 2.
1311 3193 1344 3227 3.
1370 3194 1400 3228 5.
1509 3200 1542 3233 ¹¹)
1570 3194 1659 3226 deest
1684 3193 1714 3227 5.
1834 3200 1864 3229 v,
1891 3194 1980 3226 deest
2005 3192 2037 3225 2.
2063 3194 2094 3227 3.
2208 3199 2247 3234 W)
2275 3195 2360 3236 ligu-

156 3260 229 3283 ram
253 3249 285 3283 5.
426 3251 459 3293 X)
485 3252 643 3284 Preterea
667 3253 824 3285 restituta
849 3251 881 3285 5.
1023 3250 1054 3293 y)
1079 3253 1265 3285 Ierusalem
1294 3251 1323 3285 1.
1465 3257 1494 3292 Ζ)
1522 3252 1667 3284 'rm-ouis
1692 3250 1723 3284 2.
1749 3250 1788 3290 3;
1822 3252 1969 3284 Turonis
1995 3251 2025 3284 5.
2144 3254 2174 3294 ³)
2202 3251 2300 3283 valde
2330 3251 2361 3283 5.

153 3305 185 3352 b)
211 3309 359 3342 Sudonie
385 3307 421 3348 1;
447 3309 581 3341 Sidonis
608 3308 638 3342 2.
664 3308 695 3342 3.
815 3309 844 3350 c)
871 3321 929 3353 pre
955 3310 1038 3343 loeis
1062 3310 1137 3342 aliis
1163 3309 1231 3342 des.
1251 3308 1281 3343 5.
1424 3307 1456 3350 (1)
1480 3321 1545 3351 pro
1571 3320 1610 3342 eo
1637 3327 1679 3331 —
1705 3309 1878 3342 habebant
1902 3308 1940 3341 5:
1968 3309 2112 3341 maxime
2138 3320 2216 3341 eum
2242 3315 2358 3351 portus¹

152 3365 198 3398 ibi
223 3366 268 3398 sit
291 3367 391 3399 nimis
416 3377 600 3410 congruus.
719 3366 750 3410 θ)
777 3369 971 3410 frequenter
997 3372 1214 3411 portarentur
1240 3367 1270 3400 5.
1405 3364 1434 3406 s)
1455 3376 1524 3408 pro
1550 3368 1657 3409 Super
1682 3385 1725 3389 -
1753 3367 1936 3399 Ierusalem
1963 3366 1998 3398 5:
2026 3368 2069 3398 Et
2094 3368 2252 3409 quamvis
2283 3367 2362 3399 civi-

152 3427 254 3455 tatem
278 3424 466 3457 Ierusalem
490 3425 579 3457 sieut
603 3425 725 3457 melius
750 3436 912 3466 umquam
938 3425 1004 3457 fuit
1028 3425 1224 3457 reedificare
1242 3425 1339 3457 nobis
1357 3424 1458 3456 liceat
1476 3425 1662 3456 secuudum
1686 3429 1834 3467 paetum,
1860 3435 1992 3456 necnon
2014 3429 2056 3456 et.
2152 3424 2186 3465 Β)
2213 3430 2360 3456 castrum

153 3480 304 3523 Cesaree,
330 3486 477 3514 castrum
502 3483 647 3524 Sydouis
671 3480 702 3514 2.
729 3481 760 3514 3.
786 3483 815 3515 5.
937 3481 970 3525 h)
998 3484 1155 3514 fratres
1183 3483 1318 3525 ipsius
1345 3482 1364 3514 d
1377 3493 1492 3514 omns
1518 3482 1600 3513 add.
1618 3480 1647 3513 5.
1768 3481 1791 3524 i)
1815 3493 1880 3523 pro
1906 3483 1995 3523 quod
2023 3481 2116 3513 nullo
2143 3493 2303 3523 umquam
2323 3481 2361 3513 5:

157 3541 191 3569 et
213 3537 256 3570 ab
281 3538 362 3570 olim
386 3540 493 3572 nullo.
609 3538 644 3581 k)
670 3540 741 3583 ipse
766 3539 796 3572 5.
915 3538 940 3580 1)
967 3551 1076 3583 nuper
1101 3539 1130 3572 ⁵2.
1159 3539 1189 3572 5.
1311 3541 1355 3580 ¹1¹)
1383 3545 1449 3572 tam
1475 3540 1683 3581 generaliter
1709 3551 1810 3581 qnam
1836 3540 2068 3582 sollempniter
2094 3537 2124 3571 5.
2244 3544 2275 3578 ι1)
2297 3550 2363 3579 pro

154 3595 196 3628 ab
219 3613 265 3618 —-
289 3597 382 3639 pacis
407 3595 445 3629 5:
472 3598 507 3629 in
532 3599 613 3630 orbe
638 3598 819 3630 concordia
843 3598 1050 3631 huiusmodi.
1160 3597 1192 3638 ⁰)
1218 3598 1422 3639 Denique
1450 3615 1491 3619 —
1517 3608 1642 3638 qnam
1669 3598 1923 3629 efficaciter
1947 3598 2220 3629 adstiterunt
2245 3596 2313 3627 des.
2331 3595 2362 3626 5.

156 3651 190 3695 P)
216 3655 404 3696 recepimus
429 3654 460 3687 2.
486 3653 519 3687 3.

2376 2340 2455 2367 Febr.
2480 2343 2520 2367 18.
