2558 3970
178 162 255 201 108
720 159 959 193 FRIDERICI
986 159 1029 193 ΙΙ.
1056 157 1482 193 CONSTITUTIONES.
1534 158 1632 192 1220.
1680 157 1815 191 N1·.85.

174 286 441 327 quecumque
475 274 556 313 alie
590 287 771 328 persone
803 276 948 314 contra
982 273 1204 323 libertates
1238 272 1419 313 ecclesie
1444 285 1492 312 ac
1526 285 1732 326 personas
1761 272 2080 313 ecclesiasticas
2105 273 2236 315 edere
2259 275 2355 316 velq

173 356 344 382 servare
387 347 646 396 temptarunt
688 341 894 382 adversus
929 341 1178 381 canonicas1'
1211 341 1279 382 vel
1311 340 1557 395 imperiales
1597 340 1861 389 sanctiones,
1903 345 1946 380 et
1979 354 2029 381 ea
2061 340 2113 382 de
2147 343 2354 397 capitula-

172 409 286 449 ribus
320 411 406 450 suis
440 410 691 450 mandamus
732 410 839 450 infra
873 409 978 450 duos
1022 423 1194 451 menses
1234 416 1332 464 post
1372 408 1615 449 huiusmodi
1657 408 1991 463 publicationem
2025 409 2153 450 edicti
2183 412 2353 465 penitus

171 477 353 518 aboleri:
387 483 428 518 et
462 479 494 518 si
527 477 579 519 de
615 482 757 518 cetero
792 478 947 517 similia
979 477 1345 532 attemptaverint,
1378 477 1468 531 ipso
1500 477 1592 517 iure
1625 476 1896 517 decernimus
1929 490 2024 518 esse
2057 478 2174 519 nulla
2206 483 2248 519 et
2279 493 2353 520 eos

171 559 247 585 sua
294 545 563 586 iurisditione
606 547 810 600 privatos.
859 560 1025 587 necnon
1072 546 1212 587 locum
1250 546 1322 586 ubi
1361 545 1564 600 deinceps
1598 545 1698 586 talia
1735 549 1986 600 presumpta
2022 546 2181 587 fuerint
2212 547 2354 590 banno

173 613 286 653 mille
320 628 558 654 marcarum
599 615 859 670 precipimus
893 614 1131 656 subiacere.
1194 614 1442 655 Potestates
1476 626 1591 662 vero,
1631 614 1850 664 consuleS,
1887 617 2099 665 rectores,
2142 617 2355 657 statutarii

169 690 211 721 ct
243 682 471 736 scriptores
501 683 710 723 dictorum
750 686 1005 723 statutorum
1039 695 1206 723 necnon
1242 681 1473 721 consiliarii
1497 681 1687 721 locorum
1715 682 1904 736 ipsorum
1928 686 1995 723 etS
2026 682 2097 737 qui
2120 684 2355 725 secundum

171 755 329 789 statuta
366 751 429 790 vel
464 750 794 792 consuetudines
825 755 1083 791 memoratas
1106 749 1388 790 iudicaverint
1419 749 1502 788 sint
1526 754 1684 789 extunc
1708 749 1800 803 ipso
1824 750 1915 791 iure
1939 750 2142 799 infames;
2176 765 2354 806 quorum

169 819 406 859 sententias
448 821 511 860 ett
554 824 675 860 actus
724 819 860 860 aliasu
897 819 1110 873 legitimos
1148 818 1373 859 statuimus
1412 817 1684 871 aliquatenus
1726 830 1812 858 non
1843 821 2006 861 tenere.
2068 818 2181 866 QuiV
2212 821 2247 861 si
2278 834 2356 877 per

167 899 324 926 annum
358 887 515 928 huiusw
548 893 693 928 nostre
718 888 1032 928 constitutionis
1055 887 1219 928 inventi
1243 886 1401 926 fuerint
1424 889 1752 940 contemptores,
1786 885 1898 927 bona
1920 900 2068 928 eorum
2089 902 2166 943 per
2188 893 2354 931 totum¹

166 959 356 994 nostrum
391 956 617 1010 imperium
651 955 928 997 mandamusy
970 957 1143 1011 impune
1178 955 1231 996 ab
1266 954 1463 995 omnibus
1496 955 1715 1009 occupari,
1760 954 1889 995 salvis
1921 956 2224 999 nichilominus
2256 960 2352 1002 aliis

168 1022 289 1075 penis
323 1029 467 1064 contra
501 1024 611 1065 tales
645 1025 688 1064 in
721 1024 915 1078 generali
949 1024 1128 1064 concilio
1161 1023 1486 1078 promulgatis¹.

310 1092 345 1131 2.
380 1091 516 1132 Item‘2
547 1093 662 1133 nulla
696 1093 981 1133 communitas
1006 1093 1074 1133 vel
1106 1106 1305 1147 persona,
1339 1091 1515 1147 publica
1536 1092 1605 1132 vel
1637 1092 1817 1146 privata,
1851 1092 2056 1134 collectas
2087 1094 2201 1135 sivez
2224 1110 2353 1137 exac-

166 1158 325 1200 tiones.
368 1161 566 1215 angarias
601 1162 668 1202 vel
702 1162 981 1216 parangarias
1024 1161 1220 1202 ecclesiis
1253 1161 1431 1214 aliisque
1464 1160 1546 1214 piis
1577 1160 1681 1201 locis
1715 1163 1788 1200 aut
1820 1160 2125 1203 ecclesiasticis
2156 1165 2354 1218 personis

166 1227 387 1281 imponant
426 1234 499 1270 aut
539 1230 742 1271 invadere
776 1230 1073 1270 ecclesiastica
1105 1230 1218 1270 bona
1255 1234 1525 1284 presumant:
1569 1228 1682 1282 quod
1716 1229 1751 1269 si
1788 1228 1970 1270 fecerint
2000 1233 2043 1271 et
2074 1232 2267 1286 requisiti
2299 1233 2352 1275 ab

165 1296 347 1337 eeclesia
382 1298 449 1338 vel
483 1298 663 1352 imperio
697 1298 927 1339 emendare
962 1298 1312 1353 contempserint,
1347 1297 1521 1352 triplum
1545 1296 1785 1348 refundant,
1821 1301 1864 1338 et
1885 1297 2187 1341 nichilominus
2211 1300 2352 1343 banno

164 1364 374 1418 imperiali
413 1365 677 1412 subiaceant.
712 1366 821 1421 quod
854 1366 1016 1420 absque
1049 1366 1342 1407 satisfactione
1377 1365 1524 1407 debita
1555 1366 1804 1406 nullatenus
1836 1366 2090 1408 remittatur.

307 1434 343 1474 3.
378 1433 548 1475 Item1¹⁴3
580 1448 851 1488 quecumque
885 1435 1168 1475 communitas
1201 1435 1271 1475 vel
1308 1447 1494 1489 persona
1534 1448 1612 1489 per
1644 1448 1802 1474 annum
1834 1434 1876 1474 in
1909 1436 2351 1480 excommunicatione

162 1506 337 1556 propter
381 1502 625 1544 libertatem
669 1503 851 1544 ecclesie
896 1503 1009 1543 facta
1050 1503 1299 1558 perstiterit,
1343 1503 1438 1558 ipso
1478 1503 1568 1543 iure
1610 1502 1823 1558 imperiali
1856 1503 2026 1544 bannob
2059 1504 2295 1556 subiaceat,
2327 1521 2353 1548 a

163 1583 243 1624 quo
276 1571 520 1612 nullatenus
553 1572 820 1622 extrahatur,
852 1572 933 1612 nisi
964 1573 1081 1627 prius
1114 1573 1167 1613 ab
1201 1572 1389 1613 ecclesia
1420 1572 1631 1614 beneficio
1665 1571 1947 1613 absolutionis
1980 1572 2170 1616 obtento.

305 1643 343 1681 4.
377 1639 643 1680 statuimus*
674 1645 829 1682 autem.
853 1646 899 1681 ut
930 1641 1074 1681 nullus
1108 1641 1449 1682 ecclesiasticam
1483 1654 1711 1696 personam
1744 1640 1786 1680 in
1809 1640 2016 1681 criminali
2038 1642 2262 1695 questione
2284 1643 2354 1684 vel

162 1707 274 1747 civili
331 1708 500 1750 trahere
557 1709 610 1749 ad
656 1708 858 1749 iudicium
908 1710 1101 1750 seculare
1155 1714 1377 1764 presumat
1431 1713 1579 1750 contra
1629 1709 1958 1750 constitutiones
2013 1709 2260 1764 imperiales
2309 1715 2353 1752 et

161 1776 387 1816 canonicas
441 1777 683 1819 sanctiones
697 1779 724 1819 ⁵.
801 1776 923 1824 Quod
974 1778 1010 1818 si
1062 1778 1251 1829 fecerit0,
1308 1782 1428 1819 actor
1467 1792 1492 1819 a
1530 1779 1621 1819 iure
1661 1792 1738 1818 suo
1782 1777 1928 1827 cadat,
1978 1777 2212 1820 iudicatum
2265 1794 2351 1822 non

162 1848 321 1888 teneat.
355 1850 397 1885 ct
430 1845 559 1886 iudex
592 1846 647 1886 sit
679 1861 734 1887 ex
766 1851 865 1887 tunc
900 1846 1115 1888 iudicandi
1147 1850 1364 1902 potestate
1395 1847 1600 1902 privatus.

310 1916 348 1954 5.
382 1912 661 1955 Sanccimus‘¹
694 1916 837 1964 ctiam,
870 1920 917 1956 ut
947 1916 982 1956 si
1013 1916 1084 1970 qui
1118 1917 1284 1958 clericis
1317 1916 1384 1957 vel
1416 1916 1611 1971 personis
1644 1915 1951 1958 ecclesiasticis
1982 1916 2197 1968 iusticiam
2219 1916 2351 1959 dene-

160 1994 262 2035 gare
296 1983 648 2037 presumpserint,
682 1985 808 2025 tertio
841 1984 1035 2039 requisiti
1068 1998 1189 2026 suam
1221 1984 1535 2026 iurisditionem
1567 1985 1804 2026 amittante.

305 2052 340 2091 6.
367 2050 645 2103 Chatarosf·0,
666 2052 943 2104 Patarenosss,
961 2052 1203 2104 LeonistaS,
1225 2053 1510 2108 Speronistas,
1532 2053 1818 2103 Arnaldistas,
1838 2051 2124 2094 Circumcisos
2141 2057 2184 2094 et
2203 2067 2351 2096 omnes

159 2123 342 2159 hereticos
388 2120 612 2174 utriusque
656 2135 808 2173 sexus,
843 2139 1076 2172 quocumque
1107 2128 1257 2163 nomine
1297 2130 1535 2170 censeantur,
1583 2126 1794 2177 perpetua
1834 2120 2115 2176 dampnamus
2158 2122 2349 2174 infamia,

160 2185 400 2227 diffidamus
440 2192 568 2242 atque
611 2189 857 2239 bannimus,
891 2195 1120 2232 censentes
1153 2194 1199 2231 ut
1231 2191 1346 2232 bona
1384 2191 1533 2232 talium
1565 2197 1812 2231 confiscentur
1842 2204 1922 2231 nec
1954 2189 2008 2230 ad
2040 2203 2114 2231 eos
2144 2191 2351 2233 ulterius¹1

159 2258 447 2297 revertantur.
488 2257 544 2297 ita
589 2257 700 2311 quod
742 2258 818 2298 filii
851 2258 902 2299 ad
944 2260 1263 2301 successionem
1297 2273 1442 2301 eorum
1481 2260 1709 2314 pervenire
1742 2272 1826 2299 non
1866 2258 2052 2313 possint,
2096 2273 2191 2300 cum
2221 2259 2349 2314 longe

161 2323 216 2362 sit
247 2324 419 2376 gravius
464 2330 654 2366 eternam
689 2340 816 2381 quam
858 2328 1137 2382 temporalem
1173 2327 1390 2369 offendere
1433 2328 1717 2370 maiestatem.
1778 2332 1848 2374 Qui
1879 2334 2003 2367 autem
2034 2332 2179 2368 inventi
2209 2333 2350 2370 fuerint

159 2397 235 2431 sola
278 2399 484 2443 suspitione
516 2401 722 2443 notabiles,
761 2401 832 2435 nisi
874 2395 927 2436 ad
960 2395 1210 2437 mandatum
1249 2397 1432 2442 ecclesie
1469 2402 1577 2437 iuxta
1614 2401 1951 2437 considerationem
1982 2400 2200 2446 suspitionis
2231 2402 2347 2446 quali-

159 2469 350 2510 tatemque
382 2480 539 2512 persone
572 2470 762 2515 propriam
793 2470 1048 2505 innocentiam
1082 2482 1246 2516 congrua
1277 2470 1502 2516 purgatione
1523 2470 1826 2513 monstraverint,
1859 2467 2077 2518 tamquam
2099 2463 2282 2506 infames
2304 2467 2348 2506 et

159 2528 322 2570 banniti
360 2531 413 2571 ab
454 2533 650 2573 omnibus
692 2533 952 2585 habeantur,
994 2539 1049 2574 ita
1089 2539 1188 2583 quod
1227 2539 1257 2574 si
1297 2534 1356 2575 sic
1400 2551 1467 2584 per
1505 2550 1643 2574 annum
1683 2532 2016 2588 permanserint,
2058 2549 2102 2573 ex
2141 2540 2232 2574 tunc
2269 2546 2345 2575 eos

158 2603 251 2638 sieut
283 2604 468 2640 hereticos
501 2607 847 2652 condempnamus.

302 2670 336 2708 7.
373 2668 609 2709 Statuimus
625 2670 639 2693 7
672 2670 819 2711 etiami
851 2670 932 2710 hoc
957 2669 1098 2710 edicto
1133 2670 1175 2710 in
1197 2674 1454 2726 perpetuum
1478 2669 1673 2721 valituro,
1706 2673 1753 2709 ut
1775 2671 2016 2724 potestates
2040 2668 2127 2709 veli
2148 2668 2346 2710 consules

158 2748 233 2775 seu
269 2740 472 2787 rectores,
506 2743 800 2787 quibuscumque
835 2744 1038 2789 fungantur
1069 2744 1211 2787 officiis,
1244 2756 1310 2789 pro
1342 2744 1557 2779 defensione
1579 2736 1693 2778 fideik
1722 2745 1893 2788 prestent
1913 2742 2060 2788 publice
2082 2742 2344 2786 iuramentum,

157 2809 254 2852 quod
288 2809 331 2844 de
363 2811 471 2845 terris
505 2823 567 2846 sue
600 2812 828 2847 iurisditioni
869 2812 1045 2847 subiectis
1077 2812 1270 2847 universos
1309 2812 1494 2847 hereticos
1533 2812 1579 2847 ab
1611 2812 1767 2847 ecclesia
1797 2812 1996 2847 denotatos
2035 2811 2134 2846 bona
2173 2811 2242 2846 fide
2277 2822 2345 2856 pro

158 2872 312 2912 viribus¹
346 2879 593 2915 exterminare
636 2880 849 2923 studebunt,
890 2881 943 2915 ita
985 2880 1084 2925 quod
1124 2881 1257 2916 amodo
1300 2881 1609 2926 quandocumque
1640 2881 1722 2925 quis
1754 2880 1867 2915 fuerit
1897 2880 1935 2914 in
1973 2881 2202 2925 potestatem
2233 2879 2346 2915 sivem

294 2987 354 3021 85.
389 2996 420 3029 ss)
451 2995 482 3021 et
511 2988 582 3022 02.
609 2988 638 3021 3.
796 2995 823 3031 r)
849 3001 1036 3023 canonos
1063 2991 1105 3023 A.
1262 2989 1289 3034 Β)
1315 2990 1404 3023 deest
1431 2991 1458 3023 Ο
1482 2990 1511 3023 1.
1666 2989 1692 3031 t)
1719 2990 1774 3022 vel
1801 2988 1829 3021 0
1850 2987 1880 3020 2.
1907 2987 1938 3021 3.
2092 2987 2126 3031 u)
2152 2987 2236 3021 alios
2262 2987 2295 3020 A
2313 2987 2343 3022 1.

156 3050 185 3083 v)
211 3046 307 3084 Quod
334 3046 376 3078 A.
398 3046 425 3076 (J
442 3045 472 3078 2.
492 3046 522 3079 3.
664 3046 702 3087 w)
729 3048 921 3079 huiusmodi
951 3047 991 3080 A.
1010 3048 1043 3080 B
1062 3047 1090 3080 1.
1109 3046 1141 3080 2.
1281 3047 1315 3090 x)
1346 3058 1415 3089 pro
1448 3052 1556 3080 totum
1592 3050 1744 3080 nostrum
1769 3047 1945 3089 imperium
1974 3045 2018 3077 B:
2051 3049 2234 3078 cunctas
2259 3056 2344 3088 pro·

155 3102 326 3133 vincias.
444 3109 476 3144 Υ)
502 3104 703 3136 mandamus
728 3115 788 3146 per
812 3108 919 3136 totum
946 3116 978 3137 n.
1007 3105 1183 3146 imperium
1211 3102 1282 3135 02.
1302 3103 1333 3135 3.
1473 3104 1501 3144 z)
1527 3114 1584 3136 seu
1604 3103 1635 3134 A
1656 3103 1685 3136 1.
1711 3102 1744 3134 B
1763 3102 1791 3136 l.
1931 3101 1962 3143 a)
1988 3103 2071 3133 Item
2096 3100 2186 3134 deest
2213 3099 2285 3133 02.
2302 3100 2342 3142 35

156 3159 236 3189 Item
265 3178 304 3180 —
334 3160 495 3192 beneficio
521 3161 745 3193 absolutionis
771 3162 908 3194 obtento
935 3161 1001 3193 fles.
1021 3161 1054 3192 J}
1070 3160 1101 3193 53.
1197 3160 1228 3203 b)
1255 3161 1369 3193 banno
1388 3161 1552 3203 imperiali
1571 3160 1603 3192 A
1618 3159 1650 3193 2.
1675 3160 1708 3191 B
1727 3159 1754 3191 l.
1774 3159 1804 3191 2.
1900 3158 1929 3199 c)
1955 3159 2082 3190 sactum
2101 3159 2202 3191 fuerit
2221 3157 2294 3191 02.
2310 3156 2342 3191 3.

154 3213 185 3257 d)
213 3217 344 3248 Sffimus
371 3217 401 3247 A
423 3217 450 3250 1.
476 3217 507 3247 B
528 3217 560 3256 1;
587 3219 762 3250 Saneimus
789 3217 867 3250 112.
986 3223 1016 3258 θ)
1042 3218 1236 3250 ammittant
1263 3217 1334 3249 01.
1462 3215 1489 3256 f)
1516 3218 1645 3250 Porro
1670 3217 1836 3249 Chataros
1862 3215 1904 3247 B.
1998 3213 2031 3257 Β)
2058 3217 2240 3248 Paterenos
2268 3215 2340 3250 01.

155 3270 186 3311 ὓ]
215 3273 302 3304 ultra
331 3272 401 3304 122.
420 3273 450 3305 3.
569 3278 592 3316 ¹)
619 3275 709 3308 deest
735 3275 762 3306 0
776 3274 807 3307 2.
834 3274 865 3307 3.
983 3273 1016 3316 k)
1044 3275 1213 3307 katholice
1239 3274 1320 3307 add.
1341 3274 1370 3306 0
1383 3273 1413 3306 2.
1431 3273 1462 3307 3.
1580 3272 1605 3316 1)
1630 3274 1761 3306 iuribus
1787 3273 1819 3305 A
1839 3272 1867 3305 1.
1989 3271 2032 3313 ¹¹²)
2057 3282 2118 3305 seu
2143 3272 2172 3304 0
2185 3271 2215 3305 2.
2233 3270 2266 3305 3.

292 3364 324 3399 1)
352 3362 449 3396 Haec
478 3367 628 3406 spectare
659 3363 824 3397 ridentur
854 3363 903 3397 acl
938 3363 1086 3398 Concilio*
1111 3364 1369 3398 Lateranensis
1394 3376 1426 3398 α.
1446 3367 1532 3397 1215
1557 3373 1724 3397 canonem
1747 3368 1810 3405 44,·
1832 3373 1862 3396 v.
1879 3361 2005 3396 Mansi
2032 3360 2168 3404 XXII,
2189 3372 2227 3404 p.
2246 3365 2339 3396 1027.

152 3418 186 3459 2)
213 3418 322 3452 Anth.
349 3419 377 3460 I.
399 3423 428 3461 3,
450 3427 486 3453 2:
513 3421 605 3454 Item
630 3421 742 3454 nulla.
796 3420 849 3462 Cf.
880 3421 1028 3455 Corwilii
1054 3421 1308 3455 Lateranensis
1332 3431 1360 3455 c.
1378 3425 1424 3454 46
1442 3430 1478 3463 p.
1498 3424 1597 3454 1020.
1709 3420 1765 3462 ’3)
1791 3418 1900 3452 Auth.
1926 3418 1960 3461 I,
1979 3423 2009 3461 3,
2029 3422 2086 3453 13:
2111 3418 2203 3452 Item
2230 3428 2342 3461 quae-

153 3486 316 3518 cumque.
444 3476 478 3517 4)
505 3476 612 3510 Anile.
640 3477 669 3519 Ι,
687 3482 717 3519 3,
737 3481 796 3511 32:
825 3478 1040 3512 Statuimus.
1172 3480 1207 3522 5)
1233 3478 1295 3512 Ad
1317 3478 1410 3512 hanc
1439 3488 1599 3511 normam
1623 3481 1791 3520 provocat
1818 3476 2040 3520 privileyimn
2066 3476 2228 3509 Hcimici
2250 3476 2340 3520 νομί-«ς

153 3544 183 3566 a.
205 3537 294 3567 1225.
322 3533 400 3566 Ian.
419 3537 469 3567 23.
497 3532 721 3567 is'alemitcmis
738 3534 881 3576 (mlum,-
906 3546 934 3569 τ.
958 3535 1206 3569 Wiwzlcelmann
1226 3536 1329 3569 ‘Acta
1345 3535 1492 3579 imperi?
1517 3534 1550 3575 I,
1567 3545 1623 3568 nr.
1642 3539 1708 3568 451
1725 3533 1889 3576 (Bo'lwner
1908 3533 1946 3576 V,
1963 3535 2074 3576 3963).
2176 3533 2212 3575 G)
2231 3532 2340 3567 Auth.

152 3589 183 3631 I,
202 3595 230 3631 5,
252 3594 306 3623 19:
333 3589 546 3624 Gazarenos
598 3590 724 3633 Capita
744 3596 764 3624 6
789 3595 818 3624 et
847 3596 864 3625 7
887 3593 1077 3626 maximam
1099 3595 1235 3637 pavffem
1259 3603 1276 3625 e
1302 3591 1450 3626 Concilii
1467 3591 1723 3625 Latercmensis
1745 3601 1772 3625 c.
1790 3594 1811 3625 3
1828 3601 1868 3634 p.
1886 3594 1949 3625 986
1960 3600 2008 3633 sq.
2033 3589 2218 3632 desumpta
2241 3592 2335 3624 sunt.

152 3646 184 3689 7)
210 3647 316 3681 Auen.
344 3647 372 3689 I,
390 3653 420 3690 4,
442 3652 492 3681 19:
519 3647 737 3682 Statuimus.

2391 899 2423 924 10

2390 1241 2421 1266 15

2388 1582 2422 1608 20

2387 1931 2420 1956 25

2386 2275 2419 2301 30

2383 2620 2416 2646 ³5
2472 2604 2481 2625 ³

2379 2996 2413 3022 40

2377 3280 2409 3306 45

2376 3599 2409 3624 50
