2558 3970
199 204 273 241 118
695 196 935 231 FRIDERICI
962 197 1004 229 ll.
1032 193 1462 229 CONSTITU'PioNES.
1515 193 1612 227 1223.
1661 193 1722 227 Nr.
1743 193 1796 226 94.
1823 193 1875 226 95.

194 315 427 355 Brixiensi.
451 313 724 352 Yerdunensi
741 312 753 336 ¹
778 311 992 366 episeopis
1024 316 1066 350 et
1104 310 1200 350 aliis
1224 314 1309 350 tam
1333 309 1498 363 imperii
1523 321 1648 362 quam
1674 308 1795 361 regni
1821 307 2106 360 magnatibus,
2139 307 2191 347 ab
2215 307 2379 348 eisdem

193 382 457 438 p1·im·ipilnis
497 381 592 420 talis
633 381 711 420 fuit
751 380 835 420 lata
877 379 1110 419 sententia:
1152 377 1265 432 qnod
1306 377 1409 417 nulli
1442 376 1723 417 ecclesiarum
1758 375 1942 430 prelato,
1985 375 2056 429 qui
2088 376 2273 430 insignia
2304 390 2380 416 sua

192 452 244 492 de
279 465 405 491 manu
450 449 660 503 imperiali
705 462 787 488 non
829 448 1041 502 receperit
1083 460 1159 487 seu
1191 447 1261 501 qui
1293 459 1375 486 non
1413 449 1559 485 teneat
1592 444 1820 499 clippeum,
1854 443 1926 498 qui
1959 444 2195 497 vulgariter
2225 443 2381 485 dicitur

194 519 416 560 hel-schilt.
465 518 594 557 liceat
639 517 939 571 possessiones
988 516 1172 556 ecclesie
1227 515 1293 555 cui
1338 517 1483 568 preest
1527 513 1653 553 alicui
1700 511 1941 561 infeudare,
1988 512 2046 552 ita
2088 512 2198 566 quod
2242 513 2381 567 ipsum

193 587 366 627 feudum
400 591 607 640 perpetuo
649 586 701 625 sit
743 583 854 639 apud
888 583 1173 624 feudatarium
1210 594 1552 637 permansurum.
1614 579 1754 626 Quam
1788 580 2045 620 sententiam
2077 594 2101 620 a
2133 581 2378 622 memoratis
2434 595 2449 620 5

196 655 460 709 principibus
494 654 622 693 latam
657 658 699 694 et
732 666 876 693 eorum
912 665 1130 692 consensu
1162 650 1443 705 approbatam
1478 648 1604 689 scribi
1637 648 1816 688 fecimus
1848 661 1896 688 ac
1931 648 2059 702 sigilli
2083 649 2216 689 nostri
2239 649 2380 689 muni-

195 724 307 763 mine
340 723 542 763 roborari.
577 722 772 762 districte.
805 719 1059 760 mandantes
1084 724 1126 759 et
1147 719 1400 759 auctoritate
1424 716 1636 771 imperiali
1666 716 1967 770 precipientes,
2001 720 2212 770 quatenus
2239 717 2381 758 nullus

197 793 249 831 sit
281 792 349 845 qui
384 799 527 831 contra
563 789 806 830 huiusmodi
831 788 1047 829 sententie
1071 787 1383 827 munimentum
1410 785 1619 826 ecclesias
1642 788 1715 825 aut
1743 785 2021 825 eeclesiarum
2043 785 2232 839 prelatos
2255 799 2385 841 super

197 874 343 900 eorum
390 858 736 914 possessionibus
776 861 996 912 presumat
1036 856 1078 895 in
1119 855 1262 910 aliquo
1305 854 1559 909 perturbare
1601 857 1674 893 aut
1705 853 1930 893 occasione
1967 853 2110 907 aliqua
2140 854 2383 896 molestare.

197 928 319 974 Quod
354 929 423 982 qui
456 927 780 982 presumpserit,
823 924 1162 979 indignationem
1195 923 1331 963 nostri
1364 922 1560 963 culminis
1601 921 1768 961 noverit
1802 934 1847 961 se
1880 921 2070 975 graviter
2100 922 2383 963 incursurum.
2421 938 2454 962 ιο

341 998 452 1036 Aeta
497 1001 595 1035 sunt
642 994 719 1034 hee
767 1007 879 1034 anno
925 993 977 1033 ab
1025 992 1325 1033 incarnacione
1358 990 1532 1032 Domini
1574 990 1802 1030 millesimo
1845 989 2139 1031 ducentesimo
2183 991 2386 1032 vicesimo

198 1066 339 1105 tertio.
382 1063 658 1119 presentibus
692 1061 957 1117 principibus
998 1060 1269 1115 supradictis.
1341 1059 1500 1100 Datum
1546 1058 1708 1113 Capue,
1748 1071 1859 1098 nono
1898 1057 2002 1098 Idus
2041 1057 2282 1109 Februarii,
2321 1059 2387 1099 in-

198 1133 382 1172 dictione
417 1132 656 1172 undecima.

913 1480 1002 1548 95.
1060 1475 1688 1548 SENTENTIA

202 1582 615 1652 CONTRA
661 1579 1433 1652 SUBOFFIGIATOS
1476 1579 1603 1650 ET
1633 1577 2391 1650 ALIENATIONES
2429 1612 2461 1637 ιε»

605 1684 1116 1756 BONORUM
1172 1682 1994 1755 OFFIOIATORUM.

1107 1810 1249 1856 1223.
1287 1809 1430 1856 Febr.
1461 1809 1505 1856 5.

347 1955 648 2007 Autoqraplmn
680 1954 882 1995 tabularii
907 1954 1225 2004 limmat-eremi,
1257 1953 1459 2005 Dowzzstift
1480 1952 1736 1994 Hildeslzcim
1760 1954 1851 2001 103,
1883 1950 1992 2003 quod
2011 1950 2096 1992 iam
2117 1951 2253 2005 sigillo
2274 1953 2395 2002 earet,

205 2024 337 2064 denuo
375 2024 633 2064 eontulinzus.
697 2024 934 2065 Sententiae
970 2024 1092 2075 prior
1124 2036 1232 2075 pars
1268 2022 1456 2075 conqruit
1495 2035 1586 2063 cum
1622 2021 1826 2062 sententia
1855 2020 2050 2072 sequenti,
2088 2019 2211 2076 infra
2240 2034 2307 2063 nr.
2330 2021 2396 2070 96,

204 2093 334 2134 eodem
376 2096 548 2146 tempore
582 2093 873 2144 pronuntiata.
909 2117 958 2122 —
991 2091 1446 2133 Huillard-Bre'holles
1476 2091 1540 2141 ΙΙ,
1561 2091 1658 2132 297.
1719 2089 1912 2139 ΒόΙιυῑθν,
1950 2088 2050 2142 Ray.
2083 2090 2180 2141 imp.
2214 2089 2256 2139 V,
2274 2090 2398 2131 1438.
2433 2104 2466 2129 20

2042 2156 2113 2209 (P.
2135 2158 2255 2211 250.)

348 2252 415 2293 Fr.
448 2252 531 2294 Dei
575 2252 714 2307 gratia
745 2251 1040 2293 Romanorum
1079 2252 1314 2307 imperator
1351 2264 1522 2306 semper
1563 2253 1771 2304 augustus
1815 2253 1857 2290 et
1897 2262 1975 2289 rex
2009 2248 2151 2289 Sicilie
2182 2249 2396 2291 universis

208 2322 373 2375 imperii
407 2321 605 2362 fidelibus
639 2321 747 2362 hane
792 2322 994 2376 paginam
1029 2320 1290 2376 inspecturis
1324 2320 1504 2374 gratiam
1538 2333 1660 2359 suam
1694 2322 1736 2359 et
1768 2331 1891 2358 omne
1932 2318 2106 2359 bonum.
2225 2316 2398 2366 Consti-

206 2396 323 2430 tutus
372 2390 412 2430 in
460 2390 681 2445 presentia
727 2395 873 2431 nostra
921 2389 1103 2431 dilectus
1151 2389 1276 2430 nobis
1320 2389 1488 2443 imperii
1535 2387 1671 2428 nostri
1711 2387 1911 2442 princeps
1951 2386 2132 2427 domnus
2173 2385 2394 2427 Conradus

208 2457 580 2499 Hildensemensis
613 2459 840 2514 episcopus
875 2459 1135 2500 sententiam
1168 2458 1403 2513 imperialis
1436 2457 1552 2497 curie
1586 2459 1729 2496 nostre
1771 2455 1850 2496 sibi
1880 2455 2115 2510 postulavit
2137 2454 2247 2496 edici
2269 2468 2400 2510 super
2433 2474 2464 2500 25

209 2540 275 2566 eo:
310 2527 343 2566 si
378 2527 589 2568 officiatus
623 2528 776 2581 aliquis
809 2527 1013 2582 principis
1037 2527 1362 2581 cuiuscumque,
1394 2525 1560 2581 dapifer
1582 2525 1796 2576 videlicet,
1828 2524 2104 2575 marscalcus,
2136 2523 2397 2565 camerarius

207 2596 273 2634 vel
320 2596 537 2650 pincerna,
587 2601 733 2650 posset
781 2596 963 2650 principi
1004 2595 1172 2636 domino
1213 2609 1289 2636 suo
1328 2595 1493 2635 ratione
1536 2594 1599 2634 sui
1639 2593 1762 2633 offitii
1802 2605 2059 2647 quemquam
2103 2605 2262 2647 ponere
2295 2592 2397 2632 sub-

209 2663 450 2704 ministrum
484 2665 551 2705 vel
585 2664 747 2719 aliquid
780 2664 832 2704 de
866 2664 996 2705 rebus
1030 2665 1122 2704 eius
1155 2663 1386 2704 mobilibus
1420 2663 1487 2703 vel
1520 2661 1809 2702 immobilibus
1842 2665 1988 2715 preter
2016 2674 2241 2701 assensum
2280 2660 2395 2701 eius-

208 2732 300 2772 dem
337 2734 540 2789 prineipis
574 2739 616 2773 et
659 2734 750 2773 eius
790 2733 1114 2787 beneplacitum
1146 2732 1382 2772 voluntatis
1427 2730 1639 2771 ordinare.
1710 2729 1848 2784 Super
1879 2742 1961 2783 quo
1995 2729 2256 2770 sententiam
2287 2728 2397 2770 hanc

209 2801 442 2855 imperialis
477 2802 591 2841 curia
627 2806 773 2841 nostra
805 2801 1112 2856 promulgavit:
1147 2799 1261 2855 quod
1294 2800 1375 2840 nisi
1408 2799 1460 2841 de
1494 2813 1676 2840 assensu
1698 2797 1901 2853 principis
1926 2797 2052 2837 fuerit
2074 2800 2117 2837 et
2144 2797 2237 2838 eius
2259 2797 2398 2838 libera
2431 2813 2465 2840 30

210 2870 444 2911 voluntate.
490 2871 632 2910 nullus
672 2871 821 2910 talium
865 2870 1144 2911 offitiatorum
1177 2869 1487 2910 suboffitiatum
1521 2880 1779 2923 quemquam
1820 2866 1951 2907 talem
1984 2865 2155 2906 domino
2187 2879 2263 2906 suo
2295 2865 2397 2907 dare

209 2944 348 2992 potest
397 2952 474 2980 nec
514 2938 675 2993 aliquid
719 2939 770 2979 de
818 2939 947 2980 rebus
989 2939 1197 2994 principis
1237 2938 1465 2993 disponere
1505 2941 1649 2993 preter
1679 2936 1770 2976 eius
1803 2935 2120 2990 beneplacitum
2152 2934 2396 2976 voluntatis.

210 3006 321 3046 Data
355 3012 420 3047 est
451 3007 530 3047 hec
564 3008 781 3048 sententia
813 3007 1101 3048 assidentibus
1135 3011 1178 3048 et
1209 3006 1546 3048 assentientibus
1586 3005 1667 3060 ipsi
1701 3004 1912 3044 sententie
1946 3002 2028 3043 hiis
2061 3002 2231 3058 imperii
2262 3002 2397 3044 nostri

211 3075 492 3129 principibus:
528 3075 683 3115 clomno
708 3076 764 3116 A.
787 3075 1155 3129 Magdeburgensi
1189 3075 1531 3130 archiepiscopo.
1565 3073 1720 3114 domno
1743 3071 2076 3118 Warmaciensi‚
2110 3070 2264 3111 domno
2286 3070 2396 3112 Ver-

211 3143 433 3183 ‹lunens-ik
468 3143 622 3185 domno
656 3144 922 3194 Tridentino,
956 3144 1111 3185 domno
1144 3143 1492 3198 Nuenbuigensi,
1526 3143 1681 3184 domno
1704 3139 1936 3188 Brixiensi,
1970 3138 2124 3179 domno
2156 3137 2394 3190 Ymolensi‚
2431 3154 2463 3180 35

211 3211 364 3251 domno
396 3211 774 3266 Brandeburgensi
807 3213 1036 3268 episcopia
1069 3217 1111 3253 et
1143 3212 1299 3253 domno
1333 3212 1489 3253 abbate
1512 3210 1804 3255 Morbacensi;
1838 3207 2078 3249 astantibus
2102 3210 2246 3248 autem
2275 3207 2396 3248 laicis

213 3279 404 3320 eiusdem
446 3280 613 3335 imperii
647 3283 781 3321 nostri
821 3282 1035 3322 nobilibus
1070 3286 1112 3322 et
1144 3281 1284 3322 eidem
1317 3280 1530 3321 sententie
1562 3277 1912 3328 acclamantibus,
1953 3275 2200 3316 marchione
2233 3274 2284 3316 de
2306 3274 2396 3316 Vo-

210 3347 356 3397 burch7
390 3347 578 3388 Henrico
611 3348 662 3389 de
695 3348 1020 3390 Waldenberch
1054 3349 1259 3404 pincerna
1294 3349 1517 3389 memorati
1552 3347 1744 3402 episcopi
1777 3344 2163 3393 Hildensemensis,
2204 3342 2395 3384 Henrico

213 3415 263 3455 dc
311 3415 541 3457 Euerstein
589 3418 837 3464 comitibus;
892 3418 1242 3459 ministerialibus
1294 3422 1437 3458 autem
1483 3416 1650 3471 imperii
1698 3413 1938 3455 Gunzelino
1991 3411 2043 3452 de
2094 3409 2395 3462 Wolferbotle,

213 3483 425 3523 XVerncro
459 3483 509 3523 de
543 3484 728 3525 Bonlant
762 3491 803 3526 et
836 3500 963 3540 quam
995 3487 1190 3541 pluribus
1223 3486 1320 3527 aliis
1355 3485 1568 3526 nobilibus
1601 3489 1643 3525 et
1674 3479 2045 3524 ministerialibus,
2431 3494 2464 3519 4⁰

355 3551 465 3591 Data
500 3550 660 3607 (sapue.
694 3567 804 3592 anno
837 3553 1009 3594 Domini
1045 3553 1335 3603 MCCXXHI,
1370 3553 1515 3593 Nonas
1549 3552 1690 3597 Febr..
1725 3551 1870 3591 indict.
1895 3547 1970 3588 XI.

2476 2596 2492 2603 r

353 3655 383 3694 l!
412 3653 430 3686 i.
454 3663 480 3686 e.
504 3652 677 3687 Vertlensi.
1039 3659 1539 3662 ''‘'⁴ffl’“—w*ffi
1567 3660 1571 3661 ⁷
