2558 3970
122 547 137 571 5

105 896 138 921 10

102 1315 135 1341 15

98 1661 133 1686 20

97 2007 129 2032 25

95 2357 129 2383 30

95 2702 127 2728 35

92 3048 127 3073 40

92 3396 125 3421 45

712 147 954 182 FRIDERICI
982 148 1026 182 ll.
1052 148 1483 186 CONs'rl'rUTniNEs.
1540 154 1636 187 12:19.
1687 153 1748 188 Nr.
1765 154 1843 188 215.
2295 159 2369 197 291

175 262 352 317 (Philol.
373 262 478 314 305)
503 261 582 317 fol.
604 264 687 303 134
713 276 774 315 cp.
799 264 892 312 195,
925 278 1030 316 quac
1050 264 1108 305 ad
1128 278 1278 307 mamas
1305 269 1437 315 erant,
1470 267 1571 318 quia
1593 268 1746 308 codices
1769 269 1839 309 isli
1860 271 2025 321 pai-lem
2050 269 2164 310 modo
2185 270 2378 324 esionam

174 331 401 386 encyclicae
433 331 637 383 praebent
672 335 821 383 (usquc
857 332 914 373 ad
949 333 1070 373 verba
1111 348 1200 385 cal).
1233 336 1278 374 5:
1324 336 1612 377 consiliatoris
1657 338 1737 378 sibi
1780 352 2008 393 personam
2049 340 2303 394 assumpsit)
2341 342 2377 379 (Ἰ

175 401 291 442 lectio
327 401 492 442 nullius
527 401 722 442 momenti
758 405 827 442 cst.
900 401 1099 443 Eiusdem
1141 403 1392 445 conditionis
1428 408 1486 445 es!
1523 406 1735 457 memplar
1765 407 1914 447 codicis
1951 407 2274 448 l'imlolumensis
2295 411 2378 448 ,1119

175 469 311 522 (Phil.
342 471 434 519 61),
477 469 550 521 qui
589 469 636 509 in
678 470 910 511 collectione
955 471 1138 522 quadam
1185 473 1473 522 epistolarum,
1517 488 1622 525 qmw
1661 474 2141 528 Baumgmrlenlmycnsi
2186 476 2376 525 suc-cedit,

168 536 249 592 fol.
273 533 347 578 73'
372 537 661 593 fraynzentmn
692 539 870 579 continet
901 542 1052 591 (usquc
1082 539 1139 580 ad
1168 539 1291 580 verba
1323 554 1409 592 cap.
1433 543 1483 580 4:
1517 548 1559 583 et
1591 543 1664 583 alii
1699 544 1915 599 principes
1948 545 2208 594 factionisst.

316 607 582 662 Encyclicam
614 607 725 647 inter
755 607 861 648 alios
883 607 1007 649 etiam
1030 610 1199 650 missam
1222 623 1306 650 esse
1328 611 1576 652 Alexandro
1598 612 1758 654 Scotino
1788 615 1876 666 νομί
1896 614 2037 655 ‹lm-ent
2059 615 2183 655 codex
2220 615 2375 656 Vralis-

172 676 372 718 laviensis
401 675 583 717 civitatis
614 675 823 728 Rlicdiqcr
843 678 900 716 47
930 689 1032 719 Sacc.
1056 678 1328 720 XIII—XI
1340 679 1382 720 V.
1417 694 1475 731 ep.
1498 681 1586 720 212
1616 685 1653 722 ct
1685 683 1816 723 versio
1848 683 2020 733 Italica,
2059 699 2164 736 quac
2199 685 2239 724 in
2273 699 2377 725 com·

165 744 365 797 pluribus
394 744 599 786 codicibus
629 744 747 786 obvia
778 745 877 787 esst
940 745 1113 799 Lcyitzcr
1143 747 1268 788 etiam
1291 749 1337 788 in
1367 749 1599 790 collectione
1622 749 1740 791 Petri
1761 751 1809 791 (Ic
1840 751 1978 791 Vincis
2009 753 2078 793 lib.
2101 753 2135 802 I,
2168 766 2199 794 τ’.
2222 755 2290 796 21.
2325 779 2375 783 ——

179 813 479 857 Winkelmann
516 814 637 854 ‘Acta
680 814 845 867 imperii
889 815 1056 856 incdila’
1090 816 1151 866 II,
1182 819 1325 857 max-31
1369 818 1408 869 (e
1440 818 1645 859 codic-ibus
1678 822 1844 868 1-5’).
1915 820 2378 863 Ilicillnrd-Brdlmlles

183 881 228 933 V,
249 883 333 923 295
365 881 584 936 (adhibitis
615 881 820 924 codicibus
851 882 1068 925 Parisinis
1098 884 1404 927 Nostro-Dante
1425 888 1511 928 202
1541 890 1578 928 et
1610 887 1653 929 S.
1681 889 1885 929 Get-main
1916 889 2085 942 Μανίαν]
2107 893 2189 930 455
2216 905 2321 944 pars
2344 892 2377 940 J,

171 965 238 995 nr.
260 954 316 994 21
342 952 421 1007 fol.
447 954 505 1003 6).
566 951 762 1003 Bahmer,
794 952 893 1006 chy.
925 954 1024 1006 imp.
1059 953 1103 1005 V,
1127 956 1253 997 2431.
1998 958 2069 1011 (Ι).
2093 959 2234 1012 (locst.)

315 1090 386 1132 Fr.
425 1091 508 1133 Dei
550 1092 692 1147 gratia
729 1091 1023 1133 Romanorum
1068 1092 1330 1147 imperatora
1374 1107 1546 1150 semper
1588 1100 1817 1149 augustus,
1871 1095 2111 1137 Ierusalem
2153 1103 2195 1137 ct
2235 1096 2378 1138 Sicilie

172 1175 251 1202 rex
284 1193 327 1203 ..
360 1161 626 1203 venerabilib
661 1160 1001 1216 Salceburgensi
1034 1161 1378 1219 archyepiscopo
1411 1168 1454 1204 et
1492 1164 1709 1205 universis
1744 1164 2015 1219 sufraganeis
2051 1166 2163 1217 eius,
2207 1166 2378 1207 dilectis

171 1230 438 1286 principibus
473 1231 575 1282 suis,
607 1231 792 1285 gratiam
826 1244 947 1272 suam
981 1235 1028 1272 et
1060 1245 1186 1273 omne
1220 1232 1394 1273 bonum.

317 1299 382 1355 (1)
415 1300 580 1342 Levate
612 1300 654 1341 in
698 1300 880 1342 circuitu
914 1301 1088 1342 occulos
1119 1304 1333 1354 vestrosc,
1379 1302 1577 1357 arrigite,
1624 1303 1700 1344 filii
1741 1303 1983 1355 hominum,
2027 1317 2154 1345 aures
2187 1308 2375 1346 vestras!

171 1369 301 1411 Orbis
348 1369 621 1419 scandalum,
669 1369 874 1411 dissidiad
927 1371 1151 1425 gencium,
1205 1372 1437 1426 generalee
1484 1371 1655 1413 iusticie
1703 1372 1887 1414 doleatis
1936 1373 2136 1422 exilium,
2185 1378 2376 1415 exeunte

169 1438 369 1494 nequicia
400 1437 624 1480 Babilonis
657 1452 682 1479 a
715 1438 960 1480 senioribus
993 1439 1154 1494 populi,
1187 1440 1258 1494 qui
1292 1440 1498 1496 populum
1532 1455 1685 1496 regere
1712 1441 1981 1490 videbantur.
2016 1442 2143 1483 dumf
2174 1443 2375 1484 iudicium

169 1507 214 1548 in
246 1507 577 1549 amaritudinem
609 1512 653 1549 et
682 1507 870 1548 fructum
893 1507 1063 1549 iusticie
1098 1509 1140 1549 in
1164 1509 1428 1551 absintiumg
1461 1510 1808 1552 converterunth.
1862 1511 2035 1562 Sedete,
2069 1512 2300 1568 principes,
2335 1516 2378 1553 et

168 1576 412 1632 intelligite,
435 1578 597 1632 populi,
622 1590 797 1618 causam
821 1577 1048 1618 nosti-ami!
1098 1579 1137 1618 A
1161 1578 1284 1623 vultu
1299 1577 1477 1620 Domini
1499 1578 1702 1620 iudicium
1727 1580 1950 1621 vestrumk
1972 1580 2153 1637 prodeat
2177 1587 2219 1622 et
2241 1581 2377 1622 occuli

169 1645 324 1688 vestri¹
365 1646 539 1688 videant
579 1647 836 1702 equitatem!
907 1645 1076 1687 Scimus
1119 1647 1280 1688 etenim
1325 1651 1368 1687 et
1408 1647 1451 1688 in
1495 1649 1686 1703 supremi
1726 1648 1878 1690 iudicis
1911 1651 2069 1691 virtute
2110 1649 2376 1699 confidimus,

165 1715 280 1770 quod
319 1729 414 1757 cum
452 1715 566 1771 apud
598 1729 674 1757 vos
713 1715 880 1771 pondus
919 1720 964 1757 et
1001 1715 1188 1771 pondus,
1231 1730 1435 1758 mensura
1475 1722 1518 1758 et
1554 1731 1758 1759 mensura
1796 1726 1919 1759 n0n¹¹¹
1960 1719 2138 1772 fuerint,
2179 1720 2376 1775 profecto

166 1784 422 1827 modestiam
469 1789 513 1826 et
562 1785 862 1826 innocenciam
918 1790 1112 1826 nostram
1167 1785 1210 1826 in
1263 1785 1408 1827 iudicii
1457 1786 1609 1827 vestri¹
1655 1787 1765 1828 libra
1810 1788 2129 1843 preponderare
2177 1787 2377 1828 videbitis

166 1854 506 1910 calumpniosisn
538 1854 866 1896 detrahencium
898 1854 1023 1896 labiis
1058 1859 1102 1896 et
1132 1856 1382 1897 venenossis
1412 1856 1735 1898 inventionibus
1768 1857 2003 1899 fictionum.
2095 1858 2157 1912 (2)
2191 1858 2269 1899 Set
2298 1872 2376 1898 nec

164 1937 278 1966 nunc
299 1924 483 1979 primum
507 1937 635 1966 cause
657 1928 807 1966 nostre
830 1924 1044 1965 iusticiam
1068 1929 1112 1966 et
1132 1924 1362 1966 residentis
1385 1925 1428 1966 in
1452 1924 1555 1967 sede
1577 1924 1754 1967 Domini
1777 1927 2033 1981 pravitatem
2061 1926 2114 1969 ad
2132 1927 2346 1983 puplicam
2360 1934 2377 1949 0

168 1993 318 2035 mundi
339 1994 547 2036 noticiam
570 1994 768 2036 novimus
792 1994 1034 2050 pervenire,
1069 1994 1171 2049 quin
1192 1998 1340 2050 preter
1362 1995 1539 2050 agilime
1562 1995 1675 2036 fame
1699 1996 1984 2051 preloquium,
2017 2011 2099 2052 que
2123 1997 2375 2052 frequenter

167 2063 210 2104 in
243 2062 444 2104 maximis
467 2063 683 2118 virginum
715 2063 884 2104 aurium
917 2062 1100 2104 deflorat
1132 2063 1340 2115 auditum,
1374 2064 1569 2120 nosipsi,
1604 2064 1718 2119 quod
1741 2065 1939 2120 primitus
1964 2080 2110 2107 rumor
2134 2065 2372 2116 edixeratv,

166 2131 532 2187 subsequentibus
564 2132 838 2188 postmodum
872 2136 1019 2174 nostre
1052 2133 1298 2174 serenitatis
1321 2133 1544 2175 affattibus
1577 2134 1845 2176 firmaremus
1858 2135 1887 2186 4,
1921 2136 2109 2191 qualiter
2130 2136 2213 2177 iste
2238 2149 2374 2177 novus

165 2200 355 2242 athletaq
388 2201 571 2244 sinistris
602 2202 743 2243 factus
776 2202 982 2258 auspiciis
1024 2203 1223 2258 pontifex
1263 2204 1481 2258 generalis
1516 2228 1567 2233 —
1601 2203 1766 2245 amicus
1799 2208 1946 2245 noster
1981 2205 2235 2260 precipuus,
2276 2204 2375 2245 dum

164 2269 208 2310 in
247 2269 484 2312 minoribus
527 2275 647 2313 esset
685 2271 908 2313 ordinibus
948 2272 1208 2313 constitutus
1251 2296 1305 2302 —
1347 2272 1675 2314 benefficiorum
1717 2274 1906 2315 omnium
1950 2275 2106 2329 quibus
2151 2274 2374 2329 imperium

165 2339 446 2381 christianum
481 2345 801 2382 sacrosanctam
845 2341 1080 2383 ecclesiam
1122 2341 1276 2383 ditavit
1308 2341 1492 2394 oblitus,
1536 2343 1681 2384 statim
1724 2347 1821 2398 post
1852 2344 2217 2399 assumptionemr
2249 2357 2370 2383 suam

162 2407 291 2449 fidem
325 2423 420 2450 cum
454 2413 649 2466 tempore
672 2411 868 2452 variansss
901 2415 944 2452 et
975 2424 1118 2452 mores
1153 2425 1248 2452 cum
1281 2410 1493 2467 dignitate
1518 2415 1745 2454 comutans
1778 2426 1829 2453 ac
1862 2412 2028 2454 habens
2053 2411 2369 2467 quodammodo

163 2477 217 2519 de
257 2478 431 2534 publica
475 2479 724 2522 turbatione
771 2480 1004 2536 pruritum,
1051 2480 1092 2520 in
1136 2494 1234 2530 nos,
1283 2495 1534 2537 supremum
1574 2485 1618 2523 et
1654 2481 1827 2522 unicum
1863 2481 2049 2523 ecclesie
2083 2481 2253 2531 filiumt,
2297 2495 2373 2521 sue

162 2547 443 2602 malignitatis
466 2548 642 2591 aculeos
670 2550 864 2592 acuisset
875 2549 905 2601 ⁵,
928 2549 1028 2590 dum
1052 2550 1280 2592 occasione
1305 2554 1490 2606 sumpta,
1524 2550 1638 2606 quod
1665 2555 1842 2606 propter
1865 2551 2091 2592 imminens
2115 2549 2367 2591 scandalum

163 2616 426 2669 evitandum,
458 2623 731 2660 sacramento
765 2618 946 2675 prestito
981 2623 1024 2659 et
1057 2619 1146 2661 lata
1179 2623 1330 2661 contra
1360 2633 1437 2661 nos
1461 2619 1923 2661 excommunicationis
1949 2619 2187 2671 sentencia,
2220 2633 2297 2660 nos
2319 2618 2373 2660 ad

165 2685 273 2727 certi
305 2686 510 2742 temporis
533 2687 897 2742 obligaverimusu
929 2688 1169 2740 transitum,
1205 2688 1388 2730 adversa
1411 2688 1651 2730 valitudine
1677 2689 1866 2744 corporis
1890 2688 2152 2744 prepeditOS,
2187 2687 2368 2729 adiectis

298 2810 385 2847 215.
419 2814 452 2856 ²)
485 2819 519 2847 et
550 2814 632 2847 add.
658 2812 690 2847 2.
830 2811 864 2856 b)
902 2815 975 2847 loco
1007 2816 1197 2848 venerabili
1223 2833 1266 2838 —
1291 2816 1421 2848 bonum
1447 2814 1485 2848 2:
1525 2816 1714 2849 venerabili
1747 2816 2004 2849 Treverensi
2032 2833 2072 2837 —
2098 2816 2241 2853 bonum;
2267 2813 2305 2847 3:
2333 2816 2371 2848 R.

161 2871 306 2903 comiti
338 2872 554 2904 Cornubie
587 2873 745 2906 dilecto
777 2873 938 2906 sororis
969 2884 1046 2906 suo
1078 2874 1263 2906 salutem
1294 2879 1333 2906 et
1364 2885 1482 2906 omne
1517 2875 1687 2914 b011u1n;
1725 2872 1762 2906 4:
1797 2874 2005 2913 senatori,
2041 2874 2210 2905 senatui
2245 2884 2370 2915 popu·

159 2927 283 2970 loque
315 2929 499 2961 Romano
532 2930 704 2963 dilectis
737 2931 946 2963 fidelihus
978 2932 1066 2964 suis
1099 2932 1282 2974 gratiam
1316 2942 1432 2964 suam
1457 2938 1498 2964 et
1522 2932 1669 2965 bonam
1696 2931 1983 2970 voluntatem3
2008 2931 2147 2962 rubrica
2165 2930 2254 2963 1725:
2282 2931 2370 2963 Frid.

160 2987 240 3029 imp.
277 2986 402 3019 eisdem
438 2987 576 3030 regibus
612 2993 646 3020 et
681 2989 892 3031 principibus
925 2989 1059 3031 mundi,
1097 2990 1245 3022 senatori
1284 2994 1317 3022 et
1350 2990 1474 3032 populo
1500 2991 1651 3022 Romano
1684 2989 1904 3030 conqueritur
1929 2989 1969 3021 de
1994 2999 2080 3031 papa
2104 2993 2162 3020 etc.
2281 2990 2312 3028 0)
2339 2993 2372 3019 et

163 3044 246 3077 add.
263 3042 295 3077 2.
321 3043 355 3078 4.
472 3042 506 3088 d)
531 3045 673 3078 discidia
696 3045 728 3078 3.
849 3045 879 3088 e)
904 3047 1059 3089 gentium
1084 3047 1165 3080 add.
1183 3046 1216 3081 2.
1311 3046 1343 3089 s)
1371 3049 1424 3081 dei
1449 3048 1531 3081 add.
1550 3048 1582 3082 5.
1678 3048 1710 3091 8)
1736 3048 1897 3080 absitium
1928 3047 1956 3079 1.
2052 3044 2084 3087 ¹¹)
2110 3051 2313 3078 convertunt
2338 3045 2369 3078 3.

160 3100 184 3143 i)
209 3107 356 3135 vestram
381 3101 413 3138 3.
529 3101 562 3146 k)
595 3109 750 3137 nostrum
774 3102 806 3136 2.
937 3102 962 3146 l)
988 3105 1093 3137 nostri
1119 3103 1150 3137 2.
1293 3105 1336 3146 ¹1¹)
1362 3117 1455 3138 nunc
1479 3105 1512 3139 4.
1641 3107 1675 3147 ¹¹)
1701 3106 1910 3148 calupniosis
1937 3104 1965 3136 1.
2083 3104 2114 3144 0)
2141 3104 2312 3146 duplieam
2340 3103 2368 3135 1.

159 3158 194 3203 P)
219 3161 383 3194 eduxerat
406 3159 438 3194 3.
579 3161 611 3202 (1)
644 3161 690 3194 sic
706 3160 746 3203 33
778 3161 891 3194 adleta
917 3160 955 3203 13
987 3162 1126 3195 adletha
1150 3161 1182 3194 2.
1324 3161 1353 3204 r)
1379 3168 1507 3206 assupt.
1535 3162 1565 3196 1.
1707 3162 1734 3206 ⁸)
1760 3174 1929 3196 renovans
1954 3160 1986 3195 3.
2104 3161 2130 3201 ⁴⁶)
2156 3161 2202 3193 fil.
2229 3162 2309 3194 eccl.
2336 3159 2367 3193 3.

160 3218 194 3259 u)
219 3219 448 3262 obligavimus
473 3217 512 3259 23
538 3219 771 3262 obligaremus
795 3217 828 3253 4.

300 3331 333 3374 1)
365 3330 406 3366 V.
431 3331 604 3366 Bormam
636 3332 727 3366 ‘Das
752 3332 1116 3377 Baumyaotenberyer
1141 3332 1381 3367 Formelbuch'
1413 3333 1559 3376 (Fontes
1591 3343 1710 3367 rerum
1735 3333 2012 3367 Austriacarum
2047 3331 2102 3376 ΙΙ,
2130 3335 2211 3366 tom.
2232 3331 2368 3375 XXV)

155 3398 194 3431 p.
212 3391 278 3423 436
300 3398 357 3422 nr.
374 3391 427 3423 23.
475 3388 642 3433 Sequitur
677 3389 918 3434 fraymcntum
954 3390 1083 3424 codicis
1118 3390 1204 3424 haec
1238 3390 1434 3425 sententia:
1471 3390 1606 3425 Videte
1642 3390 1778 3435 igitur,
1816 3402 1836 3425 o
1871 3389 2077 3425 beatissimi
2114 3389 2300 3434 principes
2326 3400 2368 3423 ac

161 3444 288 3493 fideles
312 3445 440 3488 nostri,
466 3445 498 3479 si
515 3445 668 3491 dignam
685 3458 752 3491 pro
770 3447 912 3482 meritis
930 3447 1238 3489 vicissitudinem,
1265 3448 1295 3481 si
1320 3450 1428 3493 pater
1451 3450 1601 3493 patrum
1619 3459 1781 3493 congrue
1799 3447 2055 3493 compensavit
2071 3447 2367 3481 benivolentiam

161 3501 331 3545 filialem;
368 3503 435 3537 hec
466 3505 588 3538 vestro
621 3504 783 3539 examini
815 3505 1016 3540 subicimus
1048 3505 1301 3540 discernenda.
1442 3507 1479 3550 2)
1512 3506 1550 3540 V.
1577 3506 1733 3541 ‘Archiv’
1764 3505 1851 3549 VH,
1870 3511 1949 3541 891:
1987 3505 2198 3540 Alexandro
2230 3504 2366 3538 illustri

161 3559 241 3604 regi
266 3559 496 3595 Scothorum.
589 3561 626 3606 3)
652 3562 744 3607 1219.
769 3562 811 3596 in
834 3563 949 3597 tribus
976 3562 1158 3597 Chi-sionis
1181 3566 1214 3597 et
1237 3563 1279 3597 in
1302 3574 1378 3598 uno
1395 3563 1642 3608 Ambrosiam,
1669 3575 1698 3598 r.
1719 3563 1872 3598 ‘Archiv’
1898 3563 1937 3607 V,
1957 3567 2146 3605 4:28—432,
2169 3566 2199 3596 et
2226 3561 2367 3606 quidem

155 3626 196 3660 p.
213 3621 284 3652 429
306 3627 362 3652 nr.
380 3622 417 3652 5.·
447 3617 621 3653 Federico
647 3620 715 3654 ete.
741 3620 950 3655 Alexandro
975 3620 1172 3665 magnifico
1198 3631 1237 3655 re
1263 3620 1301 3654 di
1327 3621 1453 3656 Scotia
1477 3621 1596 3656 amico
1622 3632 1687 3656 suo
1713 3621 1833 3656 salute
1859 3632 1950 3656 cono
1976 3620 2107 3655 affecto
2134 3619 2171 3653 di
2198 3619 2366 3663 preclara

91 3682 126 3708 50
161 3673 372 3709 dilectione.
488 3676 524 3719 4)
553 3675 602 3718 Cf.
629 3677 838 3722 encyclicam
862 3689 894 3713 α.
913 3682 1008 3713 1227.
1034 3677 1118 3712 Dec.
1135 3682 1156 3712 6
1179 3689 1293 3723 supra
1318 3689 1372 3714 nr.
1391 3683 1462 3714 116.
1581 3681 1616 3723 5)
1643 3679 1754 3713 Anno
1778 3683 1872 3714 1227.

2021 3740 2090 3774 37*
