2558 3970
82 920 114 944 10

80 1719 110 1744 1⁵

75 2064 110 2090 20

73 2459 106 2486 25

536 163 753 198 HEINRICI
780 164 919 198 REGIS
945 163 1379 200 (toNs'rl'rc'rloNES.
1431 166 1527 200 1:²25.
1570 168 1667 201 1:220.
1719 167 1780 202 Nr.
1800 168 1876 202 289.
1902 168 1980 202 290.
2281 175 2362 213 405

158 286 253 321 vato
287 281 542 334 cuicumque
574 279 748 320 feudum
785 294 929 320 snum.
973 280 1175 334 quamdin
1211 281 1250 320 in
1286 282 1732 322 excommunh-:itione
1767 286 2077 338 pernmnserit.
2122 285 2362 326 concedere

157 349 314 391 debeat
345 350 411 390 vel
446 363 620 404 negare,
654 354 697 410 et
731 364 755 390 a
787 348 1052 405 principibus
1085 354 1129 390 et
1160 349 1434 403 magnatibus
1469 350 1636 406 imperii
1662 351 1953 394 adiudicatum
1980 360 2021 394 et
2050 355 2362 396 sententiatum

157 419 303 461 extitit
334 418 496 460 eidem:
539 417 653 472 quod
686 418 919 472 unicuique
953 419 1328 458 excommunicato
1364 419 1538 460 feudum
1571 434 1693 461 suum
1729 436 1890 475 negare
1923 428 1966 463 et
1999 422 2194 464 detinere
2229 423 2362 478 possit

157 488 304 530 debita
336 488 516 529 ratione.
579 487 648 528 Ad
682 487 761 528 hec
801 501 946 528 coram
992 486 1116 527 nobis
1150 501 1227 542 per
1265 489 1557 529 sententiamb
1591 490 1736 530 extitit
1768 490 2079 533 adiudicatum:
2121 491 2234 547 quod
2268 493 2359 533 uni-

155 571 303 599 versas
352 557 643 611 obligationes
690 556 938 610 pignorum,
989 556 1293 597 concessiones
1342 557 1567 598 feudorum
1615 573 1688 599 seu
1742 573 2036 615 quascumque
2078 562 2361 602 alienationes

154 626 360 668 bonorum
394 626 673 681 episcopatus
707 624 982 664 Brixinensis
1017 624 1267 679 specialiter
1300 625 1465 680 absque
1501 634 1642 666 nostro
1676 633 1717 667 et
1751 628 1917 683 imperii
1951 645 1998 669 ae
2032 631 2160 671 etiam
2185 631 2360 685 capituli

152 696 218 737 sui
242 708 456 737 consensu
479 698 522 736 et
540 707 721 735 assensu
745 694 883 734 factas
906 693 1021 734 licite
1045 693 1183 748 possit
1201 698 1243 733 et
1264 693 1422 735 debeat
1441 709 1660 735 revocare.
1711 699 1987 752 Quapropter
2014 700 2265 740 mandamus
2287 715 2363 755 per

151 765 334 820 gratiam
367 769 559 805 nostram
591 764 771 804 firmiter
803 763 1110 818 precipienteS,
1146 767 1191 802 ut
1222 763 1365 804 nullus
1390 765 1442 804 sit
1466 765 1536 819 qui
1573 764 1776 820 predictis
1801 768 2026 807 sententiis
2051 784 2074 808 a
2099 770 2361 824 principibus

151 838 195 875 et
227 833 500 889 magnatibus
532 833 698 887 imperii
731 832 984 888 approbatis
1017 831 1228 885 derogare
1261 832 1421 874 audeat.
1455 834 1520 873 vel
1546 834 1822 888 aliquatenus
1855 838 2081 877 contraire.
2135 839 2259 884 Quod
2292 839 2359 893 qui

151 904 302 945 fecerit
333 903 669 957 indignationem
702 907 745 942 et
777 916 953 955 gravem
987 906 1179 942 nostram
1215 905 1257 942 ct
1291 903 1457 957 imperii
1492 904 1702 944 offensam
1738 920 1783 944 se
1819 907 1985 946 noverit
2017 907 2298 948 incursurum.

299 972 397 1013 Dat.
431 971 544 1026 apud
579 970 771 1019 Lutram,
806 971 930 1011 VIII.
966 970 1034 1011 Kl.
1070 971 1186 1016 Maii,
1221 970 1306 1011 ind.
1332 971 1456 1014 XIII.

368 1335 502 1404 290.
559 1330 986 1402 FOEDUS
1043 1331 1279 1403 CUM
1335 1332 1895 1406 LUDOVICO
1940 1335 2141 1406 VIII.

791 1434 1087 1506 REGE
1143 1435 1718 1510 FRANOIAE.

1059 1562 1203 1609 mae.
1240 1563 1347 1610 Iun.
1377 1564 1452 1610 11.

289 1697 419 1740 Dedit
460 1696 921 1738 Huillard-Bre'holles
962 1696 1027 1746 II,
1059 1698 1143 1737 875
1186 1711 1206 1738 e
1245 1696 1377 1739 codice
1424 1698 1687 1740 bibliothecae
1727 1699 1956 1741 Parlsz'nae
1997 1701 2125 1755 fonds
2161 1702 2362 1755 simzsoe's

145 1770 270 1819 8408,
292 1770 332 1810 2.
354 1769 394 1818 2,
426 1766 470 1808 B
501 1765 709 1820 (Colberl)
736 1778 840 1808 Sacc.
862 1763 1003 1807 XIII.
1026 1780 1088 1808 esc.
1117 1766 1195 1820 f'ol.
1225 1763 1337 1817 1682
1369 1766 1610 1820 Iicyz'strum
1635 1768 1830 1821 Philippa·
1852 1770 2035 1821 Auqusll
2058 1770 2092 1810 E
2119 1771 2360 1819 contiizcnlc,

144 1841 183 1880 el
211 1852 231 1879 e
261 1837 392 1879 codice
423 1836 604 1877 eiusdem
637 1835 900 1876 bibliothecae
923 1836 1048 1876 93:32.
1072 1838 1100 1875 3
1125 1834 1203 1890 fol.
1230 1838 1324 1886 133,
1358 1836 1598 1889 Roaistrnm
1629 1838 1809 1879 eiusdem
1834 1838 1866 1879 F
1889 1839 2132 1888 continente,
2165 1839 2274 1892 quod
2303 1842 2361 1879 est

144 1907 411 1961 apoyraphon
434 1905 620 1959 Reqislri
642 1904 693 1945 E.
757 1904 932 1945 Praesto
956 1904 1046 1959 fait
1073 1909 1292 1957 praetcrea
1314 1906 1538 1958 ercmplar,
1571 1907 1680 1959 quod
1709 1907 1794 1948 ‘icem
1817 1908 1914 1948 olim
1946 1908 1980 1949 b.
2006 1922 2057 1948 m.
2087 1908 2226 1950 W'ac'lz
2254 1923 2304 1948 ese
2327 1908 2360 1949 Ι11

143 1976 439 2030 clesumpscral.
513 1973 660 2016 Maior
701 1985 810 2025 pars
855 1973 1095 2025 diplomatis
1140 1975 1421 2026 transscripta
1459 1978 1517 2016 est
1557 1989 1577 2016 c
1609 1975 1777 2030 foedere
1815 1976 2026 2018 Is're'clericc'
2057 1975 2121 2018 II.
2162 1992 2201 2018 (ι.
2234 1978 2356 2018 1223.

144 2044 262 2097 Nov„
293 2057 426 2098 supra
455 2057 522 2085 nr.
547 2043 613 2083 99.
645 2067 701 2072 —-
732 2041 928 2093 Bolcmer,
960 2041 1059 2095 Rey.
1091 2043 1190 2095 inm.
1225 2043 1269 2094 V,
1291 2045 1418 2087 4008.
1977 2045 2049 2099 (P.
2071 2045 2215 2095 deest.)

291 2160 525 2202 Heinricus
548 2158 631 2200 Dei
665 2158 806 2214 gratia
829 2158 1121 2200 Romanorum
1145 2172 1221 2199 rex
1246 2164 1288 2199 et
1310 2173 1483 2214 semper
1505 2163 1716 2215 augustus
1739 2167 1923 2202 universis
1946 2170 2159 2213 presentem
2182 2168 2359 2214 paginam

142 2236 369 2283 inspecturis
391 2236 562 2270 salutem.
614 2234 804 2270 Noverit-is
826 2235 925 2279 quod
947 2238 1015 2270 ffos
1037 2237 1194 2280 propter
1215 2235 1467 2278 dilectionem,
1501 2248 1612 2280 quam
1640 2248 1708 2271 nos
1738 2239 1777 2271 et
1803 2237 2063 2283 progenitores
2086 2237 2205 2272 nostri
2229 2237 2357 2272 habui-

141 2318 224 2341 mus
256 2308 295 2341 et
325 2305 506 2340 habemus
539 2316 628 2350 erga
649 2303 890 2338 karissimum
911 2303 1073 2339 amicum
1095 2306 1265 2339 nostrum
1285 2306 1323 2339 et
1346 2305 1501 2340 fratrem
1523 2306 1752 2341 Lndovicum
1775 2318 1899 2352 regem
1925 2308 2148 2342 Francorum
2173 2307 2355 2342 illustrem

143 2378 182 2412 et
220 2375 338 2422 ipsius
376 2374 637 2421 progenitores
669 2376 707 2409 et
739 2376 1012 2417 antecessores,
1052 2374 1149 2409 hanc
1179 2374 1524 2410 confederationem
1556 2388 1639 2410 cum
1671 2376 1801 2411 eodem
1833 2388 1919 2422 rege
1952 2377 2050 2412 bona
2082 2376 2152 2411 fide
2184 2376 2356 2411 duximus

142 2444 352 2480 iniendam:
393 2444 494 2489 quod
529 2455 597 2479 nos
636 2443 808 2479 homines
851 2443 958 2489 regni
1003 2443 1060 2478 sui
1093 2443 1151 2479 vel
1191 2443 1238 2478 ad
1278 2455 1434 2489 regnum
1474 2456 1580 2479 suum
1619 2445 1854 2490 pertinentes
1895 2448 2133 2480 contumaces
2166 2447 2204 2479 et
2236 2444 2354 2479 eidem

141 2514 369 2551 rebellantes
411 2525 476 2550 seu
512 2515 708 2549 moventes
745 2524 920 2559 guerram
961 2515 1094 2548 contra
1133 2513 1256 2558 ipsum
1294 2525 1420 2559 regem
1452 2514 1510 2549 vel
1552 2514 1822 2549 forisbannitos
1855 2514 1962 2560 regni
1994 2514 2050 2549 sui
2082 2525 2156 2549 non
2189 2516 2354 2559 recepta-

140 2583 262 2619 bimus
294 2595 364 2619 nec
394 2582 581 2628 receptari
613 2582 881 2618 sustinebimus
904 2582 943 2616 in
964 2581 1123 2627 imperio
1155 2584 1296 2625 nostro,
1329 2582 1393 2617 ubi
1425 2585 1656 2627 potestatem
1688 2584 1903 2626 habeamus,
1937 2595 2058 2627 neque
2081 2583 2246 2627 aliquam
2269 2594 2352 2618 con-

140 2653 413 2689 federationem
445 2664 528 2687 cum
567 2651 620 2687 eis
661 2651 858 2694 faciemus,
898 2653 1101 2696 postquam
1132 2651 1170 2685 id
1208 2651 1331 2697 ipsum
1363 2652 1410 2686 ab
1443 2652 1573 2687 eodem
1613 2664 1699 2698 rege
1732 2653 1839 2688 nobis
1872 2652 1987 2687 fuerit
2018 2652 2244 2686 intimatum.
2305 2650 2354 2685 Et

140 2721 238 2757 hanc
269 2721 614 2758 confederationem
653 2721 743 2756 fecit
780 2721 880 2756 bona
912 2721 982 2756 fide
1014 2721 1209 2756 nobiscum
1240 2721 1336 2756 idem
1372 2733 1435 2757 rex
1468 2721 1695 2757 Ludovieus:
1728 2722 1828 2766 quod
1859 2722 2030 2757 homines
2062 2720 2210 2765 imperii
2232 2720 2351 2755 nostri

143 2791 200 2826 vel
232 2791 467 2838 pertinentes
498 2791 545 2826 ad
576 2790 777 2836 imperium
807 2793 979 2825 nostrum
1011 2793 1251 2826 contumaces
1284 2793 1321 2826 et
1352 2790 1460 2826 nobis
1492 2791 1719 2826 rebellantes
1742 2803 1806 2826 seu
1830 2793 2023 2826 moventes
2046 2790 2153 2825 nobis
2175 2802 2346 2834 guerram

132 2862 180 2896 et
219 2860 491 2896 forisbannitos
523 2860 631 2908 regni
673 2859 795 2895 nostri
825 2871 901 2895 non
932 2860 1144 2905 receptabit
1175 2872 1244 2895 nec
1275 2860 1460 2905 receptari
1493 2860 1689 2906 permittet
1721 2860 1820 2896 bona
1851 2860 1920 2895 fide
1952 2859 1990 2894 in
2023 2871 2136 2904 regno
2170 2871 2252 2900 suo,
2287 2858 2349 2893 uhi

139 2931 370 2975 potestatem
400 2930 556 2973 habeat,
594 2941 664 2964 nec
694 2929 862 2973 aliquam
894 2929 1240 2965 confederationem
1272 2941 1355 2964 cum
1387 2929 1439 2964 eis
1472 2929 1602 2972 faciet,
1635 2932 1836 2975 postquam
1869 2929 1906 2963 id
1938 2929 2059 2974 ipsum
2092 2928 2205 2963 fuerit
2236 2927 2347 2973 signi-

140 2999 291 3035 ficatum
322 3000 443 3036 eidem
473 2999 564 3045 regi.
626 3000 680 3034 De
712 3010 800 3044 rege
822 2999 958 3044 Anglie
991 2999 1043 3034 sic
1076 2999 1165 3034 erit:
1198 3000 1299 3044 quod
1330 2999 1472 3034 nullam
1505 3011 1587 3034 cum
1619 3010 1662 3033 eo
1695 2998 1872 3034 faciemus
1905 2997 2248 3033 confederationem
2281 3008 2349 3031 nec

139 3080 222 3104 cum
252 3069 451 3105 heredibus
483 3069 559 3104 suis
590 3080 659 3104 nec
690 3080 712 3103 a
742 3068 882 3103 nostris
915 3068 994 3103 fieri
1025 3068 1306 3113 permittemus,
1346 3068 1570 3113 ubicumque
1602 3070 1832 3113 potestatem
1871 3066 2097 3112 impediendi
2131 3066 2346 3100 habeamus.

140 3137 246 3174 Hanc
277 3140 405 3174 autem
436 3138 782 3173 confederationem
813 3138 1048 3183 precepimus
1081 3140 1118 3173 et
1150 3137 1380 3173 iniunximus
1412 3137 1608 3172 iul-andam
1641 3149 1708 3182 pro
1741 3137 1848 3171 nobis
1881 3139 1916 3170 et
1950 3136 1987 3170 in
2020 3135 2144 3170 anima
2177 3138 2305 3169 nostra
2327 3146 2349 3169 a

142 3200 308 3243 dilectis
339 3201 626 3243 familiaribus
661 3202 814 3242 nostris
848 3200 1101 3242 Hermanno
1136 3201 1375 3242 venerabili
1408 3200 1721 3256 Herbipolensi
1755 3199 1960 3255 episcopo
1996 3202 2039 3239 ct
2072 3197 2257 3239 Gerlaco
2293 3197 2345 3237 de

141 3265 385 3325 Boutingen
418 3284 564 3312 coram
595 3271 758 3312 Milone
791 3270 1033 3312 venerabili
1069 3270 1329 3312 Belvacensi
1364 3270 1569 3325 episcopo
1603 3273 1645 3309 et
1669 3269 1861 3310 Roberto
1895 3267 1946 3308 dc
1969 3266 2102 3308 Bovis
2134 3272 2225 3307 dicti
2249 3271 2346 3318 regis

140 3338 296 3381 Franci
355 3347 368 3381 1
419 3346 504 3382 ais.

282 3348 460 3450 thffinss
474 3409 587 3465 apud
612 3409 881 3462 Tridentum,
916 3423 1027 3450 anno
1050 3408 1265 3449 dominice
1299 3406 1608 3448 incarnationis
1635 3404 1949 3455 MOCXXVIa,
1983 3403 2064 3444 III.
2090 3402 2194 3443 Idus
2218 3402 2344 3453 Iunii,

141 3476 375 3521 indictione
404 3478 554 3520 XIIII.

274 3569 362 3605 289.
395 3570 429 3610 b)
455 3570 555 3605 siia'rfi
580 3583 631 3604 or.

274 3626 362 3662 290.
386 3628 418 3671 ²)
444 3630 623 3662 millesimo
649 3629 881 3662 ducentesimo
909 3629 1068 3661 vicesimo
1094 3627 1236 3670 septimo
1262 3637 1294 3657 m
1305 3626 1383 3658 inus
1407 3630 1496 3659 recle
1525 3624 1566 3658 F.
