2558 3970
178 199 257 238 548
314 196 551 229 PRIDERICI
579 196 620 228 ΙΙ.
648 194 881 228 EPISTOLA
900 194 963 227 AD
990 193 1251 227 HONORIUM
1278 193 1341 228 ΙΙΙ.
1369 193 1427 226 ΒΕ
1453 194 1625 228 EDICTO
1651 194 1890 229 CAPUANO.
1930 196 2028 230 1221.
2067 196 2223 231 N1·.417.

178 311 256 350 snb
291 325 365 365 spo
399 309 685 350 revocationis
720 311 1014 353 concesserat,
1057 322 1138 362 que
1171 307 1382 349 debuerat
1416 309 1616 357 retinere,
1649 312 1692 349 et
1723 312 1817 364 post
1849 308 2010 349 obitum
2044 310 2360 365 imperatricisss

177 379 228 418 ‹lc
262 379 399 431 sigillo
442 391 518 417 suo
559 378 783 431 privilegia
823 378 955 417 multa
998 377 1108 417 falsa
1148 377 1322 417 inventa
1362 381 1480 427 sunt,
1525 377 1679 432 quibus
1713 378 1848 418 maior
1880 392 1977 433 pars
2009 379 2142 419 nostri
2175 379 2359 420 demanii

177 448 316 487 fuerat
351 450 574 500 occupata,
608 446 750 485 onmia
783 445 1012 500 privilegia
1034 445 1125 499 ipsa
1149 445 1201 485 ad
1225 459 1374 485 manus
1398 449 1568 485 nostras
1591 446 1861 500 precepimus
1886 447 2131 500 pervenire,
2165 448 2361 489 similiter

177 522 216 555 ct
250 525 408 556 nostra.
442 528 523 568 que
556 528 579 553 a
612 514 792 554 diversis
826 513 1008 553 dominis
1042 513 1196 568 quibus
1229 513 1557 554 detinebantur¹¹
1591 518 1634 555 et
1667 514 1746 554 sub
1771 514 1947 555 diversis
1972 515 2125 569 sigillis
2148 516 2201 556 ad
2225 517 2358 557 totius

177 584 293 634 regni
328 583 556 636 pernicicm
590 586 737 637 aperte
773 587 1007 622 noscuntur
1038 582 1174 622 fuisse
1200 581 1428 624 confectai.
1481 581 1566 622 Sed
1590 581 1642 622 de
1666 583 1886 637 proposito
1910 587 1952 623 et
1973 583 2094 624 firma
2117 584 2355 632 voluntate,
2413 597 2427 620 τι

175 665 299 704 qnam
332 651 560 691 habuimus
584 656 624 690 et
654 651 863 691 habemus
888 665 990 704 erga
1015 650 1339 691 beatissimamk
1371 665 1601 705 personam
1625 655 1811 691 vestram
1835 655 1877 691 et
1901 655 2092 692 sanctam
2116 651 2353 694 Romanalm

175 719 414 760 ecclesiam.
449 733 503 759 cx
536 731 586 758 eo
620 720 826 760 certiores
862 733 959 759 essc
993 719 1190 774 potestis,
1224 719 1324 774 quia
1355 719 1564 773 requisita
1595 719 1821 774 privilegia
1853 725 1947 775 post
1980 721 2115 775 ipsam
2148 722 2354 762 constitu-

175 788 334 826 tionem
368 787 616 841 paternitati
650 792 792 828 vestre
825 788 1068 828 curavimus
1103 787 1332 829 dcstinare.

316 854 425 894 Dat.¹
464 855 574 910 apud
609 856 811 896 'l‘ranum⁴
847 856 972 895 tcrtio
1007 855 1074 896 die
1106 856 1268 896 mensis
1302 855 1458 901 Martii,
1494 855 1735 896 indictionis
1769 863 1930 898 nonem.

741 1263 868 1329 418.
906 1262 1034 1331 419.
1091 1261 1669 1332 FRIDERICI
1712 1262 1801 1332 Π.
2398 1296 2431 1320 10

173 1373 808 1443 CONCORDIA
854 1375 1192 1446 FACTA
1236 1377 1453 1447 CUM
1497 1375 1894 1446 OOMITE
1939 1375 2357 1448 CELANI.

1062 1512 1204 1558 ffless.
1243 1512 1362 1571 Apr.
1392 1512 1470 1559 25.

863 1654 965 1697 418.
1005 1656 1225 1698 FORMA
1261 1656 1670 1699 CONCORDIAE.

314 1735 358 1774 E
386 1735 575 1788 Βιῃῐςίνο
606 1736 791 1777 Honoris
810 1737 899 1779 III.
941 1737 1025 1777 1⁷07.
1050 1737 1132 1787 IV,
1155 1740 1326 1778 76—77
1356 1738 1449 1780 Lib.
1478 1737 1579 1787 VH,
1601 1738 1713 1778 2301
1748 1738 1843 1778 olim
1874 1738 2103 1789 exemplari
2127 1737 2232 1792 fecit
2252 1738 2287 1780 b.
2304 1751 2358 1780 m.

171 1803 312 1845 Perts.
351 1804 422 1843 ‘nbi
453 1806 602 1857 lenitur
634 1806 789 1846 :imm-ta
821 1806 1013 1858 epistolae
1043 1807 1100 1848 ad
1130 1808 1368 1859 pontificem
1398 1808 1530 1857 datae,
1562 1820 1667 1858 quac
1699 1806 1962 1846 inscribam:
2002 1805 2167 1847 Littere
2198 1806 2250 1847 ad
2283 1806 2356 1847 do—
2397 1827 2428 1851 ις,

171 1873 329 1912 minum
364 1887 534 1928 papam.
568 1899 619 1903 —
654 1874 1115 1916 JIuillard-B2·‹?lae.0lles
1147 1876 1208 1926 IL
1230 1876 1326 1917 357.
1387 1876 1581 1924 Bolanum,
1615 1875 1714 1926 Req.
1747 1876 1845 1926 imp.
1879 1874 1923 1924 V,
1947 1874 2069 1914 1485.

2007 1942 2078 1996 (P.
2100 1943 2218 1995 250.)

312 2043 570 2087 Beatissimo
603 2048 712 2101 patri
745 2047 916 2088 domino
946 2047 1140 2089 Honorio
1164 2048 1247 2089 Dei
1280 2048 1418 2103 gratia
1449 2050 1723 2088 sacrosancte
1747 2045 1940 2087 Romane
1973 2046 2159 2087 ecclesie
2190 2060 2355 2087 summo

170 2114 357 2166 pontifici
390 2114 635 2157 Fridericus
669 2121 747 2157 etc.
788 2122 836 2157 ut
876 2131 1016 2172 supra.
1137 2116 1249 2164 Quia
1281 2121 1434 2158 cuncta
1465 2116 1640 2169 negotia
1672 2119 1838 2166 nostra,
1879 2129 1961 2170 que
1993 2119 2136 2156 actore
2168 2114 2355 2155 Domino

170 2182 462 2224 terminamus.
496 2184 547 2224 ad
582 2184 842 2226 audientiam
877 2190 918 2227 et
949 2186 1141 2227 notitiam
1171 2190 1357 2227 vestram
1390 2186 1587 2226 volumus
1619 2184 1862 2239 pervenire,
1896 2197 1997 2224 ecce
2029 2183 2142 2238 quod
2173 2183 2354 2224 formam
2393 2202 2427 2228 20

169 2251 413 2295 concordie.
449 2268 575 2307 quam
609 2268 703 2295 cum
738 2255 891 2295 comite
923 2255 1155 2296 Thomasio
1190 2255 1241 2296 de
1275 2255 1436 2296 Oelano
1468 2254 1668 2304 fecimus⁷
1709 2253 1926 2293 sanctitati
1959 2257 2101 2293 vestre
2135 2252 2350 2308 presentis

169 2321 311 2374 scripti
346 2322 456 2361 serie
490 2322 773 2375 declaramus,
807 2324 928 2364 cuius
962 2325 1224 2365 continentia
1257 2325 1355 2365 talis
1389 2328 1472 2365 est:

317 2392 349 2431 1.
382 2389 592 2431 Dominus
626 2392 860 2447 imperator
892 2393 1082 2433 restituit
1114 2393 1258 2433 comiti
1292 2392 1538 2441 Thomasio,
1571 2391 1669 2431 filiis
1703 2390 1803 2438 suis,
1837 2390 2062 2445 Raynaldo
2096 2390 2148 2432 de
2184 2391 2355 2432 Aversa

170 2464 210 2495 et
244 2458 454 2506 omnibus,
486 2460 556 2513 qui
591 2474 685 2500 cum
719 2461 780 2502 eis
812 2466 909 2501 sunt
933 2462 1000 2502 vel
1031 2462 1205 2502 fuerunt
1239 2461 1461 2511 hactenus,
1494 2461 1673 2514 gratiam
1703 2473 1839 2511 suam,
1872 2460 2097 2500 remittens
2121 2460 2183 2501 eis
2207 2473 2354 2501 omnes

168 2526 416 2578 questiones
450 2532 492 2567 ct
524 2542 671 2570 omnes
704 2529 988 2581 obiectiones,
1030 2537 1138 2584 quea
1172 2531 1234 2571 eis
1270 2530 1322 2570 ab
1355 2529 1569 2584 aliquibus
1603 2529 1715 2569 obici
1748 2532 1924 2583 possent
1956 2532 2041 2568 tam
2074 2542 2150 2583 pro
2183 2527 2352 2569 domino
2391 2547 2422 2571 ‘25

169 2595 454 2648 imperatore?
477 2610 602 2650 quam
636 2612 710 2651 pro
743 2598 883 2653 aliquo
916 2599 999 2639 alio
1030 2598 1201 2640 homine
1233 2598 1286 2640 de
1311 2598 1508 2639 omnibus
1533 2610 1614 2652 que
1638 2597 1941 2638 commiserunt
1973 2597 2216 2651 hucusque;
2250 2610 2351 2637 con-

169 2664 295 2703 cessit
329 2665 456 2705 etiam
491 2666 552 2705 eis
587 2672 629 2706 et
652 2667 863 2717 omnibus,
897 2668 966 2721 qui
990 2682 1084 2708 cum
1107 2668 1169 2707 eis
1192 2672 1290 2708 sunt
1316 2667 1382 2708 vel
1415 2667 1601 2715 fuerunt,
1634 2670 1680 2706 ut
1703 2666 1844 2705 omnia
1866 2664 2053 2716 mobilia,
2086 2679 2167 2719 que
2192 2664 2354 2705 habent

167 2739 252 2770 tam
287 2732 399 2786 apud
435 2746 480 2773 se
513 2748 638 2788 quam
673 2735 784 2790 apud
818 2736 935 2787 alios,
968 2739 1056 2776 tam
1097 2736 1138 2776 in
1172 2735 1368 2791 deposito
1402 2749 1527 2790 quam
1567 2735 1760 2789 pignore,
1794 2734 1914 2774 salva
1947 2734 2032 2774 sint
2054 2739 2096 2774 et
2119 2747 2274 2774 secura
2298 2732 2351 2773 ad

167 2813 273 2854 opus
306 2815 466 2842 eorum.
530 2802 586 2843 Et
619 2804 652 2844 si
686 2805 813 2859 aliqui
848 2818 1008 2856 eorum,
1043 2805 1112 2859 qui
1138 2819 1206 2846 res
1229 2806 1345 2860 ipsas
1370 2804 1611 2855 habuerint,
1644 2803 1696 2844 ad
1722 2801 2035 2844 restituendum
2059 2801 2351 2842 contradicere

168 2868 341 2919 vellent,
376 2869 572 2912 dominus
606 2873 838 2928 imperator
870 2874 1001 2915 debet
1034 2888 1108 2915 eos
1143 2888 1301 2929 cogere
1334 2874 1386 2914 ad
1419 2873 1751 2914 restitutionem.
2391 2894 2425 2918 30

308 2940 346 2979 2.
384 2939 790 2996 Personajcomitis
837 2947 879 2983 et
911 2942 1098 2984 omnium
1141 2943 1482 2997 supradictorum
1525 2941 1686 2982 debent
1727 2955 1824 2982 esse
1868 2940 1986 2981 salve
2019 2944 2062 2980 et
2095 2951 2245 2980 secure
2278 2951 2355 2994 per

166 3021 316 3048 manus
349 3008 546 3050 Romane
580 3011 778 3053 ecclesie.

310 3080 345 3118 .3‚
386 3077 538 3119 Dictus
582 3093 680 3120 vero
723 3093 867 3121 comes
908 3079 1036 3121 debet
1077 3079 1257 3121 reddere
1300 3084 1441 3121 castra
1480 3092 1561 3134 que
1602 3082 1737 3128 tenet,
1781 3078 1948 3118 scilicet
1977 3076 2147 3117 Turrim
2180 3074 2345 3127 Gelani,

167 3144 337 3185 Sci-ram
372 3145 541 3197 Gelani,
588 3147 818 3188 Ovinulum
861 3153 904 3189 et
940 3148 1144 3189 Sanctum
1183 3149 1394 3200 Potitum,
1439 3148 1481 3188 in
1523 3146 1721 3188 manibus
1764 3145 1921 3186 domini
1965 3145 2236 3201 imperatoris
2283 3144 2350 3185 vel

167 3216 313 3263 nuntii,
347 3217 417 3269 qui
451 3230 526 3270 pro
560 3222 681 3271 parte
714 3216 874 3258 domini
907 3217 1178 3272 imperatoris
1211 3217 1338 3258 fuerit
1370 3217 1644 3258 constitutus,
2388 3235 2419 3260 35

307 3287 344 3323 4.
378 3284 588 3325 Dominus
622 3286 854 3340 imperator
886 3285 1017 3326 debet
1049 3286 1277 3327 restituere
1310 3285 1506 3326 omnibus
1543 3283 1752 3335 vassallis,
1787 3283 1858 3338 qui
1891 3296 1987 3323 cum
2018 3280 2168 3322 eodem
2193 3280 2349 3321 comite

165 3352 335 3392 fuerunt
369 3354 434 3394 vel
469 3358 587 3405 sunt,
621 3358 706 3395 tam
741 3354 907 3395 clericis
940 3368 1066 3408 quam
1099 3354 1240 3405 laicis,
1275 3358 1361 3395 tam
1394 3353 1477 3394 illis
1511 3353 1582 3408 qui
1615 3356 1715 3393 sunt
1747 3352 1788 3392 in
1819 3350 1970 3404 Regno
2003 3363 2127 3405 quam
2161 3349 2246 3389 illis
2277 3348 2349 3403 qui

300 3464 385 3499 417.
422 3472 454 3507 12¹)
483 3469 690 3510 imperatoris
714 3467 745 3500 4.
857 3467 889 3510 ¹¹)
916 3469 1152 3501 detinebamur
1175 3468 1207 3501 4.
1318 3467 1341 3508 i)
1368 3468 1481 3499 littera
1506 3469 1521 3499 s
1542 3468 1578 3499 in
1603 3477 1731 3498 rasura
1758 3465 1792 3503 l;
1826 3466 1997 3497 confectas
2020 3463 2053 3505 4,
2078 3464 2134 3495 ubi
2160 3464 2223 3496 Sed
2249 3462 2347 3494 deest.

164 3521 196 3562 k)
223 3523 559 3565 karissi111ann'12—4.
677 3524 702 3565 l)
729 3526 853 3557 Datum
878 3525 978 3558 2—4.
1096 3528 1139 3567 ¹¹¹)
1166 3526 1347 3557 indictione
1374 3536 1461 3557 none
1486 3524 1518 3557 2.
1543 3524 1581 3562 3;
1614 3524 1723 3564 spatio
1747 3522 1935 3554 intermisso
1961 3521 2042 3553 add.
2062 3520 2097 3552 1:
2124 3521 2164 3553 N.

299 3590 386 3625 415⁴.
418 3598 449 3632 ³)
477 3604 563 3634 quas·
589 3605 615 3626 c.
2384 3605 2418 3629 40

301 3695 332 3736 1)
362 3693 415 3735 Of,
444 3694 647 3736 Roclenberfl
672 3694 702 3737 Ι,
726 3705 781 3728 nr.
800 3699 876 3730 222.
