2558 3970
690 133 931 167 FRIDERICI
959 134 1001 167 11.
1030 133 1462 168 (HN-'5⁷1‘lTU'I‘lONES.
1516 135 1612 170 1226.
1666 134 1726 169 Nr.
1748 135 1822 168 1οῖ.
2281 137 2354 175 137

156 251 398 292 temerariis
430 249 607 290 ausibus
641 249 945 289 excessissent.
1010 248 1116 288 Nam
1151 262 1244 288 vum
1281 263 1426 289 eorum
1474 249 1768 304 indempnitnti
1806 265 1880 304 pro
1920 251 2100 289 transitu
2138 250 2248 299 regis
2283 251 2354 289 tilii

157 318 292 360 nostri
325 323 367 359 et
400 318 656 373 principum,
689 317 759 372 qui
794 317 845 357 ad
879 317 1074 359 camdem
1109 318 1271 358 curiam
1307 318 1549 364 veniebant,
1585 333 1739 359 carere
1776 319 2048 359 voluerimus.
2083 325 2127 358 ut
2160 318 2354 358 decebat.

155 401 233 444 per
272 387 562 428 venerabilem
603 387 885 427 Portuensem
928 390 970 427 et
1011 386 1168 426 Sancte
1212 386 1366 426 Rufino
1410 387 1681 442 episcopum,
1729 387 1961 443 apostolice
2003 386 2118 426 sedis
2154 387 2355 439 legatum.

155 456 547 498 Ierosolimitanum
581 455 884 511 patriarcham,
921 454 1283 509 archiepiscopOS,
1319 455 1548 509 episcopos
1583 462 1625 498 et
1659 471 1735 511 per
1759 457 2010 507 magistrum
2036 455 2187 496 (lomus
2210 455 2353 496 Theo,

102 536 117 561 5
155 525 393 566 tonicorum
434 524 475 565 in
508 524 780 572 Ierosolima,
822 538 927 579 quos
961 522 1016 564 ad
1050 522 1222 564 eosdem
1258 522 1521 563 Lombardos
1556 524 1668 579 apud
1706 524 1924 565 Mantuam
1971 526 2113 579 sepius
2149 525 2353 564 misimus.

155 607 388 648 numquam
428 593 646 634 obstinata
683 592 923 648 proterviai
961 591 1209 633 eorumdem
1253 591 1304 632 nd
1345 591 1629 633 humilitatem
1670 599 1712 634 et
1754 594 2012 648 pau-,lentiam
2048 601 2257 634 nostram.
2304 593 2355 633 aul

155 676 309 719 preces
343 667 386 703 et
420 662 578 704 monita
611 661 749 718 potuit
782 676 806 702 a
840 666 1046 716 concepte
1080 660 1317 714 iniquitatis
1351 661 1568 715 proposito
1600 662 1833 704 declinare.
1868 662 1967 716 quin
2002 677 2075 717 per
2107 663 2356 702 inhonestas

155 736 200 773 et
230 731 483 773 indecentes
517 731 749 786 petitiones
784 731 823 770 in
857 728 1170 785 depressionek
1204 729 1414 769 honorum
1448 735 1491 769 et
1525 730 1678 770 iurinm
1715 731 1974 771 nostrornm¹
2011 746 2087 771 nos
2121 731 2173 771 ad
2209 732 2353 771 invon-

154 800 334 842 veniens
367 800 582 842 deducere
616 800 850 840 moliretur.
971 798 1037 852 (2)
1071 797 1193 844 Quod
1235 812 1330 838 cum
1377 797 1649 839 maiestatem
1691 805 1880 839 nostram
1915 808 1955 839 et
1991 799 2244 852 (lignitatem
2282 800 2355 839 im-

87 885 120 911 ιο
155 869 264 925 perii
298 869 468 924 penitus
500 868 735 910 dedeceret
768 882 817 909 ae
851 882 983 922 super
1015 866 1179 908 eisdem
1213 867 1495 921 petitionibus
1520 867 1745 907 consilium
1779 868 2067 922 predictorum
2098 868 2353 908 ierosolimi-

154 938 242 979 tani
275 939 540 994 patriarche,
585 938 1027 993 archiepiscoporum,
1062 937 1383 991 episcoporum,
1427 936 1666 990 principum
1701 942 1743 977 et
1778 937 1958 976 aliorum
1994 937 2225 991 imperialis
2260 937 2356 976 aulo

154 1021 378 1064 procerum
412 1021 714 1063 quereremus,
756 1021 832 1062 per
863 1020 936 1047 eos
980 1006 1103 1047 nobis
1145 1005 1291 1046 extitit
1323 1004 1592 1050 dissuasum,
1637 1009 1682 1045 ut
1715 1004 1766 1045 ad
1802 1012 1886 1046 tam
1923 1006 2092 1046 illicitas
2128 1006 2358 1060 petitiones

154 1083 266 1118 nosm
297 1076 554 1118 deberemus
577 1076 772 1130 astringi,
806 1075 917 1116 sieut
939 1075 980 1115 in
1004 1074 1250 1129 generalis¹¹
1276 1074 1436 1129 scripto
1463 1073 1629 1114 consilii
1655 1088 1730 1128 per
1753 1074 1931 1115 eosdem
1958 1076 2146 1129 prelatos
2171 1075 2356 1129 solemp-

153 1145 264 1186 niter
295 1145 437 1186 facto¹
470 1146 640 1201 plenius
675 1145 932 1186 continetur.
996 1143 1203 1184 Preterea
1237 1142 1420 1183 dilectus
1455 1143 1651 1197 princeps
1686 1149 1832 1184 noster
1863 1143 2151 1184 venerabilis⁰
2182 1143 2352 1183 Yldesi-

87 1234 117 1260 ιε»
154 1215 315 1256 mensis
349 1215 593 1270 episcopus,
626 1215 693 1255 eui
728 1229 806 1269 per
837 1213 1099 1269 apostolicas
1132 1213 1299 1253 litteras
1333 1216 1401 1252 est
1434 1212 1721 1255 commissum,
1758 1217 1803 1252 ut
1834 1213 1930 1267 quia
1955 1212 2154 1252 dominus
2179 1220 2352 1267 aposto-

156 1283 266 1325 licus
297 1297 385 1329 nos,
418 1297 565 1338 regem
597 1283 731 1324 filium
756 1288 961 1326 nostrum,
997 1282 1224 1337 imperium
1250 1286 1292 1322 et
1317 1295 1510 1336 regnum,
1546 1281 1649 1325 iura,
1687 1281 1870 1322 honores
1895 1287 1937 1321 et
1962 1283 2149 1322 rationes
2175 1289 2358 1323 nostrus,

152 1366 228 1409 pro
262 1367 312 1394 eo
347 1353 459 1408 quod
493 1367 600 1394 onus
635 1352 946 1408 assumpsimus
977 1351 1110 1393 Terre
1136 1350 1313 1401 Sancte,
1347 1350 1426 1391 sub
1461 1350 1577 1391 beati
1602 1349 1721 1391 Petri
1755 1356 1798 1391 et
1822 1365 1898 1390 sua
1924 1351 2186 1405 protectioiw.
2212 1366 2357 1391 susco-

153 1427 296 1479 perat,
336 1423 377 1463 in
410 1422 735 1478 perturbatores
768 1421 1005 1462 honorump
1038 1425 1280 1461 nostrorum
1316 1425 1358 1460 et
1392 1420 1545 1460 iurium
1581 1420 2044 1461 excommunicationis
2079 1421 2119 1460 in
2154 1435 2359 1475 personas

154 1496 198 1533 et
229 1491 446 1533 interdicti
479 1492 521 1532 in
555 1496 693 1533 terras
728 1491 988 1532 sententiam
1020 1490 1173 1536 ferret,
1209 1489 1410 1543 quotiens
1443 1504 1467 1530 a
1501 1488 1624 1530 nobis
1658 1489 1866 1530 existeret
1900 1491 2178 1544 1·equisitus‘¹.
2214 1489 2359 1529 citavit

83 1572 128 1614 202
153 1559 366 1611 eosdem‘,
404 1561 623 1615 assignato
657 1561 718 1601 cis
751 1559 952 1609 termino,
987 1573 1069 1613 quo
1103 1557 1156 1599 ad
1191 1557 1547 1599 satisfaciendum
1583 1558 1706 1599 nobis
1741 1559 1793 1599 de
1829 1559 2070 1599 commissis
2106 1558 2359 1599 excessibus

152 1628 206 1670 ad
236 1630 499 1684 presentiam
533 1634 725 1670 nostram
757 1628 978 1677 venirent,
1023 1642 1098 1669 eos
1132 1626 1336 1668 inducere
1371 1626 1612 1682 apostoliea
1644 1628 1903 1668 auctoritate
1938 1642 2018 1668 non
2056 1628 2194 1682 potuit
2228 1642 2303 1667 nee
2337 1642 2358 1666 a

152 1699 223 1740 via
255 1699 435 1740 erroriss
473 1699 515 1739 in
548 1700 654 1753 quat
687 1697 967 1739 deviaverant
1000 1710 1216 1738 revocare.
1278 1695 1370 1737 Nos
1411 1709 1582 1751 quoque
1622 1710 1700 1751 per
1740 1696 1906 1738 litteras
1940 1702 2109 1737 nostras
2149 1696 2360 1737 universis

154 1771 197 1810 et
236 1767 415 1823 singulis
448 1781 594 1809 eorum
636 1766 923 1815 iniunximus,
967 1765 1306 1821 peremptorium
1340 1765 1569 1806 terminum
1613 1764 1884 1807 indicentes¹¹
1929 1765 2120 1809 eisdem,
2161 1765 2359 1805 videlicet

154 1844 317 1893 usqueV
348 1837 402 1878 ad
435 1840 690 1892 sequentem
722 1836 836 1878 diem
870 1835 968 1877 festi
1004 1835 1141 1876 sancti
1176 1834 1416 1876 Iohannisw
1448 1834 1642 1889 proximo
1676 1836 1914 1890 preteriti¹,
1957 1850 2038 1890 quo
2073 1850 2118 1875 se
2153 1834 2203 1874 de
2238 1848 2351 1874 com-
2376 1844 2494 1871 [umas.

87 1923 119 1950 25
154 1907 298 1948 missis
330 1907 629 1948 satisfacturos
662 1905 917 1948 excessibus
962 1910 1005 1946 et
1045 1904 1210 1945 iniuriis
1253 1908 1400 1945 nostro
1433 1904 1682 1958 conspectui
1720 1908 2042 1959 presentarent.
2106 1903 2230 1951 Quod
2264 1918 2359 1958 per-

153 1977 378 2018 tinacitery
410 1980 774 2031 contempserunt.
896 1973 961 2028 (3)
995 1974 1137 2029 Super
1166 1973 1321 2028 quibus
1347 1972 1576 2014 consultati
1609 1973 1857 2028 patriarcha
1890 1973 2110 2028 predictus
2145 1973 2361 2026 ecte1·ique

153 2046 308 2102 prelati
340 2058 419 2086 nec
450 2059 536 2086 non
568 2045 785 2100 principes
810 2048 853 2085 et
874 2057 1078 2099 proceres
1102 2043 1252 2092 nostri,
1286 2041 1451 2083 iudices
1475 2042 1593 2083 curie
1617 2046 1760 2083 nostre
1786 2056 1834 2082 ac
1859 2042 2004 2097 plures
2029 2043 2101 2083 alii
2127 2042 2360 2096 sapientes,

156 2115 189 2156 si
221 2129 450 2170 possemus
484 2119 552 2156 etz
585 2114 843 2155 deberemus
884 2127 940 2154 ex
981 2111 1190 2166 dignitate
1230 2114 1377 2151 nostra
1415 2124 1491 2165 pro
1533 2114 1620 2151 tam
1661 2110 1866 2165 gravibus
1915 2111 2078 2151 iniuriis
2112 2116 2154 2151 et
2186 2111 2362 2151 offensis

155 2184 391 2241 procedere
433 2188 583 2226 eontra
615 2198 713 2236 eos,
754 2188 974 2237 tamquam
1016 2186 1164 2223 contra
1202 2194 1299 2221 reos
1339 2180 1528 2221 criminis
1568 2180 1658 2221 lese
1702 2180 1958 2224 maiestatis,
2005 2181 2046 2220 in
2088 2180 2286 2235 personis
2321 2185 2362 2220 et

90 2274 123 2301 30
158 2254 287 2296 rebus
325 2259 368 2295 et
405 2254 644 2310 spetialiter
685 2252 737 2294 ad
779 2251 1043 2308 imponenda
1084 2250 1227 2291 banna
1260 2254 1302 2290 et
1341 2249 1629 2304 privationem
1669 2249 1859 2290 omnium
1894 2248 2240 2289 iurisdictionum
2277 2258 2359 2289 tam

157 2323 343 2365 civilium
368 2337 493 2379 quam
519 2323 816 2374 criminalium,
848 2325 934 2362 tam
957 2320 1295 2361 voluntariarum
1319 2332 1447 2374 quam
1471 2318 1853 2365 contentiosarum,
1880 2319 2102 2373 regalium,
2127 2317 2360 2358 dationum.

156 2392 446 2448 pheudorum,
489 2391 790 2443 donationum,
832 2389 1175 2446 privilegiorum,
1219 2388 1476 2438 offitiorum,
1508 2386 1744 2438 iudicatus,
1783 2387 2103 2436 tabellionatus,
2138 2387 2358 2427 missorum

156 2462 270 2516 regis
304 2465 348 2502 et
380 2461 568 2502 omnium
601 2461 830 2509 honorum,
871 2457 1110 2514 potestarie
1144 2461 1187 2498 et
1219 2456 1491 2507 consulatus,
1534 2460 1805 2497 monetarum
1841 2460 1883 2496 et
1914 2456 2197 2511 privationem
2233 2455 2359 2495 etiam

158 2531 345 2572 omnium
379 2536 567 2581 eorumss,
600 2544 683 2585 que
715 2533 895 2585 possent
928 2528 988 2568 eis
1023 2541 1077 2567 ex
1111 2539 1218 2581 pace
1243 2524 1528 2566 Constantieb
1560 2525 1774 2566 universis
1803 2529 1876 2565 aut
1901 2525 2081 2579 singulis
2116 2524 2358 2579 provenire.

91 2617 123 2644 ³5
160 2604 202 2641 et
232 2613 380 2641 eorum
413 2600 614 2651 omnium,
648 2613 730 2655 que
764 2599 818 2640 ab
841 2597 1021 2653 imperio
1047 2603 1149 2637 seu⁰
1181 2610 1206 2637 a
1230 2594 1368 2644 nobis,
1403 2608 1482 2635 avo
1508 2597 1654 2635 nostro
1680 2598 1723 2636 et
1756 2598 1876 2649 patre
1901 2597 2048 2634 nostro
2073 2591 2358 2647 imperatore‘¹

157 2667 349 2711 Henrico
391 2673 464 2710 aut
504 2669 558 2710 ab
598 2669 693 2710 aliis
726 2666 1062 2723 imperatoribus
1095 2664 1481 2721 predecessoribus
1513 2663 1672 2705 nostris
1705 2667 1877 2714 tenent,
1921 2662 2081 2704 habent
2114 2676 2188 2702 seu
2223 2661 2357 2715 possi<

158 2737 274 2787 dent,
307 2743 577 2790 tenum-unte,
610 2737 854 2779 habuerunt
883 2750 960 2777 seu
992 2733 1294 2790 possederunt,
1328 2747 1407 2775 nec
1432 2747 1517 2773 non
1541 2733 1583 2773 in
1607 2732 1703 2773 aliis
1727 2731 2072 2772 animadvertere
2097 2735 2242 2771 contra
2265 2744 2359 2769 eos:

160 2819 215 2848 ex
257 2808 430 2849 comuni
475 2806 789 2849 deliberatione
831 2805 900 2847 etf
940 2804 1178 2860 approbato
1223 2802 1402 2844 consilio
1445 2816 1521 2843 nos
1562 2801 1604 2842 id
1648 2799 1810 2842 debere
1843 2814 1891 2841 ac
1925 2814 2052 2855 posse
2088 2797 2359 2840 concorditer

159 2875 455 2932 providerunt,
496 2877 606 2918 sicut
645 2874 914 2917 memorialia
947 2887 1096 2915 eorum
1131 2872 1293 2928 scripta
1327 2871 1495 2913 consilii
1529 2870 1822 2912 manifestant.
1943 2869 2006 2923 (4)
2041 2868 2118 2909 Set
2149 2867 2361 2923 patientia

95 2961 128 2989 ιο
161 2949 308 2988 nostra
337 2959 422 2987 non
454 2944 639 2994 destitit,
681 2945 784 3001 quin
816 2943 871 2986 ad
903 2956 1050 2985 eorum
1084 2942 1414 2983 conversionem
1447 2945 1594 2982 nostra
1625 2939 1833 2981 libentius
1867 2938 2074 2979 intentio¹3
2106 2941 2358 2977 verteretur.

160 3014 439 3056 Permisimus
482 3015 596 3056 enim
636 3013 875 3070 predictum
910 3011 1201 3053 venerabilem
1240 3007 1557 3051 P01·tuensem¹¹
1598 3008 1833 3063 apostolice
1877 3006 1992 3048 sedis
2035 3007 2223 3060 legatum
2259 3019 2356 3045 con-

161 3084 308 3124 venire
352 3098 447 3125 cum
491 3083 751 3129 rectoribus,
798 3082 899 3137 quin
942 3081 1081 3136 potius
1117 3078 1446 3134 perversoribus
1481 3077 1744 3119 eorumdem.
1815 3077 1896 3122 Qui
1939 3090 2033 3115 cum
2068 3075 2179 3129 apusl
2215 3074 2357 3114 villam

298 3209 383 3246 107.
413 3209 436 3252 i)
462 3211 666 3254 protervitas
690 3210 722 3242 ⁴2.
839 3207 873 3251 k)
900 3208 1148 3251 depressionem
1173 3206 1206 3238 2.
1347 3203 1371 3241 1)
1398 3211 1484 3237 nost.
1510 3205 1634 3236 iurium
1661 3203 1692 3236 2.
1829 3207 1872 3243 ¹¹¹)
1900 3214 1965 3234 non
1993 3202 2024 3233 2.
2051 3201 2081 3233 3.
2201 3203 2234 3241 ¹¹)
2260 3211 2358 3243 gene-

161 3267 223 3300 rali
246 3266 278 3301 2.
303 3267 333 3301 3.
452 3267 483 3308 ⁰)
507 3267 597 3300 deest
620 3266 652 3300 2.
792 3266 824 3308 P)
852 3267 1018 3299 bonorum
1045 3263 1076 3296 ⁶2.
1216 3269 1250 3304 (1)
1276 3263 1432 3305 quotiens
1458 3266 1546 3294 esset
1571 3261 1756 3303 requisitus
1781 3271 1801 3291 a
1827 3260 1924 3291 nobis
1949 3258 1979 3291 3.
2111 3263 2137 3295 Υ)
2163 3262 2194 3289 et
2221 3256 2299 3288 adel.
2328 3256 2359 3288 2.

96 3327 128 3353 45
163 3322 191 3366 ³)
214 3325 351 3358 honoris
380 3325 408 3358 l.
526 3324 552 3366 t)
578 3335 681 3367 quam
706 3322 737 3356 2.
832 3323 868 3364 u)
895 3323 963 3355 ind.
991 3322 1116 3355 eisdem
1143 3321 1211 3353 des.
1238 3320 1291 3352 hic
1316 3318 1348 3351 ⁶2.
1444 3318 1475 3358 V)
1503 3318 1593 3350 deest
1615 3317 1646 3350 2.
1742 3322 1781 3357 W)
1808 3317 1955 3349 babtista
1981 3315 2061 3348 add.
2088 3314 2118 3347 3.
2215 3319 2248 3353 x)
2277 3313 2358 3345 indi-

162 3387 275 3417 centes
298 3385 423 3417 eisdem
448 3383 528 3416 add.
555 3383 607 3415 hic
633 3381 663 3415 2.
821 3387 853 3415 y)
881 3381 1088 3423 pertinacius
1113 3379 1144 3411 2.
1301 3378 1330 3416 z)
1357 3388 1398 3409 ac
1422 3375 1453 3409 2.
1480 3375 1511 3409 3.
1659 3375 1689 3416 a)
1715 3386 1782 3408 eor.
1808 3387 1873 3407 om.
1899 3374 1929 3405 3.
2073 3371 2104 3413 b)
2131 3371 2303 3404 Costantie
2332 3369 2358 3401 l.

163 3438 193 3481 o)
216 3439 239 3473 2
263 3441 327 3474 sic:
350 3453 411 3474 seu
435 3454 455 3474 a
479 3443 614 3475 domino
640 3444 695 3474 Fr.
722 3442 924 3486 imperatore
949 3452 1012 3474 avo
1038 3444 1153 3473 nostro
1180 3449 1240 3471 seu
1264 3450 1284 3470 a
1308 3443 1403 3481 patre
1431 3442 1545 3469 nostro
1570 3437 1771 3478 imperatore
1790 3436 1939 3468 Hem-ico
1965 3439 2026 3466 aut
2048 3433 2092 3465 ab
2118 3433 2194 3465 aliis
2219 3433 2358 3474 impera-

161 3498 290 3532 toribus
315 3500 404 3542 pred.
430 3501 553 3533 nostris
578 3511 639 3533 seu
664 3512 683 3533 a
706 3501 805 3533 nobis
831 3503 957 3532 tenent.
1075 3496 1108 3539 d)
1135 3495 1394 3539 imperatoribus
1420 3494 1597 3527 Frederico
1622 3499 1656 3526 et
1679 3492 1711 3525 3.
1816 3494 1845 3533 e)
1871 3497 1905 3525 et
1930 3492 2011 3524 add.
2026 3490 2057 3522 2.
2162 3488 2187 3528 f)
2213 3489 2302 3521 deest
2327 3488 2356 3520 3.

163 3553 196 3595 8)
219 3555 278 3588 int.
304 3556 363 3590 lib.
388 3555 421 3590 2.
538 3556 574 3599 11)
599 3558 795 3601 episcopum
819 3558 1044 3590 Portuensem
1067 3554 1104 3596 23
1130 3555 1220 3586 Port.
1245 3564 1297 3596 ep.
1323 3551 1354 3585 3.

100 3663 133 3689 50
300 3658 334 3701 1)
368 3657 407 3692 V.
432 3668 545 3703 supra
568 3667 624 3693 nr.
642 3663 720 3693 105.

299 3731 350 3756 m..
375 3724 658 3756 consrrrunonss
682 3732 715 3754 n.
2043 3710 2087 3744 18
