2558 3970
203 203 282 241 530
351 200 531 233 [RBANI
559 200 618 234 IV.
645 199 789 234 EPIST.
819 199 879 232 AD
907 199 1192 233 RICHARDUM
1221 199 1324 234 REG.
1349 198 1411 233 DE
1442 198 1656 234 NEGOTIO
1683 199 1883 234 IMPERII.
1934 201 2032 236 1263.
2079 200 2237 236 N1·.405.

207 315 295 368 regi
331 314 518 354 Castelle
558 328 634 368 per
671 314 837 354 litteras
870 318 912 354 et
944 312 1158 367 quondam
1190 313 1450 369 A(ndream)
1481 313 1533 355 de
1563 313 1820 355 Ferentinof
1850 321 1997 355 suuma
2032 314 2299 369 capellanum
2332 317 2375 355 et

203 382 394 422 nuntium
428 382 650 421 intimavit.
711 381 893 436 Propter
923 381 1036 436 quod
1068 381 1258 436 predicte
1290 396 1366 437 pro
1398 387 1440 424 te
1472 382 1643 423 inducte
1684 383 1828 424 littere
1859 383 2012 424 merito
2044 386 2142 424 sunt
2174 385 2373 437 suspecte

203 464 278 490 nec
312 449 523 490 credendo
557 449 608 490 de
642 449 835 490 eiusdem
874 449 1195 504 predecessoris
1227 450 1504 506 A(lexandri)
1537 451 1803 492 conscientia
1835 465 2083 498 emanasse3
2121 454 2211 491 tum
2243 450 2372 491 etiam

203 519 321 571 quia.
362 518 395 558 si
427 517 480 558 de
513 518 642 572 ipsius
677 518 937 559 conscientia
969 522 1013 560 et
1043 518 1221 559 fratrum
1255 533 1428 560 suorum
1461 519 1637 560 consilio
1669 519 2002 574 processissent,
2045 533 2140 561 cum
2170 519 2374 560 iniuriose

203 587 297 628 sint.
333 586 491 627 debent
521 587 673 627 merito
708 587 914 629 revocari.

343 654 437 708 (14)
470 654 594 696 Unde
628 655 756 697 iidem
790 655 903 709 regis
935 654 1127 696 Castelle
1158 660 1460 710 procuratores
1493 660 1536 698 et
1567 657 1703 697 nuntii
1736 656 1996 698 electionem
2018 655 2072 697 de
2094 655 2184 711 ipso
2204 655 2376 707 factam,

201 722 407 763 electione
440 728 512 763 tua
545 723 738 778 predicta
770 728 813 764 et
844 724 924 764 hiis
948 737 1030 778 que
1053 737 1129 778 pro
1153 729 1195 765 te
1218 725 1420 766 fueruntg
1451 724 1621 766 obiecta
1643 724 1938 780 nequaquamh
1970 723 2253 775 obstantibus,
2286 724 2378 766 fore

201 790 453 844 legittimam
487 796 637 846 utpote
671 792 934 833 celebratam
966 806 991 832 a
1023 793 1170 834 maiori
1202 798 1324 848 parte
1355 794 1541 849 ipsorum
1572 794 1810 849 principum
1849 817 1896 823 ——
1927 807 2034 849 quos
2064 792 2192 834 iidem
2221 806 2376 848 procu-

203 864 363 900 ratores
397 865 439 900 ct
471 861 606 900 nuntii
630 861 793 901 variare
827 874 911 901 non
943 861 1136 915 potuisse
1159 862 1350 917 allegant
1372 867 1414 904 et
1436 863 1627 904 variasse
1650 876 1733 903 non
1756 862 1936 904 credunt
1957 885 2026 913 —,
2056 861 2184 902 immo
2204 861 2376 902 fictione

202 928 303 968 iuris
336 928 389 968 ab
423 928 632 974 omnibus,
667 942 762 969 cum
795 929 866 969 alii
898 934 1047 984 utpote
1080 930 1292 972 inhabiles
1325 931 1528 973 electioni
1560 945 1643 972 non
1677 929 1917 987 potuerinti
1948 930 2016 972 vel
2048 929 2201 972 saltem
2222 930 2373 972 nolue-

203 996 313 1037 rintk
346 998 387 1037 in
419 997 510 1038 loco
545 997 670 1038 solito
703 1002 746 1038 et
777 1002 970 1053 tempore
1004 998 1148 1039 debito
1182 999 1405 1051 interesse,
1438 1014 1487 1041 ac
1519 1000 1658 1055 ipsum
1691 1000 1903 1055 potiorem
1935 999 1977 1040 in
2009 998 2214 1055 predictis
2245 1012 2378 1054 regno

203 1070 244 1106 ot
276 1065 452 1120 imperio
493 1072 744 1121 arguentes,
791 1069 899 1108 cuml
931 1074 1113 1109 instantia
1143 1075 1400 1119 postularunt,
1443 1075 1513 1120 ipsi
1546 1075 1624 1120 regi
1658 1068 1848 1111 Castelle
1880 1076 2098 1110 consuetum
2129 1074 2294 1109 favorem
2325 1067 2381 1109 et¹

201 1140 365 1174 debitam
398 1140 434 1174 in
467 1141 676 1176 huiusmodi
699 1142 849 1187 negotio
872 1142 1057 1177 iustitiam
1079 1143 1256 1186 exhiberi,
1289 1144 1455 1189 apertius
1479 1144 1742 1189 exprimentes,
1774 1145 1870 1178 hanc
1898 1144 1976 1179 fore
1998 1143 2183 1178 iustitiam
2203 1141 2380 1185 debitam,

202 1209 298 1243 hunc
331 1221 408 1243 csse
441 1210 603 1244 savorem
637 1210 674 1244 in
706 1211 843 1245 talibus
875 1214 1111 1253 consuet-um,
1145 1212 1319 1248 videlicet
1349 1213 1465 1257 quod,
1498 1213 1646 1258 quando
1678 1212 1795 1258 aliqui
1824 1213 1871 1247 ad
1901 1212 2098 1257 imperium
2128 1211 2167 1246 in
2197 1210 2382 1247 discordia

203 1277 408 1323 principum
441 1278 678 1323 cliguntur-¹¹¹,
711 1280 815 1315 sedes
847 1280 1054 1325 apostolica
1085 1280 1201 1324 illum,
1234 1281 1298 1326 qui
1322 1282 1461 1317 electus
1483 1284 1541 1317 est
1561 1293 1584 1317 a
1605 1284 1711 1327 parte
1739 1281 1883 1324 maiori,
1915 1292 2072 1326 persone
2103 1280 2379 1326 impedimentis

202 1347 442 1383 (efflantibus.
475 1347 673 1382 denuntiat
706 1349 864 1383 electum
897 1349 1073 1385 canonice
1105 1361 1147 1385 ac
1177 1361 1302 1396 regem
1334 1350 1514 1394 nominat,
1546 1353 1653 1396 parte
1684 1351 1812 1395 aliqua
1841 1361 1916 1385 non
1938 1350 2064 1393 citata,
2097 1351 2135 1385 et
2162 1349 2196 1385 ei
2217 1349 2382 1385 favorem

203 1418 345 1459 prestat
376 1416 505 1460 illique
537 1417 737 1452 terminum
759 1418 805 1452 ad
827 1418 1107 1463 recipiendam¹²
1138 1431 1313 1454 coronam
1341 1419 1546 1465 assignato,
1580 1420 1728 1455 etiamsi
1750 1420 1846 1455 alter
1866 1418 2023 1454 taliterp
2054 1419 2257 1454 electorum
2278 1419 2384 1464 regni

202 1484 473 1528 possessionem
506 1486 775 1532 presumpserit
803 1498 999 1532 occupare;
1033 1487 1129 1523 sicut
1159 1487 1198 1522 in
1221 1488 1467 1524 electionibus
1489 1488 1657 1525 Letharii
1680 1490 1745 1524 etq
1767 1487 1960 1531 Conradir,
1993 1487 2142 1523 Ottonis
2164 1489 2202 1523 et
2219 1487 2384 1533 Philippi

203 1565 243 1587 ac
275 1553 429 1588 aliorum
472 1554 633 1599 plurium
673 1555 911 1591 observa-tum
949 1556 1062 1592 fuisse
1101 1556 1291 1600 dicebant;
1337 1551 1391 1593 ad
1430 1551 1509 1593 hoc
1549 1551 1786 1607 predictam
1818 1550 2081 1593 decretalem
2125 1549 2384 1606 epistolam²

201 1615 468 1658 inducentes.

347 1684 435 1739 (15)
476 1690 624 1727 Eisdem
661 1694 786 1728 autem
823 1687 979 1743 prefati
1016 1694 1113 1740 regis
1145 1694 1306 1731 Castelle
1344 1695 1487 1730 nuntiis
1527 1695 1705 1741 petitioni
1742 1694 1909 1740 predicte
1940 1705 2050 1739 super
2080 1693 2209 1730 debita
2237 1693 2385 1730 iustitia

203 1760 408 1795 exhibenda
442 1763 611 1805 porrecte
643 1762 914 1805 insistentibus,
946 1775 1013 1798 nos
1045 1766 1293 1799 memoratum
1314 1764 1546 1800 Roffenseffl
1577 1764 1793 1809 episcopum
1814 1765 1853 1799 et
1874 1762 1967 1799 alios
1990 1757 2095 1799 tuost
2124 1764 2384 1808 procuratores

203 1829 246 1863 «le
279 1829 529 1873 predictorum
560 1831 717 1866 fratrum
749 1831 903 1866 consilio
927 1832 1098 1867 duximus
1129 1833 1410 1877 requirendosu,
1443 1833 1474 1868 si
1497 1833 1637 1868 vellent
1658 1844 1768 1878 super
1789 1831 1979 1878 premissis
2001 1831 2124 1867 subire
2148 1833 2213 1867 tuo
2234 1832 2384 1868 nomine

203 1901 370 1932 nostrum
402 1902 439 1934 et
470 1899 674 1944 apostolice
714 1900 810 1935 sedis
843 1911 1008 1936 examen.
1070 1900 1139 1943 Qui
1178 1901 1308 1937 habito
1341 1902 1496 1938 consilio
1535 1902 1825 1947 responderunt,
1864 1901 1963 1946 quod
1995 1901 2102 1936 cumv
2133 1900 2182 1935 sis
2212 1901 2384 1947 princeps

207 1967 423 2009 catholicus,
457 1967 563 2003 nobis
598 1970 636 2003 et
667 1968 820 2004 ecclesie
853 1969 1017 2004 Romane
1049 1970 1217 2013 devotus,
1249 1970 1368 2015 ipsam
1400 1973 1514 2016 caput
1545 1970 1832 2006 christianitatis
1855 1972 1894 2006 et
1920 1970 2006 2005 fidei
2028 1972 2206 2014 tuamque
2226 1972 2384 2006 matrem

205 2038 241 2070 et
273 2036 460 2070 dominam
493 2048 771 2082 recognoscens,
804 2050 871 2073 nec
902 2038 1074 2073 intendas
1105 2038 1206 2074 illius
1238 2039 1424 2075 declinare
1457 2039 1645 2082 iudicium,
1677 2039 1716 2073 in
1738 2038 1872 2083 quibus
1904 2038 1996 2073 illud
2027 2038 2150 2074 subire
2171 2038 2317 2075 debesW
2348 2040 2386 2075 et

203 2106 246 2139 «le
279 2105 356 2139 iure
388 2105 537 2148 teneris,
571 2109 609 2141 et
639 2107 676 2141 in
708 2107 864 2152 imperio
896 2107 952 2142 ius
984 2107 1123 2143 habeas
1145 2119 1188 2143 ac
1209 2108 1315 2154 regni
1337 2108 1562 2144 Alamaniex
1593 2110 1631 2144 et
1652 2108 1730 2144 eius
1751 2108 1888 2143 iurium
1909 2107 2181 2153 possessionem
2203 2107 2385 2152 obtineas,

205 2174 325 2218 parati
358 2176 473 2216 erant,
506 2175 544 2209 in
576 2177 757 2219 quantum
788 2175 946 2221 predicti
977 2177 1156 2220 mandati,
1189 2177 1289 2221 quod
1319 2188 1342 2212 a
1372 2179 1409 2212 te
1440 2177 1668 2221 habebanty,
1703 2189 1742 2213 se
1774 2177 1870 2213 vires
1904 2177 2146 2220 extendunt²‚
2177 2189 2244 2223 pro
2274 2179 2313 2213 te
2343 2189 2386 2213 ae

166 2284 180 2293 .
206 2246 269 2277 tuo
302 2243 461 2285 nomine,
493 2246 685 2288 tamquam
716 2256 782 2290 pro
814 2257 900 2291 rege
924 2257 1010 2281 vero
1034 2257 1077 2281 ae
1099 2246 1286 2291 legittimo
1309 2258 1521 2292 possessore
1531 2246 1559 2290 θ’,
1590 2246 1769 2282 iudicium
1792 2248 1963 2282 nostrum
1984 2248 2022 2281 et
2044 2245 2197 2281 ecclesie
2221 2245 2386 2282 Romane

207 2311 338 2353 subire,
371 2312 401 2345 si
433 2312 514 2356 quis
546 2316 754 2357 appareret,
787 2314 851 2358 qui
882 2317 919 2350 te
951 2326 1061 2359 super
1094 2314 1284 2359 premissis
1307 2314 1398 2350 velit
1428 2315 1608 2360 impetere
1639 2317 1706 2350 aut
1732 2315 1875 2360 aliquid
1904 2326 2138 2360 quocumque
2163 2315 2274 2351 modo
2305 2327 2386 2361 pro-

207 2392 360 2424 ponere,
403 2374 496 2425 perb
527 2383 626 2425 quod
664 2382 733 2417 tibi
765 2383 884 2428 possit
915 2383 1067 2428 aliquod
1098 2383 1344 2428 preiudicium
1382 2384 1572 2429 generari,
1614 2383 1726 2419 salvis
1765 2385 1934 2429 semper⁰
1971 2384 2010 2419 in
2047 2383 2216 2419 omnibus
2253 2385 2291 2420 et
2321 2396 2388 2429 per

207 2449 330 2483 omnia
360 2449 632 2493 iurisdictione,
671 2454 876 2496 potestate,
920 2452 1059 2495 officio,
1098 2452 1341 2495 auctoritate,
1382 2452 1587 2498 dignitate,
1626 2453 1766 2488 honore
1798 2446 1867 2488 acd
1900 2453 2074 2488 libertate
2105 2452 2200 2488 sacri
2229 2453 2388 2488 Romani

208 2517 352 2562 imperii
385 2518 536 2562 eiusque
568 2519 788 2565 principum,
821 2521 868 2554 ad
898 2533 991 2565 quos
1023 2521 1237 2566 specialiter
1268 2523 1415 2566 spectat
1446 2521 1604 2556 Romani
1635 2521 1733 2567 regis
1765 2521 1899 2557 electio
1927 2523 1965 2557 et
1991 2521 2125 2566 quibus
2155 2521 2387 2567 preiudicare

208 2598 280 2620 non
313 2586 557 2622 intendebant
590 2589 648 2623 vel
680 2588 772 2623 alias
806 2589 1089 2633 quomodolibet
1119 2590 1310 2635 derogare,
1342 2590 1565 2635 petitionem
1596 2592 1661 2625 tuo
1692 2590 1913 2636 premissam
1943 2591 2093 2626 nomine
2123 2590 2386 2626 nichilominus

208 2658 429 2700 repetentes.

352 2718 443 2773 (16)
478 2723 580 2767 Ecce,
615 2726 666 2760 fili
698 2726 896 2769 carissime,
930 2727 1017 2761 dum
1048 2727 1095 2761 ad
1126 2726 1350 2771 petitionem
1382 2726 1526 2762 iustitie
1559 2727 1606 2762 ab
1636 2738 1711 2762 una
1741 2729 1848 2773 parte
1879 2726 2093 2772 proceditur
2113 2739 2180 2763 nec
2200 2728 2247 2763 ab
2269 2728 2388 2764 altera

210 2793 344 2828 iudicio
376 2793 528 2836 ceditur,
568 2797 624 2830 set
654 2794 769 2839 ipsius
802 2795 1078 2840 prosecutioni⁰
1110 2788 1353 2831 constanterf
1381 2795 1554 2838 instatur,
1588 2807 1655 2831 nos
1686 2795 1750 2840 qui
1777 2795 2028 2841 sperabamus,
2059 2796 2158 2841 quod
2188 2808 2255 2842 per
2284 2799 2387 2833 tuam

210 2865 247 2896 et
279 2862 392 2906 ipsius
425 2863 521 2907 regis
557 2863 792 2898 concordiam
823 2866 861 2899 et
891 2864 1111 2899 concordem
1149 2863 1353 2909 supradicti
1391 2863 1665 2900 ordinationem
1696 2864 1845 2910 imperii
1875 2864 2083 2900 desiderate
2114 2864 2250 2909 quietis
2280 2865 2388 2902 nobis

212 2932 389 2966 serenitas
432 2932 627 2975 arrideret,
668 2933 706 2967 in
743 2933 963 2968 iudiciorum
995 2928 1209 2982 inquietos
1241 2934 1431 2968 anfractus
1464 2933 1668 2979 ingerimur
1699 2935 1738 2968 et
1777 2932 1971 2978 expetiteg
2000 2932 2145 2969 iustitie
2175 2927 2388 2969 instantiall

211 3001 246 3034 in
279 3001 440 3045 ipsorum
473 3013 539 3036 nos
570 3002 700 3036 fluctus
733 3002 903 3047 impellit.
963 3001 1055 3038 Ecce
1087 3014 1216 3048 pacem
1241 3003 1517 3048 expectavimus
1534 2997 1561 3046 3,
1593 3005 1632 3038 et
1652 3015 1726 3038 non
1749 3002 1867 3045 venit3
1900 2995 2148 3047 quesivimusi
2174 3003 2283 3046 bona,
2315 2995 2387 3039 etk

347 3106 431 3143 405.
463 3108 492 3150 f)
518 3111 663 3143 ferentin
692 3110 719 3142 l.
820 3116 854 3151 s)
881 3112 1006 3144 suerint
1029 3110 1061 3143 4.
1163 3110 1196 3152 ¹¹)
1224 3123 1291 3144 11011
1316 3110 1348 3144 3.
1445 3111 1468 3155 i)
1494 3117 1677 3155 potuerunt
1700 3110 1732 3144 4.
1826 3110 1860 3154 k)
1886 3112 2068 3145 noluerunt
2092 3111 2124 3145 4.
2217 3109 2243 3154 l)
2267 3111 2388 3145 abhinc

212 3167 245 3197 in
275 3165 302 3198 l.
328 3166 358 3199 2.
385 3165 405 3198 4
431 3167 557 3199 collata
582 3173 629 3199 cst
652 3167 793 3208 epistola
819 3168 921 3209 prior
945 3167 1161 3211 (Rodeubcrss
1187 3168 1264 3209 III,
1288 3181 1342 3202 nr.
1363 3172 1443 3210 560,
1463 3181 1497 3211 p.
1515 3172 1589 3210 547,
1613 3169 1635 3201 l.
1654 3168 1726 3211 31);
1757 3174 1906 3211 per-qum
1935 3168 2022 3202 enim
2045 3169 2112 3202 ita:
2147 3173 2180 3202 et
2204 3173 2267 3202 eet.
2291 3173 2331 3202 ut
2353 3169 2387 3202 in

212 3223 277 3254 alia
309 3235 415 3264 nsque
446 3225 659 3257 observatum
692 3226 795 3257 fuisse
826 3225 994 3258 dicebant.
1043 3226 1095 3258 Ad
1127 3226 1190 3258 hoc
1220 3227 1403 3268 predictam
1435 3227 1636 3259 decretalem
1662 3227 1839 3269 epistolam
1864 3226 2071 3260 inducentes.
2119 3227 2251 3260 Eisdem
2275 3231 2388 3260 autem

214 3281 331 3322 prefati
358 3282 445 3323 regis
471 3282 617 3315 Castelle
643 3282 774 3314 nunciis
801 3282 958 3324 peticioni
985 3282 1115 3323 (nuncii
1133 3283 1309 3325 peticionis
1327 3282 1362 3326 4)
1390 3284 1536 3326 predicte
1560 3289 1592 3316 et
1615 3288 1676 3316 cet.
1694 3288 1733 3316 ut
1750 3283 1784 3315 in
1802 3283 1869 3316 alia
1888 3284 2047 3326 usquein
2066 3284 2177 3316 finem.
2263 3282 2306 3325 m)
2331 3284 2388 3316 eli-

2414 943 2447 968 10

2418 1291 2448 1315 15

2418 1632 2452 1659 2⁰

2421 1976 2453 2002 25

2424 2320 2458 2346 30

2422 2662 2454 2688 35

2422 3005 2455 3030 4⁰
2506 3005 2522 3054 j

213 3345 364 3379 gungtur
389 3350 475 3370 corr.
495 3338 524 3370 1.
657 3340 689 3380 n)
721 3340 948 3382 recipiendum
974 3339 1015 3371 R.
1155 3339 1187 3382 0)
1221 3345 1348 3383 prestat
1380 3341 1602 3382 subpunctum
1626 3339 1656 3372 4.
1796 3339 1829 3382 Ρ)
1863 3340 1980 3373 talium
2005 3339 2036 3374 2.
2174 3338 2208 3382 (1)
2240 3340 2330 3373 deest
2352 3339 2385 3373 3.
2420 3342 2452 3367 4⁵

213 3398 240 3435 Γ)
267 3394 400 3425 (lm-radi
425 3394 524 3427 2—4.
635 3399 662 3436 ε4)
687 3397 866 3429 Rofensem
891 3395 928 3437 3;
954 3397 1090 3428 Roffrefi
1115 3395 1147 3429 4.
1254 3397 1279 3439 t)
1306 3397 1396 3430 deest
1419 3396 1451 3429 2.
1557 3397 1592 3436 u)
1617 3397 1836 3439 inquirendos
1860 3395 1893 3429 4.
1988 3396 2020 3436 V)
2047 3408 2148 3439 super
2171 3397 2229 3429 lin.
2256 3397 2337 3430 add.
2357 3397 2387 3430 1.

214 3457 253 3490 Ὗ,
280 3451 376 3482 debet
400 3450 431 3483 4.
547 3458 580 3491 x)
605 3452 781 3484 Alamanie
806 3450 837 3484 4.
966 3452 999 3496 y)
1025 3454 1151 3487 habent
1178 3453 1207 3486 1.
1233 3453 1265 3486 2.
1382 3455 1411 3496 z)
1435 3455 1618 3487 extendant
1641 3454 1672 3487 4.
1726 3481 1731 3485 .
1797 3453 1829 3496 a)
1854 3455 1965 3498 priore
1989 3453 2021 3488 3.
2138 3453 2170 3496 b)
2195 3459 2332 3498 propter
2355 3454 2387 3488 3.

215 3511 242 3550 0)
269 3516 380 3540 tamen
405 3506 436 3539 4.
576 3507 608 3550 d)
635 3514 667 3541 et
690 3508 721 3541 4.
862 3508 892 3551 ⁰)
919 3511 1114 3552 psecucioni
1138 3509 1170 3543 4.
1297 3509 1329 3554 f)
1356 3512 1521 3545 instanter
1544 3510 1575 3545 4.
1693 3511 1726 3553 g)
1752 3511 1905 3554 expedite
1929 3510 1960 3544 3.
2084 3509 2116 3553 h)
2141 3512 2332 3545 constantia
2355 3511 2386 3545 3.

215 3562 238 3604 ί)
266 3565 501 3605 requisivimus
526 3565 557 3596 3.
681 3563 714 3606 k)
739 3578 803 3607 [1νο
828 3572 861 3599 et
886 3585 928 3589 —
954 3568 1092 3600 offertur
1117 3568 1165 3600 R:
1198 3569 1255 3601 sed
1280 3569 1415 3601 illorum
1440 3569 1575 3611 cupitus
1597 3580 1774 3602 successus
1799 3569 1922 3602 nostris
1947 3569 2119 3602 desideriis
2143 3580 2211 3601 non
2234 3569 2386 3603 accessit.

378 3655 409 3695 1)
445 3653 496 3694 Csz
526 3653 724 3697 Rozleuhcry
756 3654 836 3697 III,
863 3667 900 3698 1¹-
922 3661 996 3699 547,
1027 3656 1088 3689 lin.
1111 3662 1150 3691 31
1168 3668 1217 3700 sq.
1358 3659 1393 3700 2)
1428 3657 1632 3692 Imwcentii
1662 3658 1736 3692 III.
1778 3657 2057 3701 ‘Venerabilem',
2099 3668 2209 3702 supra
2238 3668 2292 3694 nr.
2313 3663 2386 3694 398.
2423 3667 2456 3694 50

217 3713 251 3753 3)
280 3710 333 3752 Cf.
360 3710 479 3744 Iercm.
498 3716 547 3752 14,
563 3716 610 3744 19.
