2558 3970
163 179 243 218 628
295 175 569 210 SENTENTIA
594 175 653 208 DE
678 173 923 207 DEPOSITIS
949 173 1098 207 PENES
1118 171 1333 207 ABBATES
1353 171 1674 207 CISTEROIENS.
1699 172 1876 208 FACTIS.
1915 174 2014 209 1236.
2051 175 2204 211 Nr.456.

162 290 213 331 de
247 290 394 331 XVerle.
428 290 597 330 iuniori.
631 295 769 329 iurabit
800 306 863 330 rex
898 297 935 330 et
967 289 1041 330 filii
1075 288 1160 339 sui,
1194 288 1386 343 episcopi
1417 296 1455 328 et
1486 292 1591 338 regni
1622 293 1736 342 Dacie
1767 294 1940 330 meliores
1972 292 2016 331 ei:
2047 290 2148 346 perf
2176 304 2340 347 appen-

162 360 325 399 sionem
359 358 594 411 sigillorum
630 371 802 398 suorum
836 372 885 399 ea
920 358 973 399 ad
1006 358 1178 398 maioris
1212 357 1455 398 securitatis
1488 356 1746 398 evidentiam
1779 359 2102 400 confirmabunt.
2163 360 2231 402 Ad
2264 360 2340 411 1100

161 427 355 467 dominus
389 440 464 467 rex
498 433 539 466 et
571 426 644 466 filii
678 427 741 466 sui
775 427 931 467 iustam
963 426 1187 467 orvetham
1221 426 1364 467 comiti
1387 425 1593 466 Heinrico
1626 426 1785 467 facient
1817 431 1859 468 et
1890 427 2104 469 iurabunt.
2156 428 2339 484 Insuper

160 509 304 549 regem
340 494 524 544 Boeniie.
558 494 776 534 dominum
811 494 1015 536 Ottonem
1049 495 1101 536 de
1134 495 1410 542 Luneburch,
1445 494 1646 535 comitem
1669 494 1964 537 Hermannvm
1997 496 2049 537 de
2074 496 2337 538 Orlamunde

160 576 200 602 1-1
234 568 398 603 eeteros
431 563 588 603 amicos
622 576 739 609 5005,
775 577 881 618 quos
915 564 956 603 in
990 563 1069 604 1100
1103 563 1214 604 facto
1248 577 1395 604 0011105
1429 563 1659 604 Heinricus
1693 564 1925 606 offendisse
1957 564 2138 618 videtur,
2177 566 2338 621 absque
2393 579 2406 602 5

159 631 253 671 dolo
288 642 328 671 et
361 631 473 672 malo
506 631 677 685 ingenio
709 632 747 672 ei
778 632 1060 673 reconciliare
1092 631 1232 674 debet.

302 700 413 740 Aeta
446 704 544 740 sunt
577 714 688 741 anno
721 699 935 742 dominice
967 700 1274 742 incarnationis
1307 699 1574 749 MOCXXV,
1606 701 1703 744 XV.
1734 701 1956 743 Kalendas
1988 701 2259 744 Decembris.

304 768 458 809 Testes
494 773 591 808 sunt
625 768 700 809 hii:
740 768 971 810 Wolradus
1005 783 1148 810 000105
1181 768 1233 810 de
1258 768 1564 820 Dannebereh,
1597 770 1829 811 Heinricus
1863 784 2006 812 comes
2030 770 2082 812 de
2105 771 2339 825 Luchowe,

158 837 388 878 lleinricus
422 851 565 878 000105
588 837 640 878 (10
667 838 865 883 Scladen,
899 838 1176 880 Frcthericus
1201 839 1458 894 prepositus,
1482 838 1756 880 Hermannus
1778 839 2090 881 burcharuiusa
2112 839 2165 881 de
2188 840 2340 894 Witin,

158 905 336 946 Adolfus
371 920 512 947 eomes
546 906 783 957 Hotsatie³,
825 907 1021 948 dominus
1055 906 1286 948 Heinricus
1320 907 1372 948 de
1407 906 1557 949 VVerle
1591 908 1742 959 iunior,
1775 907 1972 949 dominus
2005 908 2107 950 Otto
2140 909 2256 950 duxg
2286 909 2339 951 de

155 973 428 1018 Lunebureh.
462 975 658 1017 dominus
690 976 873 1018 Iacobus
907 976 959 1017 de
992 976 1135 1027 Mone,
1168 976 1367 1017 dominus
1401 975 1535 1017 Biurn
1567 976 1793 1031 pincerna,
1826 976 2021 1018 dominus
2054 976 2265 1019 Ostradus
2299 982 2341 1020 et

155 1043 226 1083 alii
260 1057 385 1098 quani
418 1045 577 1099 plureS.

297 1113 502 1153 Similiterh
535 1131 656 1154 comes
688 1119 884 1155 Heinricus
918 1128 995 1169 per
1027 1128 1073 1156 se
1106 1118 1148 1154 et
1180 1128 1257 1170 per
1289 1118 1496 1169 cognatos
1529 1127 1627 1155 suos
1660 1113 1796 1154 Danis
1830 1115 2107 1157 securitatem
2138 1121 2254 1157 faciet
2286 1115 2340 1156 de

159 1180 386 1223 reddendis
420 1182 640 1224 obsidibus
674 1190 716 1224 ct
747 1182 800 1224 do
834 1183 926 1235 hiis,
960 1198 1042 1238 quc
1077 1198 1208 1239 supra
1240 1184 1399 1239 scripta
1430 1187 1541 1235 sunt,
1574 1183 1752 1225 firmiter
1784 1183 2077 1225 observandis.

843 1592 974 1659 456.
1028 1588 1654 1660 SENTENTIA

201 1702 618 1773 [UDIOIS
675 1703 1078 1775 CURIAE
1136 1704 1277 1774 DE
1330 1703 1889 1776 DEPOSITIS
1944 1704 2292 1778 PENES

334 1817 805 1890 ABBATES
867 1818 1718 1891 CISTEROIENSES
1770 1819 2161 1892 FACTIS.

1052 1945 1195 1992 1236.
1229 1944 1369 1992 Febr.
1392 1946 1438 1992 8.

284 2090 414 2130 Edita
437 2092 495 2131 cst
517 2104 567 2130 ea:
589 2090 845 2143 autom-amo
866 2091 1072 2132 tabularii
1089 2090 1439 2143 &uttam-diensis
1459 2091 1506 2131 in
1528 2091 1634 2132 libro
1651 2091 2070 2143 ‘Wc‘rtemberyisches
2094 2091 2340 2134 Urkunden-

152 2158 262 2199 huele'
297 2159 384 2207 ΙΙΙ,
407 2162 489 2198 374
528 2173 593 2200 nr.
617 2162 713 2209 576¹,
752 2160 823 2199 ubi
859 2161 983 2201 etitem
1022 2160 1333 2212 descriptionem
1375 2160 1508 2212 siqua·
1545 2161 1742 2202 invenies.
1786 2185 1839 2189 —
1876 2160 2069 2210 Bo'hmer,
2109 2160 2209 2213 Rey.
2242 2160 2338 2212 imp.

163 2225 204 2266 1'.
228 2228 353 2269 2137.
1961 2227 2033 2281 (Ρ.
2056 2227 2199 2276 deest.)

294 2330 497 2372 Albertus
539 2331 590 2372 de
632 2331 895 2372 Rosscwach
935 2331 1171 2385 imperialis
1212 2331 1329 2372 curie
1370 2331 1630 2372 iusticiarius
1671 2330 1883 2371 universis
1928 2331 2098 2386 imperii
2137 2330 2338 2372 fidelibus

154 2407 398 2453 presentem
433 2401 621 2441 litteram
645 2401 798 2441 visuris
832 2401 1016 2441 salutem
1047 2400 1378 2455 imperpetuum.
1471 2399 1760 2454 Comparente
1785 2413 1927 2440 coram
1956 2399 2080 2440 nobis
2103 2400 2342 2440 venerabili

153 2466 319 2508 domino
355 2468 511 2510 Sifrido
545 2470 702 2510 abbate
735 2469 788 2510 de
822 2469 1133 2521 Mulenbrunn,
1166 2469 1457 2510 assidentibus
1492 2470 1621 2510 etiam
1652 2468 1772 2508 nobis
1806 2469 2090 2523 principibus,
2122 2467 2338 2510 nobilibus

155 2542 196 2575 et
229 2537 324 2576 aliis
358 2538 457 2578 viris
491 2539 791 2593 synodalibus,
835 2539 1018 2580 obtinuit
1061 2539 1173 2579 idem
1208 2539 1341 2579 abbas
1383 2552 1460 2594 per
1489 2538 1737 2592 generalem
1771 2537 2050 2588 sententiam,
2090 2537 2201 2592 quod
2234 2551 2338 2592 que-

153 2618 333 2660 cumque
367 2620 546 2660 persona
582 2608 890 2649 eonmendaret
921 2609 989 2649 vel
1023 2608 1261 2663 deponeret
1294 2608 1521 2663 quicquam
1555 2607 1607 2648 de
1640 2606 1768 2647 rebus
1802 2606 1910 2656 suis,
1943 2606 2034 2647 sive
2067 2620 2218 2646 aurum
2250 2606 2340 2647 sive

153 2680 376 2727 argentum
413 2677 477 2716 vel
521 2677 726 2731 quidlibet
766 2678 900 2724 aliud,
948 2692 1081 2732 penes
1120 2677 1300 2718 abbates
1336 2676 1648 2731 Cysterciensis
1688 2675 1849 2716 ordinis
1883 2674 1949 2715 vel
1982 2675 2199 2729 quoslibet
2231 2676 2339 2715 alios

154 2744 394 2784 zonobitas.
439 2745 541 2785 nulli
587 2745 768 2787 deberet
806 2746 896 2787 dari
941 2750 1014 2786 aut
1052 2745 1171 2786 reddi
1214 2759 1281 2785 res
1323 2744 1625 2795 conmendata,
1670 2745 1750 2784 nisi
1785 2743 1923 2784 eidem
1957 2744 2027 2798 qui.
2068 2744 2203 2798 ipsam
2236 2757 2337 2784 con-

154 2813 370 2853 mendavit
404 2815 470 2854 vel
505 2815 571 2855 eui
605 2816 910 2856 conmendator
942 2815 1039 2855 viva
1071 2828 1175 2855 voce
1209 2814 1299 2855 dari
1333 2814 1499 2855 fecerit.
1560 2812 1686 2854 Unde
1720 2826 1773 2853 ne
1806 2813 1859 2852 de
1894 2813 2111 2853 sententia
2142 2812 2338 2868 predicta

153 2880 368 2922 dubitetur
400 2883 440 2922 in
475 2888 709 2938 posterum,
743 2884 880 2938 ipsam
911 2884 1093 2925 fecimus
1125 2883 1265 2938 sigillo
1300 2883 1534 2938 imperialis
1568 2882 1713 2922 iudicii
1746 2887 1789 2922 et
1812 2881 2128 2936 subscriptione
2160 2882 2335 2922 testium

153 2950 422 3004 perhennari.

295 3019 446 3061 Testes
489 3027 585 3061 sunt
627 3022 703 3061 hii:
748 3021 794 3062 C.
829 3022 962 3062 abbas
1003 3021 1055 3062 de
1099 3021 1254 3062 Sancto
1295 3019 1444 3071 Gallo,
1491 3020 1708 3060 Silvestris
1755 3033 1920 3069 comes,
1966 3017 2249 3073 Marquardus
2283 3017 2336 3058 de

157 3086 311 3128 Wilre.
346 3088 570 3130 Cunradus
603 3091 655 3131 dc
689 3091 963 3139 Branbureh,
1007 3090 1229 3131 Conradus
1263 3089 1314 3130 de
1346 3089 1664 3139 Lomersheim,
1700 3088 1981 3129 Gothefridus
2015 3087 2067 3128 de
2099 3086 2337 3137 Kaltindal,

155 3156 427 3197 immamus
459 3159 511 3199 de
546 3159 717 3211 Arbun,
758 3159 989 3200 Heinrieus
1022 3159 1075 3199 de
1107 3159 1304 3210 Niefere,
1337 3157 1618 3213 Marquardus
1652 3162 1694 3198 et
1727 3158 1858 3198 frater
1891 3158 1982 3197 eius
2016 3156 2246 3210 Ruggerus
2281 3155 2332 3196 de

155 3224 428 3266 Bernhusen.
474 3227 658 3268 Ernesto
691 3228 742 3268 de
776 3228 1053 3278 Bernhusen,
1093 3227 1304 3268 Gerlaeus
1337 3226 1388 3267 de
1420 3226 1613 3281 Illingin‚
1646 3225 1947 3280 Engelhardus
1978 3225 2031 3266 de
2065 3225 2332 3279 Hagenowe‚

155 3292 426 3334 Hermannus
460 3297 721 3336 camerarius
756 3302 798 3337 ct
829 3297 898 3337 alii
932 3311 1058 3351 quam
1092 3297 1249 3351 plures.

295 3363 451 3404 Datum
485 3365 595 3419 apud
619 3365 882 3420 Hagenowe,
916 3379 1027 3420 anno
1059 3365 1197 3418 gratie
1229 3363 1562 3414 MOOXXXVI,
1596 3362 1670 3403 VI.
1696 3362 1798 3402 Idus
1823 3362 2058 3414 Februarii,
2091 3362 2324 3403 indictione

155 3430 299 3470 VIIII.
335 3433 569 3486 imperante
607 3434 788 3475 feliciter
821 3435 1076 3489 imperatore
1110 3433 1349 3475 Friderico.

288 3545 372 3579 455.
405 3546 434 3587 s)
461 3559 565 3588 snpra
592 3549 650 3580 lin.
677 3549 757 3580 (11111.
783 3561 830 3580 or.
938 3552 970 3588 g)
997 3549 1064 3581 (lux
1090 3561 1112 3580 a
1136 3549 1286 3581 secunda
1310 3559 1415 3580 manu
1439 3548 1521 3581 add.
1546 3559 1652 3590 supra
1678 3548 1736 3579 lin.
1758 3558 1805 3578 or.
1920 3545 1953 3587 h)
1977 3547 2111 3588 ‘reliqua
2135 3558 2158 3578 a
2183 3546 2334 3578 secunda

152 3604 253 3634 manu
280 3604 399 3635 addita
425 3611 501 3635 snut
526 3617 575 3636 or.

2541 686 2558 753 ἑ

2378 922 2410 946 10
2533 896 2558 928 ῳ

2536 967 2553 994 'c

2536 1014 2549 1029 Ψ

2535 1034 2554 1118 ξι

2533 1253 2551 1292 2¹.

2532 1342 2547 1411 ξ

2535 1421 2558 1456 ,ΞΓ

2531 1456 2558 1495 3..

2531 1509 2546 1539 21
2557 1527 2558 1530 ,

2530 1541 2555 1613 ’ἴῗ

2381 1615 2412 1640 15
2530 1613 2539 1646 ‘a
2554 1633 2555 1661 3

2530 1675 2541 1708 (
2553 1688 2555 1707 ῑ

2529 1767 2534 1774 Δ
2550 1748 2553 1766 i

2377 2174 2411 2199 20

2376 2552 2408 2577 25

2374 2895 2407 2920 30

2507 3014 2525 3049 ἰ

2510 3071 2521 3092 u

2371 3242 2403 3267 35

2507 3367 2523 3404 ..Ι

2506 3413 2515 3437 Ι

2500 3467 2512 3495 ς

2372 3616 2409 3641 410
