2558 3970
124 927 154 951 10

121 1270 152 1294 15

117 1621 150 1646 20

115 1966 146 1991 25

114 2310 148 2335 30

113 2661 146 2686 35

113 3004 147 3029 40

113 3399 146 3423 45

797 172 1080 207 l'ETl'l'lONES
1110 173 1314 207 noxum!
1349 174 1405 206 ΙΙΙ.
1463 176 1557 208 12:25.
1610 175 1670 208 Nr.
1694 175 1797 208 10121.
2313 178 2394 215 (343

194 287 354 342 pendet
387 288 428 328 in
462 301 565 328 usus
597 287 770 328 eosdem
805 288 871 328 vel
905 288 1011 328 alios
1048 288 1117 329 ubi
1152 289 1241 328 eise
1276 289 1411 343 magis
1447 288 1621 329 videant
1657 289 1876 345 expedire.
1943 288 2091 336 Quods
2122 290 2154 329 si
2179 303 2281 329 casu
2315 289 2393 328 uli-

193 369 276 410 quo
309 356 613 411 imperatorem
646 357 784 412 ipsum
818 355 1025 397 acciderit
1058 362 1158 398 tunc
1192 358 1362 408 abesse,
1396 363 1635 398 memorata
1669 359 1850 413 pecunia
1876 359 1915 400 in
1950 358 2238 414 predictorum
2264 358 2391 411 regis

194 425 438 479 patriarche
480 439 529 466 ac
572 426 763 480 magistri
806 424 954 466 domus
989 425 1329 467 Alamannorum
1374 427 1569 468 manibus
1611 426 1873 482 deponetur.
1918 441 1995 482 per
2034 428 2149 482 ipsos
2187 428 2224 467 in
2259 427 2393 467 Terre

195 492 354 535 Sancte
389 494 612 534 servitium
646 493 946 550 expendenda.

338 564 374 603 3.
409 562 665 617 Passagium
699 563 819 604 dabit
853 564 942 617 ipsc
977 564 1225 618 imperator,
1260 565 1293 604 si
1331 565 1554 605 venerintg
1589 566 1628 605 in
1666 566 1799 620 primo
1836 566 2034 620 passagio
2059 565 2126 605 vel
2162 565 2201 604 in
2227 564 2394 604 duobus

191 631 474 686 sequentibus
507 632 731 686 passagiis,
766 632 934 673 duobus
968 631 1144 672 milibus
1179 632 1359 673 militum
1394 638 1436 673 et
1460 634 1630 674 famulis
1655 634 1903 675 eorumdem
1930 640 1972 675 et
1996 648 2072 689 pro
2097 634 2232 674 milite
2256 633 2394 673 tribus

191 700 326 756 equis.

335 772 372 811 4.
405 768 548 811 Ducet
581 783 726 810 secum
761 769 793 809 C
829 769 1115 810 chelandras¹¹
1149 775 1190 810 et
1223 771 1387 811 tenebit
1423 771 1493 812 ibi.
1528 772 1560 811 si
1597 786 1774 812 necesse
1811 773 1960 815 fuerit.
1996 787 2071 827 pei·
2105 771 2324 812 biennium
2361 770 2393 810 L

190 838 339 893 galeas
384 837 493 879 bonu
534 838 618 879 fide
657 843 857 879 armatas.
927 838 1049 885 Quod
1097 839 1129 878 si
1176 839 1318 894 aliquo
1360 844 1555 894 tempore
1601 840 1760 881 biennii
1808 856 1888 881 non
1930 846 2047 882 esset
2081 855 2259 881 necesse
2295 840 2392 880 illas

190 907 327 949 teneri
362 907 427 948 vel
473 908 506 947 si
550 907 727 948 forsitan
770 921 850 948 non
893 913 1070 962 possent
1114 907 1300 948 inveniri
1344 909 1576 949 necessarii
1623 916 1858 964 apparatus
1893 909 2163 958 earumdem,
2207 909 2391 949 extima-

189 976 348 1018 buntur
380 975 566 1017 fideliter
598 982 793 1031 sumptus
817 978 886 1032 qui
922 977 961 1017 iu
997 976 1059 1017 eis
1095 976 1292 1018 tenendis
1319 978 1554 1018 necessarii
1582 978 1859 1027 haberentur,
1895 979 1927 1018 si
1953 983 2206 1020 tenerentur
2230 983 2392 1018 armate

189 1058 239 1086 eo
271 1044 397 1086 modo
430 1059 513 1100 quo
536 1045 790 1086 debuissent
823 1047 993 1094 armari,
1028 1050 1070 1087 et
1103 1045 1371 1087 tantumdem
1410 1047 1447 1086 in
1483 1047 1667 1102 pecunia
1692 1052 1916 1088 numerata
1948 1048 2165 1103 persolvet
2192 1048 2230 1087 iu
2257 1047 2392 1102 ipsius

188 1113 320 1156 Terre
361 1114 520 1155 Sancte
564 1113 802 1155 subsidium
847 1114 1149 1169 expendenda.
1222 1114 1285 1155 Eo
1330 1115 1453 1156 modo
1497 1129 1579 1170 quo
1623 1117 1821 1171 superius
1863 1116 1915 1158 (le
1951 1117 1984 1157 L
2017 1117 2170 1158 marcis
2205 1117 2388 1157 militum

190 1187 256 1224 est
288 1196 556 1238 expressum.

334 1255 371 1293 5.
403 1251 611 1294 Preterea
642 1252 831 1309 deponet
862 1254 905 1296 in
937 1253 1136 1294 manibus
1160 1253 1450 1308 predictorum
1474 1255 1589 1309 regis
1614 1260 1655 1296 et
1681 1255 1925 1310 patriarche
1951 1269 1999 1296 ac
2024 1254 2217 1309 magistri
2241 1253 2391 1295 domus

188 1321 528 1363 Alamannorum
563 1326 735 1363 centum
769 1322 886 1363 milia
918 1323 1141 1364 unciarum
1176 1323 1269 1364 auri
1299 1323 1366 1364 vel
1400 1323 1755 1378 equivalentiami
1790 1324 1829 1364 in
1865 1328 2044 1379 argento
2080 1323 2162 1364 hiis
2196 1323 2392 1363 terminis

186 1390 490 1446 persolvenda:
537 1391 578 1431 in
621 1391 797 1432 instanti
843 1392 1042 1446 passagio
1084 1392 1273 1447 Augusti
1306 1391 1391 1432 XX
1435 1393 1571 1434 milia.
1617 1394 1816 1448 sequenti
1858 1392 2089 1448 passagiok
2133 1392 2275 1433 Martii
2308 1390 2390 1432 XX

186 1460 323 1511 milia,
359 1458 577 1515 [sequenti
610 1460 815 1516 passagio
851 1460 1158 1516 subsequentis
1191 1461 1380 1516 Augusti
1418 1461 1503 1502 XX
1536 1460 1741 1517 111iliaj¹·¹,
1776 1463 1941 1518 reliqua
1975 1476 2074 1503 vero
2108 1460 2394 1517 quadraginta

185 1529 303 1571 milia
334 1529 376 1570 in
408 1529 578 1571 duobus
611 1529 788 1585 reliquis
822 1531 1035 1585 passagiis
1059 1529 1205 1571 Martii
1239 1536 1282 1572 et
1306 1531 1496 1586 Augusti
1530 1532 1629 1572 anni
1661 1531 1860 1579 secundi;
1895 1533 1955 1573 ita
1979 1531 2130 1587 quodm
2154 1535 2392 1572 memorate

187 1601 333 1654 partes
365 1599 546 1654 pecunie
590 1599 812 1654 persolute
853 1613 930 1655 per
962 1599 1168 1640 terminos
1202 1599 1445 1641 antedictos
1479 1600 1589 1640 ultra
1624 1614 1741 1642 marc
1776 1600 1817 1641 in
1851 1601 2033 1655 singulis
2066 1599 2282 1655 passagiis
2316 1599 2391 1640 dc-

184 1671 423 1723 portentur.
488 1666 533 1708 Si
565 1681 665 1709 vero
706 1668 799 1724 ipse
842 1668 1076 1723 imperator
1119 1669 1160 1709 in
1201 1668 1346 1723 aliquo
1389 1669 1571 1710 termino
1615 1670 1712 1724 plus
1747 1670 1938 1711 solveret
1972 1683 2099 1725 quam
2135 1674 2291 1724 supra¹¹
2327 1672 2393 1709 est

184 1750 454 1792 expressum,
486 1740 653 1778 tantum
684 1737 826 1778 minus
860 1737 1028 1778 solvere
1064 1737 1283 1778 tenebitur
1315 1738 1518 1793 passagio
1553 1737 1850 1793 subsequenti.

327 1807 366 1848 6.
405 1805 587 1853 Quando
633 1811 778 1847 autem
818 1807 861 1847 in
904 1807 1028 1862 primi
1077 1806 1161 1848 fine
1201 1806 1366 1848 biennii
1408 1806 1460 1848 ad
1503 1808 1751 1862 passagium
1798 1808 2065 1862 assignatum
2107 1805 2389 1847 transfretare

184 1876 416 1930 continget,
452 1874 686 1917 reddentur
718 1874 750 1916 O
785 1876 904 1916 milia
937 1876 1160 1918 unciarum
1195 1876 1287 1917 auri
1321 1875 1374 1917 ad
1408 1875 1743 1932 expendendum
1778 1879 1819 1918 in
1853 1876 2031 1918 servitio
2062 1875 2143 1916 Dei
2178 1880 2221 1916 et
2254 1874 2389 1916 Terre

187 1946 357 1988 Sancte.
421 1945 479 1987 Et
511 1946 545 1986 si
579 1958 691 1997 eum,
725 1945 839 2001 quod
863 1945 984 1987 Deus
1017 1950 1200 1997 avertat,
1234 1947 1407 1988 interim
1431 1947 1498 1988 vel
1531 1947 1646 1988 ultra
1678 1960 1796 1988 mare
1820 1951 1920 1988 ante
1950 1945 2201 2001 passagium
2224 1957 2389 1984 memo-

182 2020 322 2056 ratum
361 2015 481 2057 obire
522 2015 780 2069 contingerit
819 2016 889 2057 vel
929 2016 1039 2056 alia⁰
1071 2029 1344 2071 quacumque
1387 2015 1440 2058 de
1480 2030 1611 2058 causa
1651 2016 1860 2058 forsitam>
1902 2030 1986 2057 non
2029 2014 2269 2063 transierit,
2314 2027 2388 2053 rex

182 2084 578 2134 Ierosolimitanus,
620 2084 867 2139 patriarcha
905 2090 950 2126 et
991 2086 1199 2140 magister
1239 2085 1391 2127 domus
1433 2085 1774 2127 Alamannorum
1811 2084 1994 2140 predicti
2037 2084 2090 2125 ad
2130 2083 2305 2124 laudum
2351 2087 2393 2122 et

182 2153 408 2195 consilium
437 2154 744 2208 magistrorum
777 2152 929 2195 domus
962 2153 1202 2210 Hospitalis
1236 2159 1279 2196 et
1311 2154 1480 2210 Templi
1513 2158 1556 2196 et
1588 2155 1768 2196 aliorum
1809 2154 2044 2210 proborum
2078 2152 2299 2194 hominum
2334 2149 2387 2191 dc

179 2226 297 2264 terra
336 2221 584 2277 expendent
620 2222 759 2278 ipsam
798 2223 1028 2278 pecuniam
1066 2223 1180 2265 bona
1222 2223 1327 2275 fide,
1371 2225 1483 2265 sieut
1524 2224 1675 2266 melius
1710 2225 1850 2265 visum
1891 2223 2020 2264 fuerit
2060 2220 2294 2277 expedire,
2337 2219 2390 2259 ad

184 2292 415 2334 utilitatem
448 2291 583 2334 Terre
617 2291 778 2334 Sancte
811 2297 854 2334 et
887 2293 1110 2335 servitium
1144 2297 1187 2335 et
1218 2308 1294 2349 pro
1327 2293 1465 2335 salute
1499 2293 1634 2349 ipsius
1675 2293 1946 2348 imperatoris
1979 2298 2021 2335 et
2055 2296 2384 2333 antecessorum

183 2375 373 2404 suorum.

328 2432 365 2473 7.
408 2429 452 2471 Si
485 2444 605 2481 vero,
646 2430 761 2486 quod
800 2430 932 2483 absit,
979 2431 1092 2473 infra
1129 2432 1418 2487 prescriptum
1459 2433 1693 2474 terminum
1726 2432 1933 2487 passagio
1967 2431 2233 2485 assignatum
2269 2428 2386 2483 quie-

181 2507 337 2555 quam‘l
374 2499 623 2541 humanitus
665 2499 717 2541 de
758 2500 1020 2556 imperatore
1063 2501 1155 2556 ipso
1198 2500 1404 2543 acciderit
1436 2502 1506 2543 vel
1552 2502 1595 2542 in
1635 2501 1779 2557 aliquo
1824 2501 1934 2542 forte
1978 2499 2187 2541 defecerit
2219 2497 2271 2538 de
2307 2497 2389 2538 hiis

183 2583 267 2624 que
299 2569 497 2625 superius
531 2573 630 2610 sunt
662 2582 873 2624 expressa
906 2574 949 2611 et
981 2571 1210 2626 promissa,
1244 2578 1450 2625 regnumr
1483 2569 1628 2612 Sicilie
1662 2569 1905 2611 remanebit
1937 2568 1990 2610 ad
2024 2583 2077 2610 ea
2109 2569 2253 2610 omnia
2278 2567 2387 2608 obli-

183 2642 345 2693 gatum,
377 2639 436 2679 ita
468 2643 514 2680 ut
546 2638 806 2694 quicumque
840 2639 945 2680 illud
978 2639 1170 2691 habebit,
1204 2653 1255 2680 ea
1286 2639 1506 2681 tenebitur
1537 2640 1708 2694 integre
1743 2638 1993 2694 adimplere.

326 2708 366 2750 8.
405 2708 648 2763 Imperator
687 2708 780 2763 ipse
818 2709 1110 2763 personaliter
1150 2709 1331 2761 iurabit,
1373 2709 1487 2764 quod
1527 2708 1727 2750 transibit
1769 2709 1883 2749 ultra
1922 2721 2040 2749 mare
2075 2707 2115 2748 in
2150 2705 2389 2748 subsidium

181 2776 317 2819 Terre
342 2776 502 2819 Sancte
534 2778 577 2818 in
601 2777 804 2833 passagio
830 2778 1139 2834 suprascripto,
1173 2783 1216 2820 et
1237 2792 1349 2820 unus
1373 2779 1576 2834 princeps
1602 2777 1761 2819 iurabit
1784 2777 1826 2818 in
1851 2777 1995 2818 anima
2018 2776 2166 2831 ipsius,
2202 2776 2388 2831 impera-

181 2850 317 2888 torem
350 2846 492 2902 ipsum
523 2846 704 2888 firmiter
734 2851 778 2888 et
809 2846 997 2888 fideliter
1029 2851 1302 2889 servaturum
1335 2848 1498 2899 omnia,
1533 2848 1643 2888 sicut
1677 2846 1876 2902 superius
1911 2850 2011 2887 sunt
2044 2858 2268 2900 expressa.
2322 2843 2391 2885 Ex

181 2929 294 2957 nunc
333 2919 479 2957 autem
526 2915 689 2957 feretur
733 2916 1149 2958 excomunicationis
1191 2917 1428 2969 sententia,
1477 2916 1519 2957 in
1559 2930 1687 2971 quam
1727 2915 1820 2971 ipse
1863 2913 2024 2956 incidet
2063 2914 2308 2969 imperator,
2354 2914 2388 2953 si

182 2997 268 3026 non
299 2984 647 3026 transfretaverit
679 2985 820 3026 subito
842 2985 912 3027 vel
945 2999 1029 3026 non
1062 2985 1237 3028 duxerit
1259 3000 1405 3028 secum
1438 2986 1555 3027 mille
1578 2985 1735 3026 milites
1760 2984 1829 3025 vel
1852 2997 1936 3025 non
1961 2983 2126 3025 miserit
2149 2981 2390 3039 predictam

181 3054 422 3110 pecuniam,
455 3053 564 3095 sicut
596 3054 796 3110 superius
830 3058 898 3100 est
931 3068 1200 3110 expressum.

327 3125 367 3165 9.
409 3122 456 3164 Si
494 3126 640 3165 autem
679 3122 890 3165 defecerit
930 3124 974 3165 in
1014 3124 1229 3180 aliquibus
1270 3125 1340 3166 vel
1379 3124 1422 3165 in
1465 3124 1607 3179 aliquo
1649 3127 1913 3174 ceterorum,
1967 3122 2153 3164 ecclesia
2192 3121 2390 3163 Romana

184 3192 468 3234 sententiabit
499 3192 543 3233 in
582 3192 720 3247 ipsum
753 3197 797 3234 et
828 3193 872 3234 in
902 3197 1063 3235 terram
1096 3207 1218 3235 suam
1251 3193 1304 3236 de
1347 3197 1588 3249 spontanea
1619 3192 1842 3233 voluntate
1876 3196 1918 3232 et
1950 3192 2035 3233 iam
2068 3190 2249 3247 prestito
2284 3203 2390 3231 con-

183 3275 315 3303 sensu
355 3261 631 3317 imperatoris
674 3260 885 3303 eiusdem.
958 3261 1082 3309 Quod
1124 3263 1158 3303 si
1201 3263 1345 3318 aliquo
1388 3262 1571 3305 termino
1615 3262 1658 3302 in
1700 3261 1882 3317 pecunie
1920 3261 2135 3302 solutione
2168 3259 2391 3310 defecerit,

322 3385 392 3422 101
402 3396 439 3422 a.
471 3387 502 3430 e)
527 3399 584 3422 eos
608 3389 658 3422 ed.
801 3386 832 3431 f)
859 3389 926 3430 Qui
950 3389 1003 3423 ed.
1144 3390 1177 3431 8)
1201 3390 1333 3423 venerit
1356 3389 1409 3422 ed.
1550 3387 1584 3430 ι1)
1610 3388 1811 3421 chelandros
1836 3388 1888 3422 ed.
2031 3386 2055 3430 i)
2081 3388 2313 3431 equalentiam
2339 3387 2390 3420 ed.

181 3443 216 3489 k)
240 3447 423 3490 passaggio
448 3447 500 3480 ed.
627 3445 653 3490 1)
680 3447 800 3480 desum
824 3448 888 3489 ed„
911 3449 1064 3490 supplevi
1089 3459 1105 3481 e
1129 3460 1184 3481 nr.
1200 3450 1274 3481 102.
1414 3447 1457 3490 ¹¹¹)
1482 3448 1604 3489 Itaque
1629 3446 1681 3480 ed.
1809 3446 1842 3488 ¹²)
1867 3457 1968 3489 super
1993 3445 2044 3480 ecl.
2165 3444 2198 3488 0)
2224 3445 2312 3479 alias
2338 3443 2390 3478 ed.

182 3502 215 3546 Ρ)
239 3504 394 3538 forsitam
417 3504 470 3538 ed.
590 3503 621 3547 q)
647 3505 810 3549 quicquid
835 3506 886 3539 ecl.
1004 3505 1034 3548 r)
1059 3503 1270 3550 regimen[is]
1298 3506 1350 3540 ed.

320 3619 355 3662 1)
382 3617 647 3654 Adowtandum
676 3622 742 3662 est,
777 3622 809 3654 et
841 3619 882 3653 in
914 3619 1042 3663 scripto
1074 3621 1192 3653 nostro
1225 3622 1254 3653 et
1287 3619 1328 3653 in
1354 3617 1588 3663 promissione
1612 3616 1836 3660 imperatoris
1862 3627 1916 3650 nr.
1941 3621 2021 3660 102,
2053 3616 2243 3652 terminum
2276 3626 2391 3649 unum

180 3674 348 3710 omissum
372 3686 449 3720 esse,
476 3679 513 3711 at
537 3677 577 3710 in
600 3680 753 3721 utroque
779 3675 966 3711 diversmn.

2044 3749 2116 3785 81*
