2558 3970
44 1226 69 1249 ··.'.
106 1230 143 1252 ll.

188 148 261 188 133
714 142 951 177 FRIDERICI
979 141 1021 175 II.
1048 140 1473 175 CONSTITUTIONES.
1525 140 1622 174 1226.
1672 139 1828 174 N1·.107.

183 259 408 301 Mat-carie*
450 260 626 298 formam
660 257 886 311 quamdam
929 256 1048 310 pacis
1091 256 1347 296 invenerunt
1379 260 1420 296 et
1454 255 1505 295 de
1539 255 1751 294 communi
1794 268 1974 295 assensu
2007 255 2226 295 civitatum
2261 269 2362 295 con-

182 329 415 368 iuratarum
451 326 689 380 approbata
722 324 970 370 existerctk,
1012 324 1231 365 redactam
1265 324 1307 364 in
1351 324 1520 378 scriptis
1560 337 1637 377 per
1669 323 1961 364 venerabilem
1993 322 2361 364 Mediolanensem

182 396 566 449 archiepiscopum.
591 393 899 434 Mantuanuufl.
934 392 1219 433 Brisciensem
1243 393 1481 447 episcopos,
1515 391 1734 432 dominum
1759 391 2002 432 Alatrinum
2026 390 2187 432 domini
2214 397 2363 447 papem

182 464 502 517 subdyaconum
536 468 578 503 et
610 462 879 516 capellanum
914 466 955 501 et
987 461 1162 501 fratrem
1187 460 1368 501 Gualam
1402 460 1454 502 de
1487 459 1636 500 ordine
1660 459 1984 500 Predicatorum
2018 459 2171 500 nostris
2202 460 2362 500 nuntiis

183 532 438 586 optulerunt.
502 530 596 576 Que
630 544 723 570 cum
758 529 881 570 nobis
916 534 1214 583 representata
1245 529 1444 580 fuissent,
1477 542 1552 569 nos
1585 527 1638 568 ad
1671 527 2029 582 supplicationem
2052 531 2094 568 et
2115 527 2363 568 instantiam

182 601 466 654 prelatorum.
500 599 602 640 licet
634 599 843 639 instarent
874 598 1089 652 principes
1123 611 1178 638 ex
1210 597 1412 647 adverso,
1447 596 1560 651 quod
1593 610 1678 637 non
1710 595 1889 637 deberet
1921 596 2054 651 recipi
2085 596 2183 636 talis
2215 595 2365 647 forma,

183 668 378 722 petitioni
411 676 552 707 tamen
587 675 628 707 et
668 668 802 707 forme
837 666 981 706 oblate
1016 666 1134 720 pacis
1168 665 1277 706 adeo
1322 665 1542 706 humiliter
1574 665 1887 719 acquievimus,
1929 668 1975 704 ut
2015 663 2209 705 mirabile
2243 664 2368 705 fieret

182 737 406 777 universis.
441 735 551 789 quod
586 735 702 775 illum
736 748 861 789 quem
895 734 1129 789 imperialis
1163 734 1371 774 celsitudo
1404 734 1657 788 deposceret
1691 733 1733 773 in
1766 732 1889 773 nobis
1923 732 2110 773 animum
2140 747 2225 773 non
2247 732 2366 773 vide-

183 816 289 845 rent.
399 803 464 857 (ᾧ)
499 804 571 844 Set
605 818 699 844 cum
734 803 845 843 diem
880 804 941 844 cis
975 803 1276 857 prefixcrimus
1307 802 1479 857 adque¹¹
1512 803 1651 843 locum
1682 802 1723 841 in
1747 801 1901 856 quibus
1925 807 2203 856 comparere⁰
2236 800 2366 842 debe-

183 879 290 914 rent.
313 887 461 927 pacem
487 886 611 926 quam
639 873 751 927 apud
776 872 1063 913 Marem-iamv
1087 873 1334 926 optulerant
1356 872 1587 926 impleturi,
1612 872 1770 911 nuntiis
1794 871 1949 911 nostris
1973 870 2025 911 ad
2049 884 2123 912 eos
2147 869 2365 911 ducendos

182 942 403 982 euntibus.
438 942 547 981 sicut
580 942 725 982 venire
759 955 832 996 pro
864 942 1000 995 pactis
1034 939 1351 995 adhimplendis
1384 939 1640 987 debuerant,
1674 953 1758 980 non
1795 943 2019 990 venerunt,
2053 943 2119 979 set
2150 939 2367 980 variantes

182 1010 443 1064 propositum
478 1014 519 1050 et
553 1010 769 1053 affectum.
803 1010 944 1063 potius
976 1009 1155 1050 illudere
1191 1023 1317 1063 quam
1341 1009 1451 1049 velle
1485 1008 1734 1049 satisfacere
1758 1007 2030 1056 videbantur,
2065 1008 2176 1048 sicut
2201 1008 2369 1062 singula

184 1078 259 1118 sub
300 1079 449 1131 sigillis
493 1086 534 1118 ct
573 1078 843 1118 testimonioq
877 1078 1137 1132 prelatorum
1171 1078 1241 1131 qui
1276 1077 1565 1118 interfuerunt
1607 1077 1796 1132 plenarie
1829 1076 2084 1117 continetur.
2205 1076 2269 1130 (6)
2302 1075 2368 1117 Ne

185 1148 312 1197 igitur
345 1146 574 1187 Lonibardi
609 1147 915 1186 coniurationis
948 1146 1141 1187 ciusdem
1176 1160 1305 1200 super
1336 1149 1458 1186 tanta
1491 1145 1657 1200 possint
1689 1145 1919 1186 insolentia
1951 1149 1994 1185 et
2025 1145 2157 1186 illatis
2180 1144 2301 1185 nobis
2327 1148 2371 1185 et

184 1216 383 1270 imperior
427 1215 588 1255 iniuriis
630 1215 859 1256 insultare.
907 1215 974 1255 dic
1020 1215 1187 1255 sabbati
1235 1214 1450 1268 presentis
1491 1214 1591 1254 Iulii
1623 1213 1724 1264 XIS,
1766 1213 2008 1254 indictionis
2047 1213 2211 1254 ΧΙΙΠ.’ί
2252 1212 2365 1268 apud

184 1283 372 1336 Burgum
418 1283 555 1323 sancti
598 1282 786 1324 Donnini
835 1285 875 1323 in
921 1284 1068 1323 maiori
1111 1283 1314 1331 ecclesia,
1364 1283 1544 1323 solemni
1586 1287 1628 1323 et
1668 1283 1861 1336 generali
1901 1282 2017 1322 curia
2058 1281 2368 1322 venerabilium

183 1353 618 1407 archiepiscoporum.
653 1353 961 1407 episcoporum.
995 1352 1238 1406 principum
1272 1355 1314 1392 et
1347 1351 1528 1391 aliorum
1552 1354 1794 1391 nostrorum
1819 1364 2041 1405 procerum
2066 1354 2369 1405 congregatau,

184 1420 472 1461 residentibus
507 1420 627 1460 nobis
662 1426 704 1461 et
749 1409 991 1461 existente>v
1029 1419 1287 1461 nobiscumw
1321 1419 1556 1460 venerabili
1589 1418 1933 1460 lerosoliinitano
1965 1420 2230 1474 patriarcha,
2273 1434 2371 1474 pre-

184 1489 405 1529 sentibusx
454 1503 622 1543 quoque
670 1489 883 1529 nobilibus
933 1494 975 1529 et
1018 1488 1301 1543 prudentibus
1343 1489 1445 1528 viris
1488 1492 1529 1528 ct
1571 1487 1781 1528 iudicibus
1815 1488 1930 1529 curie
1973 1493 2118 1529 nostre
2153 1493 2196 1529 et
2223 1488 2371 1543 populi

183 1557 453 1597 multitudine
500 1558 679 1607 infinita,
730 1558 873 1598 littere
921 1558 1083 1598 sanctiy
1125 1558 1258 1612 patris
1304 1557 1457 1597 summi
1504 1557 1714 1611 pontificis
1761 1570 1890 1611 super
1932 1556 2206 1611 delegatione
2258 1556 2369 1598 dicto

184 1625 466 1666 Ildesemensi
508 1627 710 1680 episcopo
750 1631 898 1667 contra
938 1625 1260 1681 perturbatores
1303 1630 1544 1666 nostrorum
1583 1625 1738 1665 iurium
1779 1630 1821 1667 et
1859 1625 2094 1666 honorumz
2133 1626 2216 1666 iam
2256 1640 2372 1667 com-

183 1695 311 1734 missa
354 1694 395 1734 in
440 1695 657 1749 puplicum
699 1698 796 1735 sunt
834 1693 1033 1735 deducte.
1103 1694 1271 1741 Quibus
1311 1694 1608 1748 sollempniter
1649 1694 1853 1746 recitatis,
1897 1695 2097 1750 perlectis
2130 1708 2298 1749 quoque
2330 1698 2372 1735 et

185 1763 393 1817 expositis
427 1763 596 1818 scriptis
629 1763 788 1804 domini
821 1763 1063 1817 patriarche
1098 1768 1141 1804 et
1174 1763 1362 1804 omnium
1396 1767 1495 1803 tunc
1528 1763 1793 1817 presentium
1827 1763 2088 1817 prelatorum
2113 1763 2192 1804 sub
2217 1763 2371 1817 sigillis

185 1840 225 1871 et
267 1832 509 1873 testimonio
553 1831 819 1882 corumdem,
867 1846 944 1886 per
986 1846 1092 1886 quos
1137 1836 1179 1872 et
1217 1831 1356 1872 eidem
1390 1831 1671 1872 Ildesemensi
1705 1832 1931 1886 episcopo,
1971 1831 2082 1886 quod
2117 1832 2372 1873 auctoritate

185 1901 410 1955 apostolici
453 1901 663 1941 mandati³¹
698 1905 845 1955 posset
885 1901 924 1940 in
959 1900 1135 1941 eosdem
1169 1900 1472 1941 coniurationis
1505 1899 1770 1940 Lombardos
1804 1899 2038 1955 procedere
2073 1903 2116 1941 et
2147 1899 2260 1955 quod
2293 1914 2370 1941 nos

185 1971 303 2009 iuxta
337 1969 558 2023 dignitatis
601 1974 742 2010 nostre
786 1969 999 2023 fastigium
1034 1969 1377 2010 animadvertere
1411 1973 1453 2009 et
1496 1969 1638 2010 banna
1670 1969 1889 2024 imponere
1922 1968 2180 2010 deberemus
2213 1969 2375 2024 pariter

186 2046 227 2079 et
278 2052 521 2093 possemus.
575 2037 750 2093 provide
805 2037 1127 2079 consulebantb.
1205 2037 1418 2093 Exposita
1463 2051 1632 2093 quoque
1677 2037 1828 2077 ultima
1873 2037 2013 2078 forma
2059 2038 2198 2092 pacis,
2245 2051 2374 2092 quam

186 2106 458 2161 adimplerec.
505 2107 614 2147 sicut
656 2106 769 2161 apud
803 2106 1088 2147 Marcariamd
1121 2111 1432 2153 convenerant,
1475 2106 1767 2160 denegarunt,
1813 2106 2033 2161 prefatuse
2064 2105 2374 2147 Ildesemensis

187 2176 411 2229 episcopus
436 2176 477 2215 in
501 2176 697 2216 civitates
723 2175 1031 2215 coniurationis
1056 2180 1098 2216 et
1120 2175 1337 2216 societatis
1369 2175 1530 2226 illicite,
1566 2174 1770 2215 videlicet
1792 2174 2119 2227 Mediolanumf,
2152 2175 2375 2227 Brisciam,

188 2243 419 2284 Mantuam.
454 2244 685 2295 Veronam,
719 2245 998 2295 Placentiam,
1023 2243 1259 2294 Vercellas,
1292 2243 1615 2294 Alexandriam,
1648 2242 1856 2294 Laudam,
1880 2242 2133 2305 Tervisium,
2161 2243 2372 2294 Paduam,

188 2311 443 2353 Yicentiam.
474 2313 711 2353 Bononiam
736 2318 779 2354 et
801 2313 1066 2354 Faventiam.
1097 2317 1140 2352 et
1164 2316 1328 2352 ceteras
1351 2311 1548 2352 civitates
1572 2312 1874 2352 coniurationis
1898 2311 2089 2353 eiusdem
2113 2326 2162 2352 ac
2185 2311 2377 2353 fautores

188 2394 332 2419 earum
367 2382 600 2435 apostolica
633 2383 891 2422 autoritateg
924 2395 1045 2421 suum
1090 2384 1155 2421 est
1195 2380 1376 2420 offitium
1420 2385 1648 2432 executus,
1690 2380 2125 2421 excommunicationi
2165 2394 2376 2435 personas

188 2454 229 2488 et
261 2457 396 2489 terras
439 2449 666 2490 interdicto
712 2464 973 2505 supponens
1046 2449 1231 2490 Prelatis
1275 2462 1444 2503 quoque
1491 2449 1711 2489 civitatum
1751 2449 1939 2504 ipsarum
1973 2449 2211 2504 apostolica
2242 2449 2376 2490 fretus

188 2518 442 2558 auctoritate
484 2518 721 2572 prohibuit.
764 2533 816 2559 ne
859 2518 1129 2559 comunicent
1171 2531 1266 2558 cum
1308 2516 1492 2567 eisdem,
1537 2521 1603 2558 set
1647 2517 1810 2558 evitent
1853 2531 1927 2559 eos
1969 2521 2010 2558 et
2051 2517 2205 2558 fatiant
2242 2517 2375 2559 artius

188 2586 336 2625 evitari
371 2592 413 2626 et
445 2586 587 2626 divina
621 2587 699 2628 sibi
734 2587 867 2628 offitia
899 2587 1111 2629 interdici.
1233 2586 1298 2641 (7)
1332 2586 1460 2627 Dicto
1501 2586 1632 2641 igitur
1663 2586 1862 2641 delegato
1897 2600 2021 2627 suum
2055 2586 2236 2626 offitium
2269 2599 2373 2628 exe-

188 2661 366 2707 quente,
409 2669 484 2695 nos
527 2655 671 2709 stipati
714 2655 977 2710 principibus
1020 2656 1176 2696 nostris
1220 2660 1306 2696 tam
1347 2655 1653 2696 ecclesiasticis
1695 2668 1821 2710 quam
1863 2654 2088 2695 mundanis
2120 2653 2172 2695 de
2206 2654 2376 2695 comuni

189 2722 498 2764 deliberatione
532 2739 580 2764 ac
614 2725 831 2765 sententia
864 2724 1112 2765 eorumdem
1153 2724 1394 2779 principum
1428 2728 1670 2764 nostrorum
1704 2728 1747 2764 et
1780 2723 1957 2764 aliorum
1989 2722 2175 2763 Romani
2209 2722 2377 2778 imperii

190 2806 410 2845 procerum
445 2793 485 2832 in
520 2792 671 2832 eadem
706 2793 823 2833 curia
859 2793 1152 2835 residentium.
1187 2792 1372 2833 iudicum
1408 2806 1577 2847 quoque
1611 2792 1726 2833 curie
1751 2796 1894 2832 nostre
1916 2806 1966 2832 ac
1999 2791 2180 2846 plurium
2206 2792 2376 2846 sapien-

189 2868 276 2899 tum
311 2874 365 2900 ex
399 2861 654 2901 auctoritate
688 2866 833 2901 nostra
868 2867 911 2902 ct
943 2862 1109 2916 imperii
1152 2861 1533 2915 pronunciavimus
1567 2865 1609 2901 et
1651 2859 2061 2915 condempnavimus
2095 2873 2242 2901 omnes
2274 2859 2375 2900 civi-

189 2935 300 2967 tates
333 2928 448 2982 ipsas
483 2929 522 2969 in
555 2929 751 2983 personis
785 2934 828 2970 et
860 2929 987 2970 rebus
1021 2934 1063 2970 et
1096 2943 1245 2970 omnes
1279 2929 1426 2969 civesh
1459 2934 1502 2970 et
1536 2929 1799 2970 habitatores
1833 2928 1999 2970 earumi
2031 2927 2301 2969 districtuum
2333 2930 2376 2968 et

191 2997 515 3051 episcopatuum
550 2997 826 3038 earumdemk
860 2998 899 3038 in
932 2998 1075 3038 banno
1111 2998 1279 3052 imperii
1313 2998 1531 3052 posuimus
1564 3001 1606 3038 et
1637 3001 1804 3038 nostros
1839 3001 1881 3038 et
1909 2997 2077 3052 imperii
2110 2996 2311 3037 bannitos
2337 2998 2379 3036 et

192 3064 333 3105 hostes
375 3065 719 3106 denuntiavimus
763 3071 804 3107 et
838 3071 1055 3121 tamquam
1095 3080 1190 3107 reos
1231 3066 1420 3107 criminis
1463 3066 1552 3107 lese
1592 3066 1834 3107 maiestatis
1876 3069 1962 3106 tam
1995 3065 2218 3106 universos
2250 3077 2378 3118 quam

329 3178 411 3212 107.
447 3187 452 3202 ¹
495 3182 684 3213 Marcharie
711 3181 740 3213 3.
883 3179 914 3214 ¹‘›
949 3193 999 3213 ex.
1027 3193 1081 3223 ap.
1108 3181 1138 3213 2.
1281 3179 1304 3222 ¹)
1341 3187 1373 3213 et
1403 3182 1485 3214 add.
1512 3182 1542 3214 3.
1682 3186 1724 3221 ΥΠ)
1758 3186 1790 3213 et
1815 3180 1896 3212 adcl.
1923 3180 1954 3213 2.
2094 3181 2128 3219 ¹¹)
2163 3184 2266 3221 atque
2290 3177 2322 3211 2.
2345 3176 2377 3210 3.

190 3245 220 3269 ’ἰ
249 3237 394 3268 venire
420 3237 450 3268 2.
477 3238 505 3268 25.
649 3244 681 3275 Ρ)
708 3239 932 3270 Marehariam
958 3240 989 3271 2.
1015 3237 1046 3270 3.
1190 3239 1222 3280 (Δ)
1249 3239 1440 3271 testimonia
1468 3238 1501 3277 1;
1538 3238 1767 3270 testimonium
1792 3236 1823 3269 2.
1949 3236 1975 3278 r)
2002 3237 2131 3279 imperii
2158 3236 2193 3276 l;
2229 3237 2378 3269 Romano

191 3294 328 3335 imperio
358 3292 388 3324 ’2.
530 3300 555 3335 )
588 3296 646 3327 XI.
680 3296 843 3337 presentis
878 3297 1002 3328 mensis
1035 3296 1112 3328 Iulii
1139 3295 1176 3335 23
1217 3297 1276 3328 XI.
1311 3296 1435 3328 mensis
1468 3296 1632 3338 presentis
1666 3295 1743 3326 Iulii
1767 3293 1798 3326 3.
1938 3292 1962 3335 t)
1995 3294 2176 3326 indictIone
2209 3293 2319 3326 XIIII.
2344 3290 2376 3325 2.

191 3356 223 3381 ¹¹1
251 3357 410 3391 congr-eta
438 3350 465 3381 1.
607 3354 638 3393 v)
665 3353 843 3384 assistente
868 3351 899 3384 2.
1040 3351 1079 3393 w)
1106 3352 1195 3385 (lec-st
1219 3352 1250 3384 3.
1389 3352 1422 3393 x)
1448 3350 1468 3382 2
1493 3352 1554 3384 sic:
1581 3356 1736 3394 presente
1761 3361 1894 3393 quoquc
1919 3351 2085 3383 nobilium
2111 3351 2259 3383 iudicum
2285 3350 2377 3382 curie

191 3414 301 3439 nostre
329 3414 360 3439 et
387 3408 532 3439 virorum
560 3409 761 3450 prudentum
787 3415 817 3441 ct
844 3411 959 3452 populi
985 3416 1040 3442 etc.
1159 3412 1192 3451 y)
1220 3410 1424 3442 sanctissimi
1449 3408 1482 3441 2.
1507 3409 1539 3441 3.
1646 3410 1674 3449 z)
1700 3409 1778 3441 hon.
1804 3413 1836 3441 et
1860 3409 1924 3440 iur.
1950 3407 1981 3440 2.
2076 3409 2107 3450 a)
2133 3408 2242 3441 mand.
2267 3419 2318 3450 ap.
2345 3406 2377 3439 2.

191 3463 223 3492 h,
251 3464 423 3506 providere
451 3465 688 3497 consultabant
716 3466 746 3498 2.
888 3474 916 3507 Ο)
942 3468 1080 3510 implere
1106 3469 1136 3498 2.
1277 3465 1310 3506 d)
1337 3467 1559 3499 Mai-chariam
1585 3465 1616 3498 2.
1643 3464 1674 3498 3.
1804 3465 1834 3506 e)
1861 3465 2065 3497 venerabilis
2090 3464 2121 3497 2.
2238 3462 2269 3506 f)
2295 3463 2378 3497 ordo

191 3522 358 3553 cit-itanum
385 3522 418 3552 ιίι
445 3524 478 3553 ζ.);
522 3523 763 3563 Mediolanum,
803 3525 987 3563 Mantuam.
1027 3525 1206 3565 Veronam,
1246 3524 1469 3563 Vincentiam,
1508 3523 1669 3563 Paduam,
1708 3523 1900 3561 'I'erusium,
1937 3523 2132 3560 Bononiam,
2166 3521 2377 3561 Favenciam,

191 3579 349 3610 Brixiam.
377 3579 536 3610 Laudam.
566 3579 753 3619 vercellen,
781 3581 1029 3613 Alexandriam.
1170 3584 1201 3620 8)
1227 3586 1354 3612 auctor.
1381 3591 1435 3623 ap.
1461 3580 1492 3611 2.
1634 3577 1667 3621 h)
1694 3579 1785 3611 cives
1810 3584 1842 3610 et
1867 3578 1935 3610 des.
1953 3577 1983 3611 2.
2114 3575 2137 3618 i)
2164 3578 2314 3620 ipsarum
2338 3575 2375 3619 33

192 3644 223 3668 et
250 3636 330 3667 add.
349 3634 377 3666 2.
497 3634 529 3673 k)
559 3647 695 3667 suorum
722 3637 752 3669 ζ’,

2404 884 2436 908 10

2405 1231 2436 1255 15

2406 1571 2440 1596 20

2407 1913 2440 1939 25

2409 2263 2443 2288 30

2411 2604 2506 2635 35„

2411 2945 2445 2971 40

2411 3297 2444 3322 45

2412 3581 2444 3607 50
