2558 3970
205 187 284 225 522
360 182 539 216 [RBANI
568 182 626 214 lv.
654 180 797 214 EPIST.
825 180 887 212 AD
914 177 1201 213 RICHARDFM
1228 177 1336 212 ΗΕΘ.
1363 175 1423 210 DE
1452 176 1668 212 NEGOTIO
1696 177 1891 211 IMPERII.
1936 178 2032 212 1263.
2076 178 2233 212 N1·.405.

208 298 338 351 ipsius
364 296 669 350 prosecueione
700 294 868 348 negocii
891 293 1164 347 diligenciam
1188 292 1508 334 comendamus.
1562 292 1649 347 Ipsi
1673 291 1885 346 namquell
1907 293 1948 332 in
1972 296 2120 333 nostra
2142 295 2185 333 et
2207 292 2385 333 fratrum

208 374 449 405 nostrorum
482 362 705 417 presencia
739 362 957 402 constituti
991 366 1086 416 post
1118 362 1319 416 exposita
1351 361 1467 402 clara
1488 362 1607 415 regie
1632 360 1940 415 magnitudinis
1962 360 2033 402 aci
2064 360 2385 416 progenitorum

209 440 375 472 tuorum
410 431 563 471 merita
585 431 664 472 ius.
698 429 810 484 quod
834 429 875 470 in
899 429 1050 471 codem
1075 430 1253 484 imperio
1277 429 1353 471 tibi
1378 434 1607 484 conpetere
1629 432 1843 480 asserunt,
1876 443 1952 483 pro
1976 429 2135 469 viribus
2157 428 2384 470 fulcientes

204 501 313 540 eirea
358 498 399 539 id
440 498 642 553 quedam.
685 511 766 552 quc
805 498 881 538 tibi
923 502 1182 552 putaverunt
1211 497 1376 549 utiliak,
1410 503 1481 538 tuo
1516 497 1687 538 nomine
1719 497 1955 552 pecierunt.
2018 495 2143 538 Unde
2175 509 2254 536 nos
2288 509 2384 537 cum

203 568 405 623 predictis
450 568 652 609 fratribus
695 567 914 622 proposita
955 580 1097 607 coram
1139 565 1282 607 nobis¹
1314 566 1461 608 debita
1503 566 1823 610 deliberacione
1865 565 2144 607 discussimus
2183 570 2226 607 et
2256 579 2385 620 super

204 640 439 677 memorato
481 636 659 690 negocio
699 635 750 676 de
795 636 983 690 ipsorum
1028 634 1243 675 consilio¹¹¹
1287 634 1340 675 ad
1384 639 1424 675 te
1467 635 1669 675 nuncium
1712 638 1755 675 et
1799 634 1992 675 litteras¹
2032 633 2300 675 decrevimus
2342 633 2384 674 in

203 705 396 760 proximo
428 704 722 748 destinandos,
756 718 833 758 per
856 718 960 758 quos
985 703 1114 758 quid¹¹
1147 707 1294 744 nostra
1319 708 1362 744 et
1385 702 1618 744 eorundem
1641 702 1820 743 fratrum
1843 702 2100 744 deliberacio
2124 702 2238 743 circa
2260 715 2385 757 sepe-

203 774 364 814 fatum⁰
411 774 656 828 negocium,
698 773 831 828 ipsius
871 773 1207 813 circumstanciis
1251 786 1334 827 qua
1366 772 1511 813 decuit
1553 771 1839 813 meditacione
1883 771 2097 826 pensatis,
2140 769 2387 812 faciendum

203 841 452 896 providerit.
498 842 720 883 screnitati
762 846 832 882 tue
874 841 1042 895 plenius
1083 841 1337 882 innotescet.
1413 840 1638 881 Predictos
1681 843 1825 880 autem
1865 840 2088 894 episcopos
2129 839 2183 880 ad
2215 843 2257 880 te
2291 853 2386 880 cum

202 909 513 951 benediccionis
546 914 689 950 nostre
702 916 719 939 Ρ
750 910 896 963 gracia
934 908 1165 950 redeuntes
1198 909 1250 950 dc
1285 923 1421 958 mora,
1466 909 1533 949 cui
1566 922 1739 949 causam
1785 908 1894 949 tanti
1926 908 2093 962 negocii
2126 908 2310 963 qualitas
2343 912 2387 949 et

203 979 496 1033 occupacionis
529 983 673 1019 nostre
707 979 944 1021 necessitas
978 978 1303 1033 prestiteruntq,
1337 978 1498 1019 habere
1532 977 1663 1018 debet
1695 991 1777 1017 non
1811 977 2012 1018 inmerito
2039 977 2196 1031 regalis
2219 976 2384 1031 magni-

205 1047 381 1087 ficencia
414 1052 659 1088 excusatos.

349 1115 464 1155 Dat.r
496 1115 608 1170 apud
642 1115 1012 1166 Urbemvcterem,
1048 1113 1102 1156 X.
1134 1113 1229 1155 Kal.
1265 1114 1389 1168 Aug„
1423 1114 1696 1168 pontificatus
1731 1115 1863 1155 nostri
1896 1128 2007 1155 anno
2040 1114 2241 1155 secundo.

628 1568 758 1635 405.
812 1565 1232 1636 URBANI
1277 1566 1398 1636 IV.
1451 1565 1967 1637 EPISTOLA

201 1679 619 1751 PRIORIS
665 1679 1092 1750 FORMAE
1137 1680 1279 1750 AD
1323 1680 1963 1752 RICHARDUM
2003 1679 2386 1751 REGEM

709 1794 849 1864 DE
892 1793 1368 1865 NEGOTIO
1419 1795 1875 1866 IMPERII.

1032 1931 1202 1988 (1263.
1237 1947 1276 1978 c.
1303 1932 1430 1992 Aug.
1455 1932 1554 1990 27.)

346 2074 559 2126 Insiynem
590 2075 696 2116 hanc
727 2076 960 2127 ‹pz'stolanz,
1001 2090 1084 2128 qua
1115 2076 1309 2128 pontifea‘
1339 2076 1467 2127 refert
1495 2077 1543 2118 de
1574 2077 1762 2118 electione
1793 2077 1972 2118 discordi
2003 2077 2243 2118 anni1257
2273 2077 2310 2116 et
2338 2075 2386 2116 de

204 2142 568 2183 ronsemmdinibzzs
601 2144 644 2183 in
674 2144 863 2185 electione
894 2145 1002 2197 reqis
1022 2144 1305 2186 Romanorum
1337 2145 1573 2195 observatis,
1604 2146 1651 2186 ‘in
1678 2159 1759 2197 qua
1783 2146 1971 2197 primum
1991 2146 2142 2187 mentio
2169 2146 2220 2197 fu
2239 2147 2387 2197 septem

198 2212 437 2264 principum
460 2212 684 2262 electorum,
716 2212 772 2253 ad
791 2212 1048 2253 Riehardum
1073 2227 1203 2267 recem
1225 2227 1268 2254 re
1290 2228 1387 2254 vera
1409 2214 1698 2255 transmissam
1720 2227 1814 2264 esse,
1838 2213 2072 2267 ncyandnm
2093 2216 2151 2255 cst
2162 2213 2190 2255 ².
2243 2213 2385 2265 Neque

201 2281 308 2320 inim
342 2281 385 2320 in
418 2280 590 2333 Rcycsta
631 2281 792 2323 Urbani
823 2282 1007 2333 recepta³
1043 2295 1172 2334 neque
1203 2282 1249 2321 'in
1272 2282 1474 2323 codicibus
1496 2283 1613 2335 siano
1634 2283 1910 2336 clironoloyico
1932 2282 2136 2336 insiynita
2156 2285 2226 2323 est.
2283 2281 2386 2323 Cum

202 2349 373 2400 epistola
406 2349 450 2389 in
479 2350 578 2391 solis
609 2350 880 2391 dictaminum
909 2350 1098 2391 Berardi
1128 2351 1403 2403 Neapolitani
1433 2351 1636 2393 codicibus
1672 2352 1790 2393 nobis
1820 2354 1984 2392 servata
2013 2352 2069 2392 sit
2102 2353 2140 2392 et
2163 2363 2268 2403 pars
2297 2350 2386 2392 eius

203 2431 353 2469 vianna
379 2418 472 2472 fere
502 2419 559 2459 ad
590 2419 750 2459 verbum
783 2419 993 2460 concordet
1023 2433 1113 2461 cum
1144 2420 1317 2471 epistola
1345 2420 1507 2462 Urbani
1536 2435 1577 2461 a.
1602 2422 1726 2461 1263.
1758 2421 1867 2473 Auy.
1888 2422 1946 2462 27
1975 2420 2075 2461 data
2105 2423 2142 2461 et
2163 2420 2385 2473 reyistrata

203 2486 244 2525 in
292 2486 475 2539 Rcyistri
517 2490 620 2528 tomo
647 2487 683 2536 I,
713 2490 806 2536 114,
845 2487 913 2529 lib.
944 2488 1006 2537 ΙΙ,
1038 2488 1078 2542 f.
1099 2490 1166 2538 27,
1208 2503 1266 2540 cp.
1295 2491 1381 2530 212
1421 2489 1501 2542 (cd.
1533 2489 1774 2543 Rodenberg]
1822 2489 2047 2540 ‘Epistoiae
2085 2488 2263 2530 selectae’
2294 2487 2383 2538 III,

202 2568 266 2594 nr.
293 2557 445 2609 5601),
480 2556 541 2596 cir
571 2556 619 2597 el.
644 2555 884 2608 Rodcnbery
906 2557 1033 2608 prius
1063 2556 1336 2607 contenderat,
1367 2560 1552 2598 nostram
1576 2558 1629 2598 iis
1650 2558 1798 2610 quibus
1817 2557 2004 2598 abimdat
2025 2557 2123 2599 loeis
2143 2571 2169 2597 a
2190 2556 2385 2598 Berardo

203 2623 300 2674 ipso,
332 2624 404 2675 qui
434 2627 523 2664 crat
554 2624 743 2665 notarius
773 2625 1030 2675 apostolicus,
1062 2625 1356 2676 interpolatam
1386 2638 1481 2666 csse.
1534 2626 1740 2678 Equidem
1768 2626 1901 2679 mayis
1928 2626 2199 2667 consenserim
2219 2625 2384 2675 iudicio,

201 2692 308 2743 quod
360 2693 421 2733 cir
463 2693 602 2733 doetus
642 2695 786 2744 postea
817 2694 1014 2744 protulit,
1063 2695 1278 2747 epistolam
1317 2698 1502 2735 nostram
1540 2695 1726 2746 priorem
1759 2694 1944 2749 formam
1981 2707 2082 2745 esse,
2124 2707 2228 2748 quae
2267 2695 2386 2736 iussu

195 2761 404 2812 pontificis
443 2764 601 2802 mutata
632 2765 669 2802 et
699 2761 939 2803 abbreviata
973 2762 1063 2817 fuit
1094 2764 1138 2803 in
1170 2777 1257 2805 eam
1283 2763 1485 2818 formam,
1526 2778 1630 2816 quac
1661 2765 1708 2805 in
1739 2763 1929 2817 Reyistro
1959 2763 2120 2817 legitur.
2181 2762 2294 2804 Nam
2322 2763 2386 2804 vel

203 2829 245 2868 in
280 2829 331 2870 iis
353 2830 568 2881 partibus,
607 2843 710 2881 (seiae
742 2830 836 2883 fere
867 2830 924 2871 ad
953 2831 1115 2872 verbum
1149 2845 1240 2872 cum
1270 2832 1442 2884 epistola
1472 2833 1695 2885 reyistrata
1725 2832 1991 2882 concordant,
2028 2832 2253 2873 sententiae
2283 2844 2386 2873 non-

202 2898 343 2938 nullae
373 2901 410 2938 et
441 2899 641 2940 minutiae
673 2900 876 2952 ieyzcntur,
909 2914 1013 2952 quac
1044 2901 1304 2953 comprobare
1335 2901 1539 2952 videntur,
1571 2905 1608 2943 et
1642 2902 1753 2953 ipsas
1783 2901 1860 2942 lias
1882 2904 2030 2953 partes
2053 2903 2198 2953 postca
2227 2900 2386 2942 revisas

201 2968 237 3005 ct
270 2966 313 3005 in
346 2967 534 3007 minutiis
566 2968 752 3009 variatas
782 2981 876 3010 csse.
943 2970 1058 3022 Quod
1088 2972 1134 3010 ut
1160 2970 1348 3011 omnibus
1375 2971 1560 3022 patefiat,
1592 2971 1638 3011 in
1660 2971 1836 3011 editione
1865 2973 2009 3011 nostra
2031 2969 2169 3010 omnia
2189 2982 2249 3018 ea,
2280 2982 2384 3021 quae

202 3047 289 3073 cum
333 3035 504 3086 epistola
545 3036 770 3089 reci-strata
808 3037 864 3077 ad
902 3038 1068 3079 verbum
1105 3039 1368 3089 conveniunt,
1409 3040 1560 3080 litteris
1599 3038 1829 3080 minoribus
1869 3037 2106 3079 excudenda
2135 3037 2383 3088 curavimus,

203 3102 362 3143 adiecta
393 3104 481 3144 cius
513 3105 632 3144 varia
664 3105 830 3146 lectione
864 3107 907 3146 in
927 3106 1266 3148 adnotationibus
1295 3108 1369 3149 sub
1401 3108 1541 3149 littera
1563 3108 1612 3150 R.
1663 3107 1731 3149 Ea
1752 3109 1855 3149 certe
1877 3106 2025 3159 quibus
2045 3106 2217 3158 epistola
2237 3108 2383 3146 nostra

202 3170 405 3220 abmulat,
444 3188 463 3212 e
494 3172 644 3213 libellis
674 3174 883 3224 partium,
916 3174 1121 3216 Riclzardi
1160 3175 1344 3217 videlicet
1380 3179 1418 3217 et
1447 3177 1639 3228 Alfonsi,
1680 3177 1819 3218 curiae
1849 3175 2065 3216 Romanae
2094 3174 2298 3227 porrectis
2327 3173 2386 3214 ad

223 3361 228 3366 ἱ
338 3305 422 3340 404.
456 3306 488 3349 ¹¹)
515 3310 629 3352 itaque
654 3309 684 3342 2.
792 3310 816 3352 i)
841 3317 873 3344 et
898 3310 928 3344 2.
1022 3310 1056 3353 k)
1083 3313 1180 3345 utilio
1206 3314 1236 3345 2.
1339 3312 1364 3355 l)
1390 3325 1502 3346 coram
1527 3315 1624 3346 nobis
1650 3314 1686 3345 in
1710 3313 1722 3345 l
1751 3319 1968 3346 evcmuerunt.
2063 3312 2105 3354 ¹1¹)
2130 3312 2265 3344 evanuit
2287 3312 2324 3343 in
2351 3310 2378 3343 l.

203 3369 233 3403 ῃ)
260 3375 318 3405 Pffl'
343 3375 428 3404 ‘1⁸³⁵'
453 3367 586 3406 quidem
612 3367 642 3399 ⁴2--
759 3368 791 3409 ⁰)
820 3370 1024 3410 sepefactum
1053 3369 1080 3401 l.
1198 3370 1230 3407 Ρ)
1255 3371 1314 3412 {gr-e
1338 3369 1368 3402 2.
1486 3369 1517 3412 ⁴1)
1544 3371 1703 3413 prestitur
1726 3369 1758 3402 2.
1866 3372 1892 3409 r)
1918 3371 1996 3402 Dat.
2021 3386 2066 3391 —
2090 3369 2238 3402 secundo
2262 3369 2331 3401 des.
2348 3367 2379 3401 2.

341 3477 373 3517 1)
408 3476 461 3517 Cf.
489 3476 689 3521 Rodcnbcrg]
714 3479 785 3522 ΙΙΙ,
814 3491 867 3515 nr.
881 3486 945 3515 560
962 3488 996 3511 ll
1017 3493 1050 3514 a.
1073 3485 1162 3515 1263.
1190 3481 1281 3525 Any.
1302 3486 1351 3516 27.
1491 3482 1526 3523 2)
1555 3481 1609 3524 Cf.
1634 3481 1804 3525 imprimis
1827 3491 1866 3515 ca
1890 3492 1978 3524 qnae
2001 3491 2118 3524 nuper
2141 3480 2304 3515 disseruit
2326 3480 2382 3514 vir

202 3532 242 3565 el.
272 3532 479 3576 Rorlcnbersy
516 3533 647 3568 ‘Neues
672 3537 812 3570 Arcuit?
840 3537 887 3580 X,
905 3543 964 3572 172
999 3542 1029 3571 et
1064 3538 1257 3581 ‘Epistolae
1290 3549 1306 3572 e
1340 3538 1492 3582 Reycstis
1523 3539 1673 3573 selectac’
1708 3539 1785 3581 III,
1803 3543 1869 3573 546
1898 3542 1970 3573 not.
1990 3544 2022 3573 4.
2149 3539 2184 3581 3)
2216 3538 2379 3582 Exortus,

203 3600 415 3632 quamquam
443 3591 478 3623 in
505 3591 706 3625 Annalzlms
729 3593 960 3626 ecelesiasticis
986 3605 1017 3628 a.
1039 3599 1122 3629 1263
1146 3598 1166 3637 ,ξ
1183 3600 1203 3628 2
1229 3595 1267 3628 in
1293 3596 1447 3639 marffl'ne
1466 3596 1606 3640 posuit:
1634 3596 1697 3640 Ep.
1716 3596 1793 3635 212,
1819 3596 1917 3640 apud
1938 3596 2231 3630 Urbemveterem
2256 3597 2288 3632 6.
2305 3595 2380 3631 Cal.

204 3646 314 3689 Sept..
342 3651 457 3680 tamen
483 3648 592 3681 ,solam
620 3648 760 3682 Surituc
784 3649 965 3683 editionem
992 3652 1153 3694 repetirit,
1182 3663 1283 3695 quem
1309 3654 1347 3685 in
1374 3653 1530 3696 maryine
1554 3655 1574 3694 ἕ
1592 3659 1608 3687 1
1632 3653 1735 3686 etiam
1759 3652 1927 3686 laudarit.

2426 915 2456 939 10

2423 1719 2453 1744 15

2421 2226 2455 2252 20

2419 2571 2451 2597 25

2421 2913 2454 2938 30

2416 3311 2448 3336 35

2415 3659 2449 3689 40

2498 2981 2515 2985 1
