2558 3970
134 154 209 192 120
673 151 916 186 FRIDERICI
943 152 987 186 II.
1014 149 1446 186 CONSTITUTIONES.
1498 150 1596 184 1223.
1645 150 1707 183 Nr.
1727 149 1780 184 97.

127 265 458 317 archiepiscopus
497 266 870 319 sslagydcburgsensis
915 281 954 307 α.
985 269 1096 307 1226
1133 281 1186 310 m.
1218 267 1344 316 Iulio,
1382 280 1423 307 sc
1453 266 1693 308 Alvericum
1734 265 1782 306 de
1814 266 2090 308 Darnebur0¹
2133 267 2213 308 vice
2250 281 2332 308 sua

127 335 308 375 comitem
340 334 614 375 Romane'olae
652 335 928 384 constituisse,
969 336 1208 387 promulgyat
1247 349 1298 376 cx
1337 334 1483 376 iisdem
1526 335 1656 375 codice
1687 334 1768 388 fol.
1799 337 1852 374 19
1892 337 1929 374 et
1966 335 2142 376 editione
2179 350 2222 389 2).
2246 338 2330 377 271

129 409 200 454 (Ξ
236 403 387 443 Fici-1»-
419 403 445 444 l.
469 416 500 443 c.
523 406 608 443 353
640 405 833 453 2212322)
865 403 1122 455 desumptam
1134 404 1160 445 2.
1194 429 1249 434 ———
1282 405 1476 456 Biilzmer,
1510 403 1609 456 Rcy.
1643 404 1740 455 tany).
1775 404 1816 453 V,
1841 407 1965 446 1473.

1951 473 2020 526 (P.
2043 474 2186 521 deest.)

272 563 546 603 Fridericusa
580 562 661 603 Dei
695 564 833 617 gratia
857 563 1146 604 Romanorum
1181 565 1415 618 imperator
1448 564 1517 604 etb
1553 578 1722 619 semper
1744 569 1953 618 augustus
1994 568 2061 605 etc
2084 579 2162 606 rex
2187 565 2330 607 Sicilie

128 633 286 672 dilecto
329 632 510 686 principi
553 646 628 672 suo
672 633 724 672 A.
760 633 1127 686 Magdeburgensi
1167 633 1489 688 archiepiscopo
1529 633 1712 686 gratiam
1753 647 1871 673 suani
1916 638 1957 674 et
2001 648 2126 675 omne
2158 634 2330 675 bonum.

268 700 387 740 Tunc
421 701 621 756 princeps
657 701 876 742 Romanus
910 702 1118 755 gloriatur
1156 702 1197 741 in
1232 701 1430 751 subditis,
1473 715 1568 741 cum
1609 701 1801 756 ipsorum
1834 702 2114 744 devocionem
2150 718 2199 744 ac
2231 703 2331 744 fidei

128 768 401 809 constancie‘1
434 770 663 823 puritatem
698 770 972 811 evidentibus
1006 769 1173 810 indiciis
1208 770 1441 825 experitur,
1477 769 1622 824 sicque
1656 770 1833 824 pulchre
1858 772 2019 826 pariter
2051 786 2100 812 ac
2125 772 2332 814 decenter

128 837 255 891 digne
290 838 591 878 retribucionis
622 839 788 893 premio
822 840 1013 894 ipsorum
1046 839 1233 879 fidelitas
1269 843 1513 889 coronatur,
1545 843 1592 879 ut
1623 838 1695 879 ubi
1729 839 1835 880 fides
1869 854 1946 895 per
1978 842 2118 895 operis
2152 841 2330 882 eviden-

128 907 235 946 ciam
267 906 526 952 declaratur,
560 908 617 948 ibi
651 922 815 948 merces
853 923 930 963 per
967 908 1332 949 remuneracionis
1366 907 1617 962 dignissime
1654 908 1865 963 premium
1900 910 1953 949 sit
1984 914 2148 964 parata.
2214 910 2329 952 Sane

129 976 364 1030 imperialis
405 980 550 1017 nostre
593 977 918 1031 magnificencie
954 977 1163 1018 celsitudo
1204 976 1425 1017 fidelitatis
1462 981 1534 1017 tue
1570 977 1765 1028 servicia,
1807 992 2024 1033 expensas
2058 978 2260 1020 videlicet
2292 983 2336 1020 et

266 1090 327 1124 ΕΠ.
361 1091 392 1131 a)
421 1092 610 1125 Vilhelmus
636 1092 664 1125 1.
761 1091 794 1134 b)
814 1104 882 1134 pro
908 1098 941 1126 et
968 1112 1009 1115 —
1036 1093 1149 1125 Sicilie
1174 1092 1212 1124 ⁶2:
1240 1098 1301 1125 etc.
1397 1091 1428 1135 c)
1456 1093 1604 1131 cor-resi,-
1630 1093 1813 1125 Ierusalem
1840 1098 1871 1125 et
1895 1094 2008 1126 Sicilie
2032 1105 2092 1127 rex
2111 1094 2142 1127 1.
2214 1093 2247 1138 d)
2266 1106 2336 1137 pro

129 1150 324 1182 constancie
351 1168 391 1171 —
419 1150 570 1182 relevare
596 1149 631 1182 ⁸2:
659 1155 720 1182 etc.

268 1241 300 1272 ll
329 1240 528 1273 Alvericzcm
560 1239 599 1273 dc
623 1240 813 1284 Arnebnrgy
842 1251 928 1283 csse,
966 1241 1029 1284 qm
1059 1252 1092 1275 α.
1112 1245 1194 1275 1228
1226 1240 1344 1275 obvius
1377 1244 1441 1283 cst,
1480 1240 1651 1274 ‹aventicae-it
1670 1241 1799 1275 Ficker
1823 1242 1843 1275 l.
1861 1252 1888 1276 c.
1910 1242 1985 1284 ΙΠ,
2003 1247 2076 1277 453.
2170 1243 2205 1284 ⁶2)
2233 1242 2337 1277 Sicut

128 1296 380 1331 serenissimus
418 1297 587 1331 dominus
626 1300 752 1331 noster
784 1297 1014 1332 Fridericusa
1051 1298 1300 1332 Romanorum
1330 1292 1533 1342 imperator
1566 1300 1602 1332 et
1636 1310 1778 1343 semper
1811 1301 2030 1344 augustusb,
2069 1299 2269 1334 Ierusalem
2299 1300 2336 1333 et

129 1354 253 1387 Sicilie
279 1366 342 1387 rex
376 1355 472 1388 circa
497 1355 725 1389 celsitudinis
759 1367 821 1389 sue
848 1356 992 1389 culmen
1028 1357 1151 1389 nostre
1185 1355 1396 1390 devocionis
1429 1355 1651 1390 desiderium
1682 1357 1833 1390 accendi
1865 1357 2005 1401 pariter
2038 1359 2074 1392 et
2099 1356 2244 1401 accingi
2269 1356 2338 1391 fre-

129 1414 285 1455 quenter
311 1412 520 1446 considerat
546 1415 582 1446 et
608 1414 802 1453 ferventer,
830 1413 880 1447 sic
906 1413 1078 1447 nimirum
1099 1413 1266 1457 obsequii
1292 1413 1407 1447 nostri
1436 1424 1565 1458 operas
1591 1413 1776 1458 pertrahit
1800 1414 1845 1448 ad
1877 1415 2056 1456 diversae,
2082 1415 2135 1449 ibi
2165 1414 2336 1456 maxime,

128 1469 188 1502 ubi
218 1469 321 1503 labor
346 1472 469 1504 nostre
494 1470 733 1505 devocionisd
761 1482 836 1504 esse
868 1472 993 1515 potest
1019 1471 1089 1505 sibi
1117 1473 1153 1505 ct
1184 1470 1339 1515 imperio
1366 1471 1627 1515 multipliciter
1662 1471 1883 1513 fructuosus,
1919 1473 2146 1518 presenciam
2173 1475 2337 1507 nostram

129 1526 303 1561 ordinans
329 1530 366 1561 et
391 1527 600 1572 disponens.
654 1529 755 1563 Licet
788 1528 885 1562 enim
920 1540 986 1573 pro
1018 1529 1152 1563 modoe
1180 1529 1441 1573 possibilitatis
1474 1531 1598 1563 nostre
1633 1531 1823 1574 presencia
1849 1532 1975 1565 nostra
2001 1531 2166 1576 semperf
2188 1531 2226 1565 in
2253 1542 2335 1575 par-

129 1583 227 1618 tibus
253 1585 500 1620 Romanioleg
523 1586 636 1620 fuerit
662 1589 699 1620 et
725 1597 802 1620 esse
828 1586 962 1620 debeat
988 1586 1144 1631 imperio
1171 1587 1369 1627 fructuosa,
1397 1586 1518 1621 visum
1544 1588 1600 1621 est
1625 1589 1751 1622 tamen
1779 1590 1976 1632 prenotato
2000 1589 2149 1623 domino
2173 1589 2331 1633 impera-

129 1641 201 1675 tori
239 1644 276 1676 et
312 1643 543 1688 principibus
580 1644 728 1689 imperii
767 1644 982 1688 aliquantis,
1019 1655 1085 1679 nos
1113 1644 1160 1678 ad
1187 1655 1229 1678 ea
1255 1656 1326 1688 que
1360 1644 1481 1689 magis
1506 1646 1643 1689 urgent
1679 1645 1835 1689 negocia
1860 1646 1907 1680 ad
1937 1647 2115 1691 presensh
2140 1646 2272 1681 debere
2296 1646 2337 1681 in

130 1699 380 1733 Alemaniami
406 1701 637 1744 proficiscii⁴⁹q
665 1702 914 1746 cooperantek
939 1702 1099 1736 multum
1125 1702 1213 1736 huic
1239 1701 1474 1747 imperatoris
1502 1704 1538 1736 et
1563 1702 1773 1748 principum
1799 1704 1951 1739 consilio
1981 1704 2164 1739 fidelitate
2190 1706 2228 1739 et
2252 1716 2337 1740 con-

129 1757 272 1791 stancia
296 1760 429 1799 vestra,
462 1761 594 1804 utpote
620 1760 683 1804 qui
710 1772 899 1804 nunquam
926 1760 971 1794 ab
999 1761 1079 1805 ipso
1105 1761 1260 1805 imperio
1287 1760 1487 1795 recessistis
1513 1772 1580 1795 nec
1607 1772 1769 1805 unquam
1796 1763 1947 1796 auctore
1978 1762 2127 1797 domino
2144 1762 2335 1799 recedetis.

129 1814 228 1849 Certi
266 1816 371 1849 suntl
405 1817 540 1850 etenim
574 1819 610 1851 et
647 1829 713 1862 per
744 1818 907 1852 omniam
938 1818 1066 1859 securi,
1105 1818 1203 1862 quod
1231 1818 1421 1853 occasione
1448 1820 1571 1853 nostre
1599 1819 1770 1853 absencie
1795 1813 1982 1854 defectum
2007 1820 2047 1854 in
2072 1821 2175 1855 nullo
2200 1820 2337 1856 sentire

129 1872 264 1906 debeat
288 1873 377 1906 fides
404 1876 534 1908 vestra.
584 1874 671 1909 Cum
706 1875 844 1919 igiturf
865 1875 1050 1911 Iohannes
1076 1876 1121 1910 de
1146 1875 1357 1910 Wormacia
1389 1875 1507 1910 fidelis
1533 1878 1658 1910 noster
1683 1876 1721 1910 in
1747 1877 1927 1912 comitatu
1956 1878 2203 1913 Romanioleg
2227 1878 2334 1913 nobis

131 1930 298 1964 servierit
324 1930 397 1964 iam
425 1932 618 1967 secundon.
646 1933 700 1966 ita
726 1933 822 1977 quod
850 1933 967 1978 ipsius
993 1933 1194 1968 famulatus
1216 1934 1366 1968 devocio
1389 1945 1532 1978 semper
1557 1935 1664 1969 nobis
1690 1936 1875 1980 placuerit
1902 1938 2083 1980 tanquam
2102 1936 2170 1971 viri
2189 1936 2335 1981 providi

132 1991 165 2022 et
206 1988 370 2027 discreti,
398 1989 536 2024 nullius
571 1991 665 2024 male
699 1991 904 2025 voluntatis
940 1993 1123 2035 pretextu,
1157 1992 1296 2026 nullius
1334 1992 1446 2026 etiam
1478 1992 1668 2028 occasione
1702 1993 1876 2034 defectus,
1915 1994 2006 2038 quin
2039 1994 2132 2028 sciat
2158 1996 2195 2028 et
2219 1993 2336 2038 possit

131 2046 235 2079 nobis
274 2048 310 2080 et
347 2046 501 2091 imperio
533 2048 685 2092 obsequi
721 2051 757 2082 et
791 2049 936 2087 servire,
975 2049 1094 2094 ipsum
1124 2049 1167 2083 ad
1202 2061 1349 2094 presens
1376 2050 1460 2083 aliis
1486 2050 1621 2084 nostris
1647 2051 1810 2085 serviciis
1837 2051 2032 2086 duximus0
2058 2051 2335 2096 applicandum.

132 2103 397 2138 Substituimus
423 2105 535 2139 etiam
561 2105 661 2140 dicto
678 2107 835 2140 Iohanni
855 2106 1016 2141 nobilem
1034 2107 1153 2141 virum
1181 2107 1326 2141 fidelem
1352 2107 1525 2152 imperiiP
1552 2110 1665 2152 atque
1690 2111 1866 2150 nostrum,
1893 2109 1937 2143 de
1963 2109 2169 2154 predictip*
2195 2109 2335 2144 domini

131 2161 247 2195 nostri
272 2161 506 2206 imperatoris
524 2163 759 2208 beneplacito
787 2164 966 2209 specialiq
993 2166 1029 2199 et
1054 2165 1242 2205 mandato,
1270 2165 1504 2199 Aluericumr
1530 2166 1574 2200 de
1593 2166 1839 2208 Darneburcr‚
1867 2167 2101 2202 comittentes
2128 2168 2246 2202 eidem
2272 2178 2337 2212 per

132 2222 250 2253 totum
278 2220 523 2254 Romanioleg
549 2221 791 2256 comitatumS
817 2222 856 2256 in
882 2222 1052 2257 omnibus
1079 2224 1116 2257 et
1141 2234 1206 2267 per
1232 2223 1356 2258 omnia
1382 2223 1479 2258 vices
1505 2226 1650 2258 nostras
1676 2236 1758 2258 cum
1784 2224 1953 2260 omnibus
1978 2225 2140 2260 iuribust
2165 2227 2203 2260 et
2221 2226 2335 2261 hono-

132 2277 242 2318 ribus,
268 2276 526 2313 iurisdictione
553 2281 590 2313 et
615 2281 813 2324 potestate,
841 2280 996 2325 imperio
1021 2291 1121 2315 mero
1151 2282 1187 2315 et
1212 2281 1341 2322 mixto,
1367 2281 1630 2316 auctorit-atem
1656 2282 1769 2316 etiam
1796 2283 2040 2327 cognoscendi
2059 2283 2104 2318 de
2121 2283 2241 2318 causis
2258 2285 2336 2318 tam

131 2334 302 2368 civilibus
340 2346 450 2378 quam
487 2336 740 2371 criminalibus
784 2340 820 2372 et
858 2338 1003 2372 easdem
1040 2350 1168 2372 causas
1206 2341 1317 2383 prout
1356 2339 1412 2372 ius
1456 2339 1653 2374 dictaverit
1686 2340 1896 2381 decidendi,
1935 2352 2025 2385 pure
2057 2343 2094 2375 ct
2119 2341 2337 2386 simpliciter

132 2393 332 2427 secundum
358 2404 501 2427 omnem
528 2394 680 2428 forman]
709 2398 745 2429 et
771 2398 936 2429 tenorem
963 2395 1152 2440 privilegii
1180 2408 1252 2440 quo
1279 2397 1324 2430 ad
1353 2408 1417 2431 nos
1443 2397 1489 2430 ab
1516 2397 1739 2432 excellencia
1764 2398 1950 2443 imperiali
1971 2401 2024 2433 est
2043 2399 2207 2433 eiusdem
2225 2399 2335 2434 comi-

133 2453 262 2485 tatusu
288 2450 443 2485 donacio
470 2451 655 2486 devoluta.
705 2453 976 2488 Auctoritatem
998 2453 1110 2487 etiam
1137 2454 1420 2498 plenissimamV
1445 2454 1573 2488 damus
1592 2455 1663 2499 ipsi
1681 2455 1883 2500 inponendi
1902 2456 2036 2497 banna,
2064 2457 2176 2490 dandi
2193 2458 2336 2491 tutores

133 2511 169 2542 et
206 2511 391 2543 curatores
425 2511 461 2542 et
499 2510 624 2544 omnia
650 2511 818 2545 totaliter
842 2510 1001 2545 faciendi
1035 2522 1106 2554 que
1141 2522 1294 2555 persone
1320 2514 1443 2546 nosti-c
1469 2515 1686 2556 competunt
1712 2524 1754 2547 cx
1782 2513 1897 2558 ipsius
1929 2514 2126 2558 privilegio
2154 2517 2191 2548 et
2217 2514 2336 2549 officio

132 2567 366 2607 comitatusu,
394 2578 466 2601 non
493 2567 727 2603 obstantibus
753 2569 1089 2610 commissionibus,
1117 2578 1241 2613 quasw
1269 2570 1423 2604 Oderico
1450 2571 1495 2604 de
1522 2570 1716 2604 Bononiax
1743 2574 1780 2605 ct
1805 2572 1982 2606 fratribus
2009 2572 2086 2606 eius
2118 2583 2262 2606 necnon
2299 2573 2337 2606 et

134 2624 312 2659 Nicolaoy
338 2624 381 2659 de
402 2625 637 2669 Aquisgrani,
664 2626 819 2660 Iohanni
847 2627 960 2661 eciam
988 2627 1032 2661 de
1051 2627 1258 2661 Wormacia
1277 2628 1500 2671 supradicto,
1529 2628 1611 2662 cuiz
1637 2628 1758 2673 ipsum
1785 2630 2082 2664 commiseramus
2108 2629 2336 2674 aliquociens

132 2683 382 2729 comitatum&
409 2684 631 2727 quandoque
650 2684 851 2726 dedimusa,
879 2697 1035 2729 quorum
1053 2686 1350 2721 commissionum
1372 2687 1594 2732 privilegiab
1621 2699 1663 2722 ex
1683 2689 1782 2721 certa
1809 2687 1966 2721 sciencia
1984 2698 2207 2722 revocamus.
2246 2687 2335 2721 Cum

134 2740 248 2784 igitur
266 2752 461 2784 speremus,
488 2742 584 2784 quod
612 2744 792 2785 ‹piantum
819 2744 865 2777 ad
893 2755 1084 2788 personam
1105 2745 1267 2779 Aluerici
1294 2745 1410 2779 nostri
1436 2745 1662 2780 vicecomitis
1689 2745 1868 2780 antedicti
1896 2745 2119 2780 sufficienter
2144 2745 2338 2780 comitatui

133 2798 205 2831 site
231 2798 427 2842 provisum.
454 2799 672 2833 fidelitatem
694 2802 852 2834 vestram
877 2813 1059 2845 rogamus,
1087 2814 1276 2836 monemus
1303 2803 1442 2846 pariter
1468 2805 1504 2837 et
1523 2803 1785 2837 exhortamurd
1812 2803 1878 2837 sub
1905 2803 2031 2837 debito
2057 2802 2248 2837 fidelitatis
2266 2814 2338 2847 quo

132 2856 311 2889 tenemini
338 2856 492 2900 imperio
518 2858 631 2900 atque
658 2857 773 2892 nobis,
802 2858 1062 2893 universitatie
1092 2861 1209 2893 vestre
1234 2860 1389 2894 firmiter
1413 2861 1649 2905 precipiendo
1680 2861 1913 2901 mandantes,
1940 2863 1982 2895 ut
2008 2861 2129 2906 ipsum
2146 2860 2338 2905 recipiatis

134 2913 330 2947 honorifice
362 2917 398 2947 et
423 2915 728 2949 honorificencius
758 2916 1008 2960 pertractetis,
1042 2917 1265 2951 honorantes
1298 2919 1334 2951 et
1364 2918 1544 2952 habentes
1577 2918 1722 2963 ipsumf
1750 2930 1815 2963 pro
1849 2918 1984 2953 comite
2019 2920 2055 2953 et
2080 2918 2230 2953 domino
2257 2918 2337 2953 vice

135 2971 277 3004 nostris
310 2973 346 3004 et
380 2971 425 3004 de
456 2971 663 3006 rationibus
697 2975 734 3007 et
767 2973 947 3007 reditibus
979 2974 1114 3008 nostris
1151 2975 1444 3019 respondentesh
1480 2975 1610 3011 eidem.
1674 2976 1891 3021 Inpendatis
1921 2976 2035 3010 eciam
2070 2984 2224 3021 persone
2259 2976 2336 3010 eius

133 3040 239 3062 omne
270 3028 308 3062 id
335 3029 475 3063 comodi
505 3031 541 3063 et
566 3030 732 3072 honoris,
760 3031 856 3075 quod
883 3031 989 3066 nobis
1014 3032 1161 3066 velletis
1187 3032 1408 3077 inpendere,
1441 3033 1469 3066 si
1495 3034 1741 3077 personaliter
1766 3034 1985 3068 adessemus.
2034 3034 2085 3068 Ut
2110 3033 2228 3078 igitur
2253 3045 2338 3067 con-

136 3087 207 3119 <tot
234 3086 335 3119 vobis
362 3087 483 3121 lucide
515 3089 558 3121 de
585 3088 776 3131 predictis.
804 3099 954 3132 presens
982 3089 1222 3133 privilegium
1251 3089 1430 3123 conscribi
1460 3090 1627 3124 fecimusi
1654 3093 1691 3125 ct
1718 3091 1831 3135 sigilli
1858 3090 1973 3125 nostri
2000 3090 2205 3124 munimine
2230 3090 2337 3125 robo-

135 3143 215 3177 rari.
244 3144 390 3177 catinus
419 3145 628 3185 valiturum,
656 3145 772 3180 donec
800 3146 835 3179 id
863 3157 905 3180 cx
934 3147 1061 3180 certak
1088 3146 1247 3180 sciencia
1273 3146 1485 3180 duxerimus
1512 3148 1769 3182 revocandum.

276 3254 306 3289 Ἀ)
343 3251 394 3282 W.
426 3251 450 3282 1.
564 3250 595 3291 ¹³)
621 3257 651 3283 et
678 3252 759 3284 add.
789 3256 816 3284 1.
929 3251 958 3293 c)
985 3264 1037 3295 op.
1065 3253 1231 3295 protrahit
1255 3253 1299 3285 ad
1323 3253 1474 3286 diversas
1500 3252 1530 3285 ⁸2.
1650 3251 1683 3294 d)
1703 3254 1777 3286 dev.
1804 3258 1916 3286 nostre
1941 3252 1973 3286 2.
2093 3253 2121 3294 e)
2143 3253 2277 3286 modulo
2302 3252 2334 3285 2.

135 3303 165 3347 f)
192 3305 280 3337 deest
305 3305 336 3337 2.
474 3308 507 3348 ss‘)
535 3310 698 3341 Romanie
726 3310 754 3341 l.
892 3309 924 3349 ¹¹)
951 3311 992 3342 ad
1018 3321 1154 3352 presens
1180 3311 1247 3342 des.
1273 3309 1304 3342 2.
1441 3309 1463 3351 i)
1492 3312 1524 3343 in
1551 3312 1760 3343 Alemaniam
1786 3312 1853 3343 des.
1880 3310 1911 3343 2.
2041 3309 2086 3352 i⁸‘)
2112 3311 2278 3353 profuisse
2307 3314 2334 3344 1.

134 3360 168 3403 k)
189 3374 255 3403 quo
273 3370 433 3405 operante
459 3364 609 3401 21)
629 3378 746 3399 sumus
776 3368 802 3399 1.
899 3368 940 3407 11¹)
960 3379 1018 3410 per
1036 3368 1148 3399 onmia
1169 3373 1201 3399 et
1219 3366 1250 3399 2.
1347 3367 1380 3409 ¹¹)
1398 3380 1486 3400 anno
1503 3368 1732 3410 supplendum
1749 3369 1877 3400 censuit
1893 3368 2026 3400 Ficker.
2122 3367 2153 3410 0)
2177 3368 2336 3400 duximus

135 3420 287 3451 serviciis
312 3418 343 3451 ⁶2.
440 3424 470 3463 l’)
497 3423 636 3465 imperio
662 3423 693 3456 ⁴2.
794 3425 847 3464 Ν)
873 3426 1023 3467 predicto
1052 3429 1080 3457 ].
1176 3424 1209 3466 q)
1235 3436 1323 3467 spec.
1343 3426 1419 3458 ben.
1439 3424 1469 3457 2.
1566 3424 1593 3466 1Γ)
1619 3427 1662 3458 Η.
1688 3420 1812 3458 detali
1836 3426 1910 3458 loco
1927 3423 1957 3457 2.
2060 3427 2086 3465 s)
2111 3425 2286 3458 comiciam
2303 3422 2337 3457 2.

136 3477 160 3515 ‘l
179 3476 266 3508 deest
287 3476 315 3509 l.
412 3479 442 3517 U)
463 3480 601 3513 comicie
621 3482 650 3512 2.
747 3482 778 3523 v)
799 3482 990 3523 plenissime
1010 3481 1040 3514 1.
1136 3481 1176 3524 w)
1196 3494 1252 3525 per
1277 3494 1362 3525 quas
1382 3482 1410 3514 1.
1506 3482 1539 3523 x)
1558 3483 1714 3515 Banonia
1738 3482 1773 3522 1;
1795 3493 1862 3523 pro
1887 3482 2028 3515 Oderico
2055 3483 2095 3515 de
2120 3483 2274 3515 Bononia
2297 3481 2336 3514 2:

136 3533 206 3564 tali.
301 3534 332 3575 ³)
360 3535 418 3566 tali
438 3536 467 3567 2.
563 3536 593 3577 ⁷)
620 3537 709 3569 (lec-sl.
730 3538 756 3569 l.
853 3544 884 3570 a)
911 3540 1116 3581 (plaudoque
1142 3540 1294 3571 dedimus
1321 3540 1388 3571 (les.
1414 3539 1437 3571 l.
1536 3538 1567 3581 b)
1594 3539 1838 3571 conmissiones
1863 3545 1895 3571 et
1921 3539 2101 3582 pr1vilegia
2120 3537 2150 3571 2.
2247 3538 2276 3579 ⁴³)
2295 3539 2338 3571 sit

136 3591 255 3623 comite
274 3592 304 3623 2.
401 3590 434 3633 (¹)
461 3594 633 3625 hortamur
650 3594 681 3626 2.
777 3602 807 3635 c)
836 3597 1047 3628 universitati
1065 3613 1104 3617 -
1124 3596 1324 3628 mandantes
1350 3597 1418 3628 des.
1436 3595 1468 3628 9.
1565 3595 1593 3637 s)
1620 3597 1730 3639 ipsum
1756 3602 1788 3629 et
1814 3597 1976 3630 habentes
1993 3595 2024 3629 2.
2120 3595 2154 3639 8)
2172 3602 2286 3629 nostra
2303 3595 2334 3628 2.

135 3646 167 3687 ¹¹)
195 3650 424 3691 respondeatis
448 3650 478 3682 ⁶2.
580 3649 601 3691 i)
628 3652 788 3684 iussimus
814 3654 844 3685 2.
986 3652 1019 3695 k)
1045 3664 1125 3685 vcra
1151 3652 1182 3685 2.

2370 927 2403 952 10

2373 1305 2404 1330 15

2371 1590 2405 1615 20

2371 1884 2403 1911 25

2373 2172 2406 2197 30

2372 2461 2403 2486 35

2373 2753 2406 2777 40

2372 3036 2405 3061 45

2371 3369 2405 3394 50

2372 3654 2404 3679 55
