2558 3970
664 169 903 205 FRIDERICI
934 171 975 204 11.
1002 168 1436 205 CONsTl'rUTIONES.
1490 170 1586 204 12:32³.
1638 170 1697 204 Nr.
1718 170 1794 205 ⁸221.
1819 170 1897 204 ⁶222.
2301 174 2380 211 305

327 286 463 329 Cum·
494 291 664 341 tempus
698 289 840 327 vestre
874 286 1141 326 liberationis
1175 286 1399 326 advenerit
1428 287 1581 327 vestris
1605 302 1654 326 ae
1679 287 1834 327 nostris
1864 286 2087 327 desideriis
2111 291 2382 341 oportunum,

185 371 285 399 cure
317 357 443 398 nobis
475 356 575 404 fuit,
616 355 836 410 negotium
870 354 1141 396 reformande
1184 355 1361 410 imperio
1395 354 1605 403 Mareliie,
1651 356 1856 410 temporis
1890 356 2178 410 oportunitate
2213 357 2380 410 capta'‘,

186 429 386 482 potenter
424 424 603 480 aggredi
644 430 686 466 et
724 424 927 479 prosequi
966 423 1208 477 diligenter,
1252 424 1351 464 ubi¹
1387 423 1640 464 modestiam
1675 424 1846 465 excedit
1888 425 2116 479 impietase
2150 430 2193 465 et
2226 425 2381 466 infesta

185 494 352 535 iusticie
394 497 540 534 nostre
582 493 850 547 malignitas,
893 506 974 547 que
1017 492 1315 547 multiplieiter
1347 493 1669 546 gravaminibus
1709 494 1865 533 nostris
1901 494 2073 537 insevit,
2117 494 2381 548 imperialem

130 575 145 599 ⁵
183 561 556 604 mansuetudinem
577 562 789 602 sustinere
807 561 967 602 (liutius
987 575 1070 601 non
1095 561 1317 616 permittit,
1343 561 1442 600 vos‘¹
1465 562 1645 602 alicuius
1666 562 1860 602 manibus
1882 562 2077 604 detineri.
2125 566 2383 617 Speralnus‘*

185 632 318 687 igitur
349 631 555 672 dilectum
587 631 718 671 filium
753 634 944 671 nostrum
978 630 1031 670 ΙΙ.
1067 629 1277 670 illustrem
1313 643 1459 683 regem
1485 629 1686 670 'l‘urrium
1722 636 1762 670 et
1789 630 1956 671 Galluri
1984 637 2023 671 et
2059 632 2249 683 legatum
2273 633 2381 672 sacri

185 699 352 755 imperii
386 699 427 740 in
460 699 585 740 Italia
618 699 869 754 generalem
902 700 1039 754 patris
1073 699 1338 754 presentiam
1373 703 1714 753 presentantem.
1749 701 1818 754 qui
1855 701 1948 740 loco
1984 702 2113 741 nostri
2147 700 2381 741 marchiam

182 767 524 809 Anconitanamf
553 773 596 809 et
627 767 828 809 ducatum
862 769 1027 824 Spoleti
1061 767 1114 809 ad
1148 773 1336 808 nostram
1371 772 1413 808 et
1446 768 1612 822 imperii
1648 767 1862 808 dicionem
1898 774 2068 809 revocet
2101 775 2143 809 et
2179 776 2380 810 resumat.

184 837 308 878 iuxta
344 842 587 878 nostrorum
623 837 967 878 continencia111⁸
998 837 1323 891 rescriptorum.
1365 851 1448 891 quc
1482 837 1786 877 universaliter
1818 838 2176 878 transmittuntur.
2239 840 2382 884 Quare

118 923 152 949 ιο
186 905 438 947 mandamus
471 910 514 946 et
546 906 808 961 precipimus
840 903 1066 946 fidelitati¹¹
1098 904 1275 952 vesti-oi,
1310 904 1388 945 sub
1413 904 1557 946 debito
1593 904 1706 954 fidei,
1739 920 1820 960 quo
1847 906 1969 946 nobis
1994 911 2034 947 et
2061 907 2237 961 imperio
2263 914 2381 948 teno-

182 974 300 1024 mini,
333 974 512 1015 firmiter
534 974 822 1029 iniungentes,
855 978 1068 1030 quatenus
1091 973 1275 1015 eundem
1305 988 1451 1028 regem
1476 974 1609 1015 filium
1634 979 1824 1014 nostrum
1852 974 1904 1015 de
1929 976 2061 1030 patris
2085 975 2212 1016 sedok
2248 983 2382 1018 trans-

183 1043 363 1084 missum
397 1047 601 1098 tanquam
634 1056 861 1098 personam
895 1047 1086 1084 nostram
1119 1042 1264 1084 debito
1304 1043 1566 1098 recipientes
1600 1043 1783 1092 honore,
1829 1043 2036 1085 abiuratis
2070 1045 2239 1099 penitus
2274 1046 2382 1085 iura-

182 1112 339 1154 mentis
372 1112 558 1154 ecclesie
593 1112 798 1167 prestitis,
831 1126 856 1153 a
888 1112 1045 1166 quibus
1078 1112 1290 1167 imperiali
1315 1113 1589 1157 auctoritate,
1623 1111 1963 1153 demerentibus'
1999 1114 2110 1169 apud
2136 1128 2210 1154 nos
2234 1114 2382 1154 ‹leten-

183 1181 350 1222 toribus
382 1181 539 1222 vestris
573 1185 750 1237 propter
779 1180 1135 1236 ingratitudinem
1169 1181 1462 1230 manifestam,
1498 1195 1573 1222 vos
1607 1180 1809 1222 duximus
1843 1182 2153 1232 absolvendos,
2189 1183 2310 1223 nobis
2345 1190 2385 1223 et

116 1268 146 1293 15
184 1250 362 1305 imperio
402 1249 623 1291 fidelitatis
661 1250 940 1291 iuramentam
972 1251 1193 1306 prestetis,
1239 1251 1381 1292 eidem
1423 1251 1507 1292 filio
1551 1256 1698 1292 nostro
1731 1250 1783 1291 ad
1820 1251 2025 1292 honorem
2061 1257 2103 1291 et
2136 1251 2384 1293 fidelitatem

181 1323 372 1360 nostram
415 1319 456 1360 in
497 1319 723 1360 omnibus¹¹
764 1320 963 1375 parituri;
996 1320 1144 1361 scituri
1187 1335 1262 1376 pro
1307 1325 1445 1369 certo,
1485 1320 1597 1376 quod
1631 1326 1775 1362 vestre
1817 1320 1917 1361 fidei
1963 1321 2113 1362 merita
2153 1322 2387 1362 liberaliter

182 1389 477 1445 disposuimus
500 1390 818 1446 prosequenda,
841 1391 1082 1446 privilegia,
1106 1390 1329 1432 libertates
1354 1395 1396 1431 et
1415 1403 1562 1431 omnes
1583 1389 1842 1445 approbatas
1866 1390 2202 1431 consuetudines
2223 1396 2387 1432 vestras

181 1459 376 1501 volentes
422 1459 635 1515 imperiali
679 1460 915 1501 munimine
964 1459 1183 1502 roborare.
1254 1458 1585 1501 Concedemus⁰
1633 1459 1937 1500 nichilominus
1979 1460 2209 1514 ampliora,
2258 1461 2291 1500 si
2333 1460 2385 1501 ad

184 1533 375 1570 nostram
413 1533 483 1569 et1‘
523 1529 689 1585 imperii
730 1528 1007 1571 devotionem
1041 1543 1117 1570 vos
1162 1532 1361 1584 prompta
1403 1529 1687 1570 conversione
1730 1528 1937 1569 dederitis
1980 1534 2022 1569 ct
2054 1530 2244 1569 converti
2280 1530 2385 1569 ulios

116 1618 149 1644 20
184 1597 354 1639 facietis
389 1612 467 1653 per
498 1597 761 1639 evidentiam
796 1613 974 1654 operum
1007 1604 1047 1639 et
1082 1599 1324 1654 exemplaq.

887 2021 1014 2089 222.
1072 2017 1699 2089 PROOESSUS

404 2133 851 2205 CONTRA
907 2132 1411 2206 COMITEM
1466 2131 2171 2204 PROVINCJAE.

1102 2270 1272 2328 (1239.
1311 2270 1466 2330 Sept.)

327 2417 596 2468 Mandatum,
628 2431 707 2470 quo
728 2417 998 2458 Raimzmdus
1021 2416 1310 2469 Bcrcnyurc'us
1340 2430 1469 2457 comcs
1494 2415 1742 2456 Provinciae
1773 2414 1821 2454 (le
1846 2414 2088 2466 msiclcle'latc
2111 2426 2388 2465 responsurus·

116 2502 150 2529 25
184 2487 241 2528 ad
269 2487 430 2528 curiam
469 2487 634 2536 citatur,
667 2487 953 2539 praebuerunt
996 2486 1032 2540 1)
1066 2485 1190 2528 codex·
1221 2485 1452 2527 Parisinus
1484 2485 1555 2526 lat.
1588 2486 1722 2525 13059
1758 2483 1822 2534 (S.
1859 2483 2063 2525 Get-main
2095 2483 2264 2536 Ilm-lay
2285 2485 2388 2535 4:35)

177 2560 287 2608 ‘pars
311 2555 358 2606 V,
387 2569 452 2597 nr.
473 2557 530 2598 32
558 2555 640 2611 fol.
660 2552 754 2607 492·
797 2555 839 2611 2)
872 2555 996 2597 codex
1027 2555 1347 2597 Vallicellianus
1378 2555 1419 2597 J.
1441 2556 1498 2595 29
1528 2566 1632 2596 sace.
1655 2553 1839 2594 XIII—
1851 2551 1975 2601 XIV,
2009 2552 2088 2606 fol.
2111 2554 2177 2600 49,
2210 2566 2268 2604 ep.
2295 2554 2387 2598 110,

185 2638 304 2678 quem
324 2625 543 2677 exscripsit
563 2624 688 2666 Perta
698 2625 732 2675 2‚·
753 2625 796 2680 3)
820 2624 944 2666 codex
963 2625 1130 2678 reqinae
1153 2624 1326 2666 Sueeiae
1347 2624 1394 2665 in
1412 2623 1627 2665 Martenoi
1652 2621 1893 2664 Collectione
1914 2620 2173 2671 amplissima
2198 2619 2260 2667 II,
2277 2620 2386 2659 1165

185 2706 250 2735 nr.
275 2696 348 2745 71,·
386 2693 431 2749 4)
463 2694 587 2736 codex
617 2694 973 2747 Guelferbytanus
994 2695 1104 2748 Any.
1130 2694 1185 2734 40
1216 2693 1350 2736 XIII.
1373 2698 1401 2734 3
1425 2692 1621 2747 fol.1&7.
1661 2715 1713 2721 —
1758 2689 2210 2731 lluillard-Ixmflwllas
2240 2687 2283 2737 V,
2306 2691 2388 2727 407

186 2763 354 2817 (collato
385 2763 516 2806 codice
538 2765 596 2814 1).
658 2764 854 2814 BMoemer,
886 2763 986 2818 Rey.
1018 2764 1116 2816 inq).
1150 2763 1195 2815 V,
1216 2766 1344 2806 2477.
2011 2757 2083 2810 (P.
2106 2757 2247 2809 deest.)

120 2907 154 2933 30
332 2890 648 2933 Venientibusa
679 2905 816 2947 nuper
847 2891 1009 2932 nuntiis
1043 2891 1125 2932 tuis
1159 2889 1212 2931 ad
1245 2890 1406 2931 curiam
1444 2892 1647 2938 nostram,
1682 2887 1796 2942 ipsos
1832 2885 2015 2940 benigne
2044 2883 2313 2938 recepimus'’
2346 2886 2389 2923 et

189 2958 470 3014 petitionibus
503 2974 559 3001 ex
590 2964 712 3015 parte
745 2964 820 3002 tua
850 2960 1060 3015 porrectis
1092 2958 1413 3000 favorabiliter⁰
1445 2960 1699 3005 annuentes,
1734 2956 1852 3010 ipsos
1876 2953 1928 2994 ad
1953 2958 1995 2994 te
2021 2952 2264 2994 remisimus
2291 2965 2384 2991 cum

189 3027 360 3069 effectu.
436 3028 764 3084 Subsequenter
812 3033 960 3070 autem
1010 3042 1066 3070 ex
1113 3028 1403 3069 insinuatione
1450 3026 1522 3069 ..³
1565 3025 1687 3081 regni
1728 3023 1995 3064 Arelatensis
2039 3026 2082 3062 et
2119 3021 2382 3062 Viennensis

190 3096 337 3138 vicarii
379 3097 598 3152 generalis
629 3111 715 3145 non
759 3097 923 3153 absque
957 3097 1204 3139 vehementi
1237 3096 1522 3138 admiratione
1556 3093 1883 3150 perpendimus,
1927 3090 2039 3145 quod
2073 3104 2168 3131 cum
2201 3094 2242 3130 te
2275 3089 2386 3144 apud

324 3222 412 3258 221.
444 3225 476 3266 ³)
501 3225 642 3258 rubrica
664 3227 702 3258 in
721 3224 759 3258 2:
793 3226 985 3259 Fridericus
1017 3226 1125 3258 eidem
1157 3233 1190 3258 et
1222 3235 1323 3267 super
1356 3224 1471 3256 eodem
1506 3227 1541 3254 ut
1576 3225 1728 3264 prestant
1757 3220 1819 3252 sibi
1854 3224 1887 3251 et
1918 3217 2055 3260 imperio
2089 3217 2280 3249 iuramenta
2311 3218 2387 3249 fide-

120 3292 152 3319 35
187 3281 301 3315 litatis.
418 3281 452 3323 b)
477 3287 611 3326 captata
639 3282 666 3315 l.
786 3284 815 3324 ⁰)
841 3283 1019 3326 impeditas
1048 3282 1074 3315 l.
1193 3280 1226 3324 d)
1252 3293 1313 3315 nos
1338 3280 1370 3314 2.
1466 3282 1495 3318 ⁰³)
1523 3281 1614 3312 locus
1639 3284 1836 3319 corruptus;
1855 3277 2008 3319 fortasse
2033 3274 2151 3316 aliqua
2175 3274 2391 3314 exciderunt,-

187 3349 303 3371 semus
327 3339 428 3382 exiqit
449 3340 691 3373 Premittimus.
787 3339 818 3382 f)
845 3341 1098 3373 aneomitanam
1123 3340 1155 3372 2.
1251 3339 1284 3380 8)
1311 3338 1563 3371 continanciam
1588 3335 1619 3368 2.
1739 3333 1772 3377 h)
1798 3334 1831 3366 fi.
1854 3334 1890 3372 1;
1917 3333 2011 3364 fratri
2036 3330 2067 3364 2.
2173 3329 2196 3373 i)
2222 3336 2333 3364 vestro
2358 3333 2389 3362 2.

187 3393 223 3439 ιι)
246 3397 358 3430 federe
383 3395 414 3430 2.
506 3396 534 3439 1)
559 3398 773 3432 dementibus
798 3397 830 3432 2.
924 3397 968 3440 m)
992 3398 1173 3431 iuramenti
1198 3397 1229 3430 2.
1325 3395 1358 3437 ¹²)
1385 3397 1419 3428 in
1444 3406 1532 3427 omn.
1559 3394 1627 3426 des.
1646 3391 1678 3425 2.
1773 3394 1805 3432 0)
1831 3389 2047 3423 concedimus
2071 3387 2103 3421 2.
2182 3393 2216 3429 Ρ)
2242 3388 2332 3421 deest
2356 3387 2388 3421 2.

158 3464 172 3478 ·
189 3454 221 3494 q)
247 3459 344 3488 extra
367 3453 399 3487 2.

324 3521 410 3557 222.
445 3523 476 3566 ³)
505 3524 681 3566 inscriptio
704 3524 806 3556 nulla
829 3525 867 3556 in
892 3524 1012 3563 1-4;
1050 3524 1192 3556 rubrum
1216 3523 1252 3555 in
1282 3522 1310 3555 1.
1337 3520 1370 3554 2.
1395 3519 1433 3554 4:
1467 3520 1659 3553 Fridericus
1684 3517 1752 3560 (Fr.
1775 3517 1807 3557 1)
1834 3517 1916 3549 citat
1940 3515 2095 3548 comitem
2120 3515 2298 3547 Provincia
2331 3526 2389 3558 pro

122 3586 156 3612 40
190 3578 239 3622 (et
262 3579 296 3623 2)
323 3573 523 3615 infidelitate
547 3583 736 3615 commissa.
855 3581 886 3623 b)
913 3583 1095 3625 recipimus
1120 3580 1151 3614 4.
1271 3579 1300 3621 ⁰)
1327 3579 1549 3612 formabiliter
1572 3575 1604 3609 4.

328 3683 362 3726 1)
387 3683 409 3717 i.
428 3694 455 3717 e.
481 3682 520 3716 in
547 3682 725 3718 Marehia.
845 3684 882 3726 2)
909 3683 945 3718 V.
973 3682 1129 3717 ‘Archiv'
1154 3682 1193 3726 V,
1210 3687 1288 3716 407.
1407 3681 1442 3723 3)
1469 3677 1623 3713 Bao-areli
1645 3675 1779 3712 comitis
1803 3674 1844 3708 de
1868 3674 2005 3709 Loreto.

326 3767 375 3791 LL.
401 3767 684 3791 CONSTlTUTIONi-:s
703 3768 739 3791 11.
2069 3747 2115 3780 39
