2558 3970
119 165 171 203 28
570 160 777 194 o'1‘'rOle
806 159 864 192 [V.
892 158 1320 192 CONS'I'ITUTIONES.
1372 158 1465 191 1201.
1509 157 1606 190 1202.
1655 156 1717 189 Nr.
1735 156 1788 197 23.
1813 156 1868 190 24.

116 276 260 325 usqne¹'
294 281 534 325 Ceperaninn.
568 281 812 315 exarchatus⁰
846 279 1032 319 Rauenna
1065 278 1292 322 Pentapolis,
1325 277 1501 318 Marehia,
1533 277 1689 310 ducatus
1719 275 1954 319 spoletanus,
1987 278 2087 310 terra
2119 276 2306 311 comitisse

117 343 322 386 Matildisd.
365 349 564 383 comitatus
598 347 843 382 Brittenorii⁰
882 359 963 381 eum
1002 346 1086 380 aliis
1124 346 1381 381 adiacentibus
1420 345 1530 380 terris
1562 345 1744 390 expressis
1776 345 1813 379 in
1844 345 1972 379 multis
2003 345 2209 391 privilegiis
2240 345 2305 379 im-

117 422 330 463 peratorum
362 429 381 451 a
419 420 586 461 tempore
618 409 823 450 Lodouicis.
891 415 967 449 Has
1000 426 1126 449 omnes
1163 426 1230 460 pro
1268 426 1376 459 posse
1407 414 1520 449 meog
1550 413 1746 448 restituam
1779 415 1817 448 et
1847 413 1974 457 quiete
2005 414 2193 448 dimittam
2225 425 2307 449 cum

118 487 217 521 0111111
249 486 515 521 iurisdictione.
555 484 725 518 districtu
760 486 797 518 et
834 484 975 517 honore
1008 494 1085 517 sno.
1146 482 1412 517 Verumtamen
1444 493 1525 515 cum
1559 481 1604 515 ad
1641 474 1924 525 recipiendumh
1955 492 2129 516 coronam
2159 481 2308 526 imperii

118 557 176 590 vel
208 568 274 600 pro
307 554 593 590 necessitatibus
626 553 778 588 ecclesie
811 553 857 587 ab
889 552 1097 597 apostolica
1129 552 1215 586 sede
1248 553 1401 586 vocatus
1433 561 1633 592 accessero,
1671 549 1716 584 de
1747 550 1924 584 mandato
1955 549 2090 584 summi
2120 550 2308 594 pontificis

117 625 295 669 recipiam
326 623 607 668 procurationes
639 622 686 655 ab
717 622 802 656 illis.
863 621 1023 656 Adiutor
1055 620 1170 655 etiam
1202 631 1263 655 ero
1287 620 1333 653 ad
1355 619 1591 654 retinendum
1613 620 1651 653 et
1672 618 1945 653 defendendum
1967 618 2120 653 ecclesie
2143 619 2308 654 Romane

118 705 271 737 regnum
304 692 438 726 Sicilie.
500 691 582 724 Tibi
615 691 728 724 etiam
761 689 910 724 domino
942 701 1024 724 meo
1058 689 1276 724 Innocentio
1307 699 1403 733 pape
1436 689 1473 722 et
1495 686 1767 721 successoribus
1789 686 1864 721 tuis
1887 698 2033 722 omnem
2059 687 2310 723 obedientiam

120 766 153 796 et
198 760 519 795 honorificentiam
563 758 757 800 exhibebo,
799 770 911 802 quam
952 758 1078 792 devoti
1120 759 1158 792 et
1197 756 1372 792 catholici
1410 756 1655 801 imperatores
1692 757 1965 790 consueverunt
1997 755 2074 790 sedi
2106 756 2310 801 apostolice

947 820 967 844 k
999 829 1037 861 et
1068 826 1265 860 arbitrium
1297 828 1402 860 tuum
1423 825 1467 859 de
1494 824 1601 859 bonis
1624 823 1956 859 consuetudinibus
1978 824 2117 869 populo
2140 824 2306 860 Romano

118 823 320 865 exhiberei.
382 828 495 863 Stabo
529 828 641 863 etiam
674 827 719 861 ad
742 827 937 862 eonsilium

119 899 308 933 servandis
342 897 383 932 Of
417 890 673 932 exhibendis
707 898 741 930 et
775 896 819 930 de
852 895 1004 940 negotio
1038 895 1237 930 Societatis
1270 894 1400 929 Tuscie
1432 905 1475 928 ac
1507 892 1737 927 Lonibardie.
1798 892 1977 928 Similiter
2009 893 2122 928 etiam
2154 893 2309 928 consilio

119 972 182 1002 tuo
222 972 256 1003 ct
299 967 475 1001 mandato
514 965 652 1011 parebo
693 959 744 999 dc
789 972 893 1013 pace
928 958 995 999 vel
1039 957 1268 998 concordia
1309 956 1508 997 facienda
1549 957 1662 997 inter
1703 969 1770 996 me
1811 960 1853 996 et
1886 955 2130 1011 Philippum
2164 970 2309 1010 regem

120 1030 393 1070 Francorum.
456 1033 501 1068 Et
536 1034 566 1068 si
597 1036 751 1079 propter
791 1033 985 1077 negotium
1025 1043 1147 1067 meum
1178 1031 1384 1066 Romanam
1422 1031 1616 1066 ecclesiam
1648 1024 1876 1075 oportueritl
1907 1030 2094 1065 incurrere
2125 1042 2309 1076 guerram,

120 1104 335 1139 suin-eniam
368 1104 412 1145 ei,
446 1104 539 1137 sicut
572 1102 776 1137 necessitas
808 1101 1067 1146 postulaverit,
1100 1101 1139 1134 in
1172 1100 1354 1153 expensis
1417 1093 1574 1134 Omnia
1597 1107 1695 1134 vero
1729 1092 1924 1147 predicta
1957 1098 2040 1133 tam
2071 1094 2310 1134 iuramento

120 1181 244 1221 quam
280 1167 436 1221 scripto
469 1166 660 1205 firmabo.
699 1178 793 1204 cum
829 1164 994 1218 imperii
1026 1163 1147 1203 fuero
1183 1176 1386 1202 coronam
1418 1161 1617 1216 adeptus.

266 1234 475 1291 [Actumlu
506 1234 650 1274 Nuxie
682 1234 724 1273 in
749 1232 999 1273 Coloniensi
1032 1231 1208 1281 diocesi,
1242 1244 1353 1271 anno
1387 1231 1598 1271 incarnati
1621 1229 1742 1270 verbi
1770 1228 1926 1281 MOGI,
1959 1229 2034 1271 VI.
2057 1229 2159 1270 Idus
2183 1229 2310 1281 Iunii,

120 1306 161 1344 in
196 1305 410 1358 presentia
446 1303 631 1356 Philippi
667 1302 834 1342 notarii.
875 1300 1018 1355 Egidii
1051 1301 1195 1341 acoliti
1229 1304 1271 1340 et
1304 1299 1502 1340 Riccardi
1537 1299 1756 1353 scriptoris
1791 1298 1944 1353 prefati
1978 1298 2135 1338 domini
2168 1295 2309 1354 pape.]

122 1734 210 1800 24.
257 1728 451 1800 PAO
468 1729 698 1800 TUM
741 1728 959 1799 CUM
998 1725 1424 1797 ADOLFO
1466 1726 2315 1798 ARCHIEPISOOPO

859 1839 1575 1913 COLONIENSI.

1034 1968 1203 2025 (1202.
1244 1967 1398 2026 Sept.)

275 2112 458 2153 Coclicem
499 2111 594 2152 bibl.
641 2111 736 2151 olim.
775 2110 986 2151 Paulinae
1027 2108 1377 2150 fflonasteriensis
1423 2121 1523 2149 saec.
1552 2109 1691 2159 XIII,
1734 2109 1817 2149 iam
1855 2109 1992 2161 reciae
2029 2108 2320 2150 Berolinensis

127 2183 198 2223 lat.
228 2181 284 2221 &⁰
319 2194 383 2222 nr.
407 2181 470 2229 50,
503 2180 695 2231 epistolas
726 2178 961 2219 Iomoeem‘z'i
992 2177 1085 2218 III.
1120 2177 1176 2218 ad
1213 2178 1421 2218 ecelesiam
1458 2176 1736 2218 Goloniensem
1766 2177 2024 2229 pertinentes
2055 2176 2320 2228 complexum,

118 2249 197 2302 fol.
224 2245 325 2288 147'
364 2248 496 2289 denuo
536 2248 709 2288 eontulit
745 2247 896 2289 Waite.
965 2246 1183 2287 Praecedit
1221 2246 1416 2286 rubrum:
1460 2245 1682 2293 Quomodo
1716 2245 1900 2286 Adolfus
1942 2244 2131 2286 secundo
2163 2245 2321 2286 iuravit

124 2320 214 2373 regi
248 2318 298 2359 O.
334 2322 375 2359 et
421 2317 473 2358 de
514 2316 832 2371 composicione
873 2330 1033 2357 eorum.
1105 2315 1218 2368 Quae
1257 2315 1377 2355 uncis
1407 2314 1663 2364 inclusimus,
1702 2327 1750 2354 ea
1788 2314 1834 2354 in
1873 2313 2003 2354 codiee
2034 2313 2165 2354 deleta
2196 2312 2320 2355 Perta

123 2387 340 2439 supplevit.
374 2411 427 2415 —
459 2385 652 2436 Bfflzmer,
684 2384 784 2437 Ray.
816 2385 913 2436 imp.
947 2383 991 2434 V,
1013 2384 1109 2425 227.
1962 2380 2032 2434 (P.
2055 2383 2175 2435 206.)

274 2527 308 2563 1.
338 2523 547 2563 Iurabunt
569 2522 733 2578 priores
759 2520 1056 2570 Colonienses,
1087 2521 1313 2575 prepositi,
1346 2519 1540 2570 abbates,
1573 2519 1723 2560 decani
1749 2523 1792 2560 et
1815 2518 2046 2571 scolastici,
2070 2519 2181 2574 quod
2204 2519 2319 2562 bona

126 2593 207 2633 fide
232 2592 605 2647 archiepiscopum
625 2588 926 2631 Coloniensem
950 2589 1154 2630 inducent
1177 2589 1230 2630 ad
1248 2593 1450 2630 constans
1470 2593 1512 2630 et
1534 2588 1659 2629 fidele
1680 2588 1934 2642 obsequium
1954 2588 2070 2642 regis
2092 2586 2319 2644 O(tt0nis),

130 2675 207 2701 nec
232 2661 274 2700 in
295 2660 383 2700 vita
406 2657 617 2713 O(tt0nis)
650 2659 766 2712 regis
799 2658 870 2698 alii
893 2657 983 2712 regi
1005 2657 1223 2698 adhereat.
1276 2657 1401 2704 Quod
1426 2658 1459 2697 si
1482 2671 1566 2698 non
1592 2657 1844 2706 servaverit,
1878 2655 2169 2697 obedientiam
2194 2670 2321 2711 quam

127 2730 206 2784 ipsi
239 2728 397 2768 debent
431 2726 686 2767 subtrahent
717 2730 759 2766 et
782 2725 954 2766 domino
986 2740 1097 2781 pape
1130 2739 1225 2766 eam
1259 2726 1513 2773 servabunt;
1547 2725 1801 2780 obsequium
1824 2729 1970 2765 autem
1993 2724 2319 2780 archiepiscopo

128 2797 179 2838 ab
227 2798 288 2837 eis
336 2796 528 2837 debitum
573 2794 664 2849 regi
706 2793 896 2849 O(tt0ni)
939 2793 1204 2849 impendent,
1253 2793 1389 2835 donee
1436 2793 1790 2848 archiepiscopus
1836 2793 1890 2833 ad
1932 2793 2186 2848 obsequium
2227 2793 2322 2847 regi

130 2865 316 2919 O(tt0ni)
349 2865 402 2905 ab
436 2865 529 2918 ipso
564 2862 802 2904 secundum
833 2862 1014 2903 formam
1047 2863 1276 2903 iuramenti
1309 2863 1375 2903 sui
1409 2861 1602 2903 debitum
1635 2866 1890 2903 revertatur.

273 2935 309 2973 2.
349 2932 528 2973 Nobiles
569 2937 682 2972 terre
717 2932 788 2986 qui
828 2930 1080 2972 iuramentis
1114 2931 1438 2986 archiepiscopo
1474 2930 1719 2971 Coloniensi
1753 2935 1852 2970 sunt
1883 2930 2060 2981 astricti,
2107 2930 2178 2984 qui
2209 2943 2322 2970 nunc

134 3008 231 3041 sunt
263 3007 501 3055 presentes,
546 3006 587 3041 ct
621 3000 705 3040 alii.
747 3013 842 3039 cum
877 3013 1024 3040 eorum
1066 2999 1213 3040 haberi
1245 3004 1391 3054 potest
1423 2999 1558 3054 copia,
1603 3013 1745 3039 coram
1786 3012 1888 3053 rege
1922 3003 1965 3039 et
1997 2998 2320 3053 archiepiscopo

130 3071 346 3110 iurabunt.
389 3069 501 3123 quod
532 3068 737 3109 inducent
769 3068 1139 3123 archiepiscopum
1172 3067 1475 3109 Coloniensem
1508 3067 1561 3108 ad
1594 3072 1795 3108 constans
1829 3071 1871 3108 et
1903 3067 2031 3108 fidele
2064 3067 2320 3121 obsequium

131 3139 245 3191 regis
280 3137 504 3191 O(tt0nis),
540 3141 581 3176 et
613 3136 723 3191 quod
757 3136 829 3176 alii
862 3137 954 3190 regi
986 3150 1069 3176 non
1103 3136 1342 3177 adherebit.
1404 3135 1529 3183 Quod
1563 3136 1596 3176 si
1627 3150 1712 3176 non
1736 3135 1900 3185 fecerit,
1935 3149 2029 3176 cum
2055 3135 2208 3175 castris
2233 3135 2320 3176 suis

131 3213 171 3246 et
204 3207 330 3246 terris
365 3219 413 3246 ac
445 3204 689 3245 hominibus
728 3205 814 3244 suis
846 3205 938 3258 regi
971 3204 1158 3259 O(tt0ni)
1193 3205 1397 3256 servient,
1437 3209 1480 3245 et
1517 3218 1601 3245 non
1634 3204 1969 3259 archiepiscop0,
2012 3203 2148 3244 donec
2180 3203 2319 3244 archi-

133 3274 359 3328 episcopus
393 3274 620 3328 resipiscat
653 3277 694 3312 et
727 3273 778 3313 ad
812 3287 958 3327 regem
993 3272 1196 3314 Ottonem
1230 3272 1426 3328 predicto
1461 3273 1588 3313 modo
1622 3277 1875 3315 revertatur.

277 3345 313 3382 3.
348 3341 656 3382 Minister-iales
691 3342 828 3381 sancti
859 3340 978 3382 Petri
1010 3341 1097 3382 XX
1128 3342 1330 3382 iurabunt
1361 3355 1436 3396 pro
1471 3355 1516 3382 se
1549 3345 1591 3382 et
1622 3354 1698 3396 pro
1731 3341 1827 3381 aliis
1859 3340 2213 3382 ministerialibus
2246 3340 2320 3390 ita,

133 3410 245 3464 quod
279 3411 385 3449 alios
428 3410 539 3450 bona
586 3409 667 3450 fide
701 3409 754 3449 ad
796 3409 908 3449 idem
947 3410 1202 3450 servandum
1236 3409 1454 3453 inducent,
1496 3409 1608 3464 quod
1641 3409 2011 3464 archiepiscopum
2044 3408 2247 3449 inducent
2279 3411 2322 3448 et

269 3533 329 3568 23.
365 3535 397 3575 b)
424 3535 465 3566 ad
492 3535 572 3568 add.
599 3535 627 3567 J.
762 3540 791 3576 (ἦ)
819 3541 999 3568 exarcatus
1024 3535 1054 3568 2.
1190 3534 1222 3577 (Γ)
1249 3536 1424 3568 Mathildis
1449 3534 1481 3568 2.
1506 3534 1537 3568 4.
1570 3535 1605 3567 Τ.
1626 3535 1655 3567 1.
1791 3535 1820 3576 θ)
1846 3536 2026 3568 Britenorii
2051 3533 2081 3567 2.
2200 3531 2232 3575 f)
2257 3534 2322 3566 Lo-

136 3593 233 3634 ‹loyei
260 3591 359 3623 2—4.
384 3591 425 3628 T;
456 3592 630 3624 Ludewici
650 3593 679 3623 I.
821 3594 852 3633 8)
877 3593 977 3635 plene
1002 3593 1083 3625 add.
1103 3594 1134 3626 I.
1251 3592 1285 3636 h)
1311 3593 1539 3636 recipiendam
1562 3590 1594 3624 4.
1628 3591 1661 3623 T.
1684 3591 1714 3624 I.
1839 3590 1862 3631 i)
1888 3592 1964 3623 exh.
1991 3591 2061 3624 sedi
2087 3591 2270 3633 apostolice
2290 3590 2320 3622 Ι.

134 3647 166 3689 k)
193 3651 372 3682 concilium
399 3648 429 3681 3.
548 3648 572 3691 l)
599 3662 650 3692 cp.
678 3651 771 3682 Rom.
798 3650 878 3681 eccl.
903 3650 931 3681 1.
1049 3650 1094 3691 ¹¹¹)
1119 3653 1244 3684 Actum
1272 3669 1310 3672 —
1337 3661 1424 3693 pape
1449 3650 1484 3682 in
1510 3649 1591 3682 solis
1613 3653 1644 3682 4.
1669 3649 1706 3682 T.

2361 562 2375 586 5

2346 904 2379 928 ιο

2349 1241 2380 1266 15

2508 1927 2513 1945 ἐ

2501 2004 2514 2027 :i

2355 2118 2389 2144 20

2356 2533 2388 2559 25
2504 2520 2511 2554 f

2487 2590 2517 2620 ί,

2501 2755 2517 2788 ⁴„

2502 2811 2510 2834 n

2357 2876 2392 2901 30
2503 2870 2512 2887 ⁶

2502 2971 2529 2996 5.

2503 3020 2523 3051 ,ὃ

2507 3064 2513 3078 N

2358 3221 2390 3248 35
2499 3212 2516 3267 ᾖ

2500 3276 2510 3317 ἳ-

2500 3323 2513 3351 ¹!

2500 3362 2510 3404 9

2357 3599 2392 3623 40
2501 3574 2508 3601 ²
