2558 3970
174 172 226 212 80
673 169 915 204 FR-IDERICI
942 170 985 204 II.
1012 169 1443 204 CONSTITUTIONES.
1493 170 1591 204 1219.
1640 169 1702 203 Nr.
1721 169 1775 204 67.
1800 168 1856 204 68.

318 291 504 336 Principes
527 294 651 325 nutem
683 290 827 334 imperii
850 292 888 324 et
910 290 1064 332 nobiles,
1098 298 1236 324 Coram
1260 283 1424 334 quibus*
1456 290 1586 333 iuravi,
1618 289 1671 324 hii
1691 292 1793 324 sunt:
1825 283 2069 324 Henrieusb
2093 283 2356 338 Argentinus

175 355 416 408 episeopus.
450 353 665 393 Hem-icus
698 351 951 391 Basiliensis
985 352 1226 406 episcopus,
1259 351 1394 393 abbas
1428 351 1575 392 Sancti
1599 351 1727 402 Galli,
1760 351 1857 406 Ugo
1890 351 2025 392 abbas
2047 351 2355 403 Morbacensis,

175 421 404 462 Golfradus
447 421 577 461 abbas
619 420 671 460 de
704 419 967 462 W'ieziburc.
1016 420 1224 461 Tibaldus
1266 421 1352 462 dux
1391 421 1693 474 Lotherfflgie,
1743 434 1885 461 comes
1922 420 2071 474 Egeno
2113 419 2165 461 de
2198 419 2354 472 Vrahc⁷

175 504 315 530 eomes
348 489 601 529 Lodowieus
634 488 685 528 de
718 487 967 539 NVirtiberc,
1007 503 1150 530 comes
1183 488 1429 530 Everardus
1463 489 1515 530 de
1550 489 1824 539 Helfinstein,
1864 488 2078 528 Henricus
2111 487 2164 528 de
2196 487 2354 540 Niffen,

175 563 217 598 et
249 571 374 611 quam
407 558 552 611 plures
585 556 668 597 alii.

316 625 473 665 Actum
507 624 619 679 apud
643 623 882 678 Hagnone
916 638 1026 665 anno
1060 624 1271 666 dominice
1306 625 1613 667 incarnationis
1646 625 1875 666 millesimo
1900 623 2198 665 ducentesimo
2221 637 2355 665 nono-

173 694 351 734 decimo.
386 707 531 734 mense
566 692 872 747 Septeinb1·is⁰‚
904 692 1136 734 indictione
1170 699 1333 735 octava.

350 1040 440 1107 67.
499 1037 1149 1108 SENTENTIA
1202 1039 1345 1109 DE
1409 1036 2194 1109 ALIENATIONE

409 1151 955 1223 BONORUM
1010 1151 2118 1223 ECOLESIASTICORUM.

1031 1277 1222 1335 (1219)
1262 1278 1394 1336 Sept
1424 1276 1502 1323 25.

314 1407 612 1459 *ledan-(whom
656 1409 697 1447 in
739 1409 976 1451 membrana
1010 1423 1148 1461 parva
1188 1410 1399 1461 scriptum,
1441 1409 1558 1449 cuius
1588 1409 1773 1461 siyilbmn
1807 1408 1889 1448 iam
1920 1408 2175 1460 deperditum
2205 1411 2274 1458 est,
2315 1409 2361 1449 in

172 1475 380 1515 tabulario
419 1477 526 1527 sessio
557 1476 868 1518 Hannoecrano
904 1481 1171 1528 ‹essm-emtum,
1203 1478 1331 1519 Arolz.
1356 1478 1533 1518 Breuem
1568 1477 1656 1517 ‹ztnd
1687 1477 1846 1518 Verdcn
1877 1490 1941 1517 nr.
1964 1478 2058 1526 101,
2089 1477 2239 1518 iterum
2270 1489 2362 1518 con-

172 1544 261 1585 fedi.
297 1570 347 1573 —
380 1543 836 1587 HmYIacm-Bre'leolles
867 1546 903 1595 I,
927 1548 1022 1589 683.
1083 1546 1276 1596 Bo'hmer,
1306 1546 1404 1599 Ray.
1430 1546 1524 1597 imp.
1558 1544 1601 1595 V,
1622 1547 1744 1586 1061.
2002 1544 2072 1599 (P.
2094 1547 2213 1595 233.)

318 1658 365 1698 F.
399 1658 480 1699 Dei
505 1659 645 1712 gratia
667 1658 959 1701 Romanorum
983 1674 1059 1701 rex
1083 1665 1125 1701 et
1149 1674 1320 1715 semper
1343 1663 1549 1714 augustus
1574 1663 1616 1700 et
1639 1674 1717 1700 rcx
1740 1658 1886 1700 Sicilie
1910 1660 2099 1714 prelatis,
2128 1659 2357 1712 nobilibus,

174 1727 527 1767 ministerialibus
562 1733 603 1769 et
636 1733 722 1768 tam
757 1729 870 1769 clero
903 1743 1028 1783 quam
1062 1730 1218 1783 populo
1242 1728 1490 1769 Bremensis
1523 1728 1704 1769 ecclesie
1737 1742 1815 1769 nec
1840 1742 1923 1769 non
1949 1733 1992 1769 et
2014 1728 2223 1769 universis
2245 1729 2355 1781 aliis,

174 1795 328 1848 quibus
361 1796 500 1836 littere
534 1802 760 1851 presentes
794 1797 935 1837 oblate
969 1798 1139 1845 fuerint,
1172 1797 1357 1852 gratiam
1392 1811 1513 1838 suam
1547 1801 1589 1837 et
1621 1810 1746 1837 omne
1781 1796 1949 1837 bonum.

317 1863 598 1905 Universitati
631 1870 773 1906 vestre
814 1870 958 1906 notum
1000 1880 1095 1907 csse
1130 1867 1324 1921 cupimus
1357 1865 1482 1921 quod⁷
1526 1865 1670 1906 multis
1709 1865 1924 1906 nobilibus
1957 1879 2099 1906 coram
2132 1865 2284 1920 positis
2316 1869 2360 1906 et

176 1932 441 1986 approbante
476 1938 567 1974 tota
598 1934 761 1974 familia
793 1935 908 1975 curie
933 1938 1089 1985 nostre,
1122 1949 1199 1990 per
1226 1934 1482 1975 sententiam
1507 1948 1648 1974 coram
1679 1933 1801 1974 nobis
1826 1933 2051 1974 diffinitum
2076 1937 2161 1974 est:
2195 1933 2359 1975 aliena-

176 2002 311 2041 tiones
355 2002 594 2042 reddituum
635 2003 895 2058 episcopalis
930 2017 1077 2044 mense
1109 2004 1243 2044 factas
1277 2017 1301 2043 a
1331 2002 1554 2044 Gerhardo
1588 2003 1657 2057 pie
1690 2002 2001 2044 recordationis
2034 2002 2359 2057 archiepiscopo

178 2070 411 2119 Bremcnsi‚
458 2085 563 2125 quos
611 2072 731 2111 titulo
776 2073 962 2126 pignoris
1004 2072 1220 2127 obligasse
1263 2071 1429 2121 dicitur,
1480 2072 1621 2112 irritas
1665 2076 1707 2112 et
1748 2071 1898 2112 inanes
1942 2085 2036 2112 esse
2077 2084 2154 2112 nec
2186 2070 2359 2126 aliquod

175 2139 346 2193 penitus
394 2139 604 2180 firmitatis
653 2141 782 2181 robur
828 2140 1001 2182 habere.
1078 2141 1286 2182 Similiter
1331 2141 1634 2191 alienationes,
1682 2154 1787 2195 quas
1828 2140 1929 2180 fecit
1966 2139 2271 2181 Waldemarus
2318 2140 2362 2181 in

177 2207 518 2261 possessionibus
553 2209 751 2259 ecclesie,
787 2208 914 2249 simili
947 2209 1036 2249 iure
1061 2209 1220 2250 viribus
1255 2209 1428 2250 omnino
1453 2222 1598 2249 carere
1622 2208 1907 2250 decernimus.
1962 2208 2085 2249 Unde
2108 2207 2361 2249 mandamus

176 2281 216 2315 ct
241 2275 317 2315 sub
343 2276 520 2316 obtentu
542 2278 677 2329 gratie
702 2282 847 2318 nostre
871 2278 1143 2333 precipimus
1177 2292 1230 2318 ne
1255 2278 1348 2333 quis
1372 2278 1574 2318 dilectum
1600 2277 1835 2333 principem
1859 2281 2053 2318 nostrum
2078 2277 2362 2319 Bremensem

178 2345 374 2384 electum.
415 2345 485 2398 qui
526 2345 705 2386 liberam
743 2346 892 2386 horum
937 2347 1125 2387 omnium
1165 2347 1492 2401 dispositionem
1526 2346 1654 2387 debet
1687 2347 1860 2397 habere,
1902 2346 1944 2386 in
1978 2360 2125 2387 eorum
2158 2345 2360 2387 fruitione

177 2413 445 2467 aliquatenus
469 2414 626 2455 audeat
649 2415 914 2469 perturbare.
949 2430 1001 2456 ne
1026 2416 1284 2456 sententiam
1317 2416 1673 2469 transgressionis
1698 2415 1825 2456 edicti
1850 2415 1986 2455 nostri
2010 2415 2050 2454 in
2077 2429 2122 2455 se
2146 2417 2361 2455 mereatur

177 2482 390 2536 excipere.

321 2550 418 2590 Dat.
454 2550 717 2605 Hagcnowe.
751 2552 850 2591 Vll.
885 2551 983 2592 Kal.
1017 2551 1231 2594 Octobris.
1266 2551 1498 2592 indictione
1522 2551 1645 2593 VIII.

179 2888 271 2954 68.
317 2884 888 2956 SENTENTIA
930 2886 1065 2956 DE
1103 2885 1516 2958 OFFIOHS
1559 2885 2360 2958 EPISCOPATUUM.

1037 3012 1227 3068 (1219)
1267 3012 1399 3069 Sept
1429 3011 1507 3057 25.

320 3130 465 3169 Edidit
498 3131 678 3181 primum
712 3131 916 3171 Mada-us
946 3132 993 3171 in
1025 3131 1359 3183 Antiquitatibus
1389 3131 1768 3173 Brunsvicensibus
1791 3146 1836 3184 p.
1858 3133 1954 3182 259,
1994 3132 2111 3173 cuius
2141 3132 2358 3173 editionem

179 3198 405 3248 repetimus,
446 3198 538 3237 dein
580 3199 719 3251 Liine'q
762 3199 1077 3240 ‘Reichsarckiv'
1113 3199 1238 3247 XVI,
1264 3201 1355 3248 107,
1397 3200 1469 3251 qui
1507 3213 1595 3240 eam
1626 3199 1826 3241 Heinrsico
1856 3200 1928 3241 VI.
1961 3200 2206 3252 adscripsit;
2245 3213 2362 3253 quem

177 3265 301 3305 secuta·
332 3268 427 3304 sunt
459 3267 609 3317 reliqui
639 3267 810 3307 editores
840 3268 1110 3319 antiquiores.
1150 3293 1199 3297 —
1234 3267 1690 3310 Huillard-Broholles
1712 3268 1748 3318 Ι,
1773 3270 1867 3310 684.
1918 3268 2110 3318 Bo‘hmer,
2141 3267 2240 3321 Ray.
2262 3269 2361 3320 imp.

189 3331 231 3381 V,
255 3334 376 3373 1062.
2012 3335 2081 3389 (P.
2102 3337 2220 3386 234.)

321 3423 591 3465 Fridericus⁸
622 3425 703 3466 Dei
737 3427 876 3479 gratia
899 3426 1187 3468 Romanorum
1221 3441 1298 3468 rex
1332 3440 1500 3482 semper
1531 3432 1741 3481 augustus
1774 3431 1816 3468 et
1839 3441 1916 3468 rex
1940 3426 2116 3468 Sicilieb
2147 3427 2361 3468 universis

2396 1298 2428 1323 10

2396 1739 2426 1764 15

2398 2085 2431 2111 20

2396 2427 2428 2454 25

2397 3147 2431 3174 ³0

180 3491 432 3532 Bremensis
466 3494 647 3533 ecclesie
686 3494 874 3548 prelatiS,
918 3496 1147 3546 canonicis,
1188 3495 1418 3545 nobilibus,
1458 3494 1809 3537 ministerialibus
1843 3498 1887 3535 et
1924 3495 2135 3536 universis
2168 3494 2220 3536 ad
2253 3508 2359 3549 quos
2396 3502 2428 3528 ³⁵

315 3592 375 3626 66.
406 3592 439 3634 b)
465 3595 632 3627 Henricus
658 3613 699 3617 —
725 3597 941 3640 Lotheringie
969 3598 1037 3630 alio
1063 3604 1251 3630 atramento
1276 3599 1404 3640 scripta
1429 3611 1478 3631 or.
1597 3598 1627 3639 c)
1656 3599 1724 3631 alio
1751 3603 1938 3630 atramento
1963 3610 2012 3631 or.

315 3648 374 3682 68.
408 3655 439 3692 ὃ)
464 3651 490 3681 F
493 3651 674 3683 ricdericus
700 3652 754 3690 ,113
783 3655 823 3685 H.
850 3666 905 3685 sea
931 3655 1099 3687 Henricus
1124 3656 1198 3687 rell.
1301 3655 1333 3696 l*)
1359 3656 1492 3688 Siciliae
1512 3655 1553 3687 M
1557 3666 1568 3696 ,·
1593 3655 1736 3688 Ceciliae
1761 3655 1856 3693 rell.,·
1879 3655 1998 3697 ubique
2023 3665 2040 3687 6
2058 3665 2127 3698 pro
2152 3665 2192 3687 ae
2217 3654 2359 3687 correxi.
