<?xml version="1.0" encoding="UTF-8"?>
<!DOCTYPE html PUBLIC "-//W3C//DTD XHTML 1.0 Transitional//EN"
    "http://www.w3.org/TR/xhtml1/DTD/xhtml1-transitional.dtd">
<html xmlns="http://www.w3.org/1999/xhtml" xml:lang="en" lang="en">
 <head>
  <title>
</title>
<meta http-equiv="Content-Type" content="text/html;charset=utf-8" />
  <meta name='ocr-system' content='tesseract 3.04.00' />
  <meta name='ocr-capabilities' content='ocr_page ocr_carea ocr_par ocr_line ocrx_word'/>
</head>
<body>
  <div class='ocr_page' id='page_1' title='image "./monumentager02geseuoft_0556.png"; bbox 0 0 2558 3970; ppageno 0'>
   <div class='ocr_carea' id='block_1_1' title="bbox 178 185 2004 240">
    <p class='ocr_par' dir='ltr' id='par_1_1' title="bbox 178 185 2004 240">
     <span class='ocr_line' id='line_1_1' title="bbox 178 185 2004 240; baseline -0.007 -11"><span class='ocrx_word' id='word_1_1' title='bbox 178 203 256 240; x_wconf 52' lang='grc' dir='ltr'>ως</span> <span class='ocrx_word' id='word_1_2' title='bbox 526 192 806 228; x_wconf 62' lang='grc' dir='ltr'>1ΧΧ4ΜΪ“Ι“ῚΧῚ“11</span> <span class='ocrx_word' id='word_1_3' title='bbox 837 191 895 224; x_wconf 75' lang='lat' dir='ltr'>IV.</span> <span class='ocrx_word' id='word_1_4' title='bbox 922 189 1185 223; x_wconf 72' lang='lat' dir='ltr'>CONCILIUM</span> <span class='ocrx_word' id='word_1_5' title='bbox 1213 186 1544 221; x_wconf 71' lang='lat' dir='ltr'>LUGDUNENSE.</span> <span class='ocrx_word' id='word_1_6' title='bbox 1595 185 1693 219; x_wconf 79' lang='lat'>1245.</span> <span class='ocrx_word' id='word_1_7' title='bbox 1742 185 1902 220; x_wconf 83' lang='lat' dir='ltr'>N1·.399.</span> <span class='ocrx_word' id='word_1_8' title='bbox 1927 185 2004 218; x_wconf 82' lang='lat'>400.</span> 
     </span>
    </p>
   </div>
   <div class='ocr_carea' id='block_1_2' title="bbox 177 334 2354 612">
    <p class='ocr_par' dir='ltr' id='par_1_2' title="bbox 177 334 2354 612">
     <span class='ocr_line' id='line_1_2' title="bbox 512 334 2012 387; baseline -0.003 -8"><span class='ocrx_word' id='word_1_9' title='bbox 512 341 611 384; x_wconf 70' lang='lat'>399.</span> <span class='ocrx_word' id='word_1_10' title='bbox 651 338 1041 381; x_wconf 36' lang='lat' dir='ltr'>1-11’1’12‘J1L111&#39;Jo</span> <span class='ocrx_word' id='word_1_11' title='bbox 1074 336 1362 378; x_wconf 72' lang='lat' dir='ltr'><em>TIMDDEI</em></span> <span class='ocrx_word' id='word_1_12' title='bbox 1389 335 1477 376; x_wconf 68' lang='lat' dir='ltr'>DJ?</span> <span class='ocrx_word' id='word_1_13' title='bbox 1503 334 1742 377; x_wconf 75' lang='lat' dir='ltr'><strong><em>SUESSA.</em></strong></span> <span class='ocrx_word' id='word_1_14' title='bbox 1794 334 1899 387; x_wconf 76' lang='lat' dir='ltr'>(In-l.</span> <span class='ocrx_word' id='word_1_15' title='bbox 1926 336 2012 381; x_wconf 82' lang='lat'><em>17.)</em></span> 
     </span>
     <span class='ocr_line' id='line_1_3' title="bbox 324 411 2352 471; baseline -0.004 -8"><span class='ocrx_word' id='word_1_16' title='bbox 324 423 480 463; x_wconf 50' lang='lat' dir='ltr'>Ituna„-</span> <span class='ocrx_word' id='word_1_17' title='bbox 517 438 535 461; x_wconf 77' lang='grc' dir='ltr'>ι’</span> <span class='ocrx_word' id='word_1_18' title='bbox 573 421 702 462; x_wconf 62' lang='lat' dir='ltr'>vadia·</span> <span class='ocrx_word' id='word_1_19' title='bbox 746 420 943 460; x_wconf 73' lang='lat' dir='ltr'>Parisino</span> <span class='ocrx_word' id='word_1_20' title='bbox 974 419 1135 459; x_wconf 71' lang='lat' dir='ltr'>Ancien</span> <span class='ocrx_word' id='word_1_21' title='bbox 1179 417 1310 471; x_wconf 67' lang='lat' dir='ltr'>fonds</span> <span class='ocrx_word' id='word_1_22' title='bbox 1351 416 1455 457; x_wconf 72' lang='lat' dir='ltr'>helin</span> <span class='ocrx_word' id='word_1_23' title='bbox 1485 417 1597 456; x_wconf 68' lang='lat'><em>20:34</em></span> <span class='ocrx_word' id='word_1_24' title='bbox 1633 411 1790 469; x_wconf 73' lang='lat' dir='ltr'>j‘ol.2&#39;,</span> <span class='ocrx_word' id='word_1_25' title='bbox 1829 428 1848 454; x_wconf 81' lang='lat' dir='ltr'>c</span> <span class='ocrx_word' id='word_1_26' title='bbox 1887 428 1966 467; x_wconf 73' lang='lat' dir='ltr'>quo</span> <span class='ocrx_word' id='word_1_27' title='bbox 2006 416 2089 456; x_wconf 64' lang='lat' dir='ltr'>‘iam</span> <span class='ocrx_word' id='word_1_28' title='bbox 2134 416 2230 456; x_wconf 64' lang='lat' dir='ltr'>olim</span> <span class='ocrx_word' id='word_1_29' title='bbox 2266 429 2352 456; x_wconf 80' lang='lat' dir='ltr'>cam</span> 
     </span>
     <span class='ocr_line' id='line_1_4' title="bbox 177 482 2354 542; baseline -0.004 -12"><span class='ocrx_word' id='word_1_30' title='bbox 177 492 418 542; x_wconf 50' lang='lat' dir='ltr'>‘st-mplare&#39;z‘</span> <span class='ocrx_word' id='word_1_31' title='bbox 460 491 521 530; x_wconf 72' lang='lat' dir='ltr'>ri}-</span> <span class='ocrx_word' id='word_1_32' title='bbox 552 490 589 531; x_wconf 73' lang='lat' dir='ltr'>d.</span> <span class='ocrx_word' id='word_1_33' title='bbox 618 489 830 531; x_wconf 71' lang='lat' dir='ltr'>Clnlrdier.</span> <span class='ocrx_word' id='word_1_34' title='bbox 871 512 923 517; x_wconf 94' lang='lat'>—</span> <span class='ocrx_word' id='word_1_35' title='bbox 963 485 1409 528; x_wconf 60' lang='grc' dir='ltr'>ΗΝἱΙΙανιῖ-ΒνόΙιοΗυς</span> <span class='ocrx_word' id='word_1_36' title='bbox 1451 483 1519 531; x_wconf 75' lang='lat' dir='ltr'>VI,</span> <span class='ocrx_word' id='word_1_37' title='bbox 1542 486 1626 523; x_wconf 64' lang='lat'>318</span> <span class='ocrx_word' id='word_1_38' title='bbox 1662 489 1732 535; x_wconf 61' lang='lat' dir='ltr'>(cat</span> <span class='ocrx_word' id='word_1_39' title='bbox 1769 482 1902 524; x_wconf 70' lang='lat' dir='ltr'>eodem</span> <span class='ocrx_word' id='word_1_40' title='bbox 1940 483 2102 537; x_wconf 67' lang='lat' dir='ltr'>codice).</span> <span class='ocrx_word' id='word_1_41' title='bbox 2162 483 2354 532; x_wconf 53' lang='lat' dir='ltr'>Balaam,</span> 
     </span>
     <span class='ocr_line' id='line_1_5' title="bbox 184 551 2214 612; baseline -0.004 -12"><span class='ocrx_word' id='word_1_42' title='bbox 184 562 276 611; x_wconf 64' lang='lat'>1:051.</span> <span class='ocrx_word' id='word_1_43' title='bbox 312 561 405 612; x_wconf 64' lang='lat' dir='ltr'>imp.</span> <span class='ocrx_word' id='word_1_44' title='bbox 434 558 475 601; x_wconf 70' lang='grc' dir='ltr'>Γ,</span> <span class='ocrx_word' id='word_1_45' title='bbox 504 561 625 598; x_wconf 68' lang='lat'><strong><em>7551.</em></strong></span> <span class='ocrx_word' id='word_1_46' title='bbox 1982 551 2051 604; x_wconf 89' lang='grc' dir='ltr'>(Ρ.</span> <span class='ocrx_word' id='word_1_47' title='bbox 2075 551 2214 603; x_wconf 71' lang='lat' dir='ltr'>deest.)</span> 
     </span>
    </p>
   </div>
   <div class='ocr_carea' id='block_1_3' title="bbox 180 665 2435 1624">
    <p class='ocr_par' dir='ltr' id='par_1_3' title="bbox 180 665 2435 1624">
     <span class='ocr_line' id='line_1_6' title="bbox 326 665 2423 725; baseline -0.002 -12"><span class='ocrx_word' id='word_1_48' title='bbox 326 674 431 713; x_wconf 43' lang='lat' dir='ltr'>(lum</span> <span class='ocrx_word' id='word_1_49' title='bbox 465 672 661 712; x_wconf 83' lang='lat' dir='ltr'>dominus</span> <span class='ocrx_word' id='word_1_50' title='bbox 704 671 935 725; x_wconf 77' lang='lat' dir='ltr'>imperator</span> <span class='ocrx_word' id='word_1_51' title='bbox 967 670 1122 710; x_wconf 81' lang='lat' dir='ltr'>citatus</span> <span class='ocrx_word' id='word_1_52' title='bbox 1156 682 1239 709; x_wconf 87' lang='lat' dir='ltr'>non</span> <span class='ocrx_word' id='word_1_53' title='bbox 1279 668 1406 709; x_wconf 86' lang='lat' dir='ltr'>fuerit</span> <span class='ocrx_word' id='word_1_54' title='bbox 1438 666 1491 707; x_wconf 85' lang='lat' dir='ltr'>ad</span> <span class='ocrx_word' id='word_1_55' title='bbox 1525 665 1788 714; x_wconf 78' lang='lat' dir='ltr'>conciliuni⁸,</span> <span class='ocrx_word' id='word_1_56' title='bbox 1832 680 1925 706; x_wconf 93' lang='lat' dir='ltr'>cum</span> <span class='ocrx_word' id='word_1_57' title='bbox 1959 665 2104 706; x_wconf 85' lang='lat' dir='ltr'>citatio</span> <span class='ocrx_word' id='word_1_58' title='bbox 2137 666 2179 706; x_wconf 91' lang='lat' dir='ltr'>in</span> <span class='ocrx_word' id='word_1_59' title='bbox 2211 666 2355 721; x_wconf 91' lang='lat' dir='ltr'>predi-</span> <span class='ocrx_word' id='word_1_60' title='bbox 2409 677 2423 701; x_wconf 74' lang='lat'><strong>⁵</strong></span> 
     </span>
     <span class='ocr_line' id='line_1_7' title="bbox 180 733 2355 794; baseline -0.003 -11"><span class='ocrx_word' id='word_1_61' title='bbox 180 745 345 783; x_wconf 72' lang='lat' dir='ltr'>catione</span> <span class='ocrx_word' id='word_1_62' title='bbox 380 743 489 782; x_wconf 73' lang='lat' dir='ltr'>sacta</span> <span class='ocrx_word' id='word_1_63' title='bbox 525 741 641 782; x_wconf 82' lang='lat' dir='ltr'>nulla</span> <span class='ocrx_word' id='word_1_64' title='bbox 673 739 800 780; x_wconf 84' lang='lat' dir='ltr'>fuerit</span> <span class='ocrx_word' id='word_1_65' title='bbox 833 740 924 794; x_wconf 85' lang='lat' dir='ltr'>ipso</span> <span class='ocrx_word' id='word_1_66' title='bbox 958 739 1047 779; x_wconf 85' lang='lat' dir='ltr'>iure</span> <span class='ocrx_word' id='word_1_67' title='bbox 1082 738 1289 778; x_wconf 79' lang='lat' dir='ltr'>canonico</span> <span class='ocrx_word' id='word_1_68' title='bbox 1324 742 1367 777; x_wconf 84' lang='lat' dir='ltr'>et</span> <span class='ocrx_word' id='word_1_69' title='bbox 1399 735 1527 783; x_wconf 78' lang='lat' dir='ltr'>civili,</span> <span class='ocrx_word' id='word_1_70' title='bbox 1560 739 1602 775; x_wconf 84' lang='lat' dir='ltr'>et</span> <span class='ocrx_word' id='word_1_71' title='bbox 1634 734 1764 775; x_wconf 82' lang='lat' dir='ltr'>etiam</span> <span class='ocrx_word' id='word_1_72' title='bbox 1796 733 1959 774; x_wconf 88' lang='lat' dir='ltr'>incerta</span> <span class='ocrx_word' id='word_1_73' title='bbox 1989 734 2119 775; x_wconf 87' lang='lat' dir='ltr'>fuerit</span> <span class='ocrx_word' id='word_1_74' title='bbox 2150 749 2232 776; x_wconf 89' lang='lat' dir='ltr'>non</span> <span class='ocrx_word' id='word_1_75' title='bbox 2256 750 2355 777; x_wconf 89' lang='lat' dir='ltr'>con-</span> 
     </span>
     <span class='ocr_line' id='line_1_8' title="bbox 181 803 2358 866; baseline -0.003 -14"><span class='ocrx_word' id='word_1_76' title='bbox 181 815 320 853; x_wconf 76' lang='lat' dir='ltr'>tinens</span> <span class='ocrx_word' id='word_1_77' title='bbox 354 824 479 866; x_wconf 80' lang='lat' dir='ltr'>super</span> <span class='ocrx_word' id='word_1_78' title='bbox 512 824 593 864; x_wconf 88' lang='lat' dir='ltr'>quo</span> <span class='ocrx_word' id='word_1_79' title='bbox 628 808 825 849; x_wconf 87' lang='lat' dir='ltr'>dominus</span> <span class='ocrx_word' id='word_1_80' title='bbox 859 809 1092 863; x_wconf 79' lang='lat' dir='ltr'>imperator</span> <span class='ocrx_word' id='word_1_81' title='bbox 1125 807 1339 852; x_wconf 74' lang='lat' dir='ltr'>citaretur,</span> <span class='ocrx_word' id='word_1_82' title='bbox 1372 809 1417 845; x_wconf 89' lang='lat' dir='ltr'>ut</span> <span class='ocrx_word' id='word_1_83' title='bbox 1451 804 1613 844; x_wconf 85' lang='lat' dir='ltr'>veniret</span> <span class='ocrx_word' id='word_1_84' title='bbox 1646 803 1710 843; x_wconf 90' lang='lat' dir='ltr'>vcl</span> <span class='ocrx_word' id='word_1_85' title='bbox 1744 807 2065 858; x_wconf 87' lang='lat' dir='ltr'>procuratorem</span> <span class='ocrx_word' id='word_1_86' title='bbox 2098 804 2288 845; x_wconf 88' lang='lat' dir='ltr'>mitteret</span> <span class='ocrx_word' id='word_1_87' title='bbox 2319 805 2358 846; x_wconf 90' lang='lat' dir='ltr'>in</span> 
     </span>
     <span class='ocr_line' id='line_1_9' title="bbox 182 871 2360 934; baseline -0.004 -13"><span class='ocrx_word' id='word_1_88' title='bbox 182 881 361 921; x_wconf 72' lang='lat' dir='ltr'>concilio</span> <span class='ocrx_word' id='word_1_89' title='bbox 395 892 709 934; x_wconf 82' lang='lat' dir='ltr'>responsurum.</span> <span class='ocrx_word' id='word_1_90' title='bbox 742 877 796 917; x_wconf 84' lang='lat' dir='ltr'>sit</span> <span class='ocrx_word' id='word_1_91' title='bbox 829 877 958 917; x_wconf 85' lang='lat' dir='ltr'>ctiam</span> <span class='ocrx_word' id='word_1_92' title='bbox 992 875 1187 916; x_wconf 89' lang='lat' dir='ltr'>dominus</span> <span class='ocrx_word' id='word_1_93' title='bbox 1219 888 1330 929; x_wconf 81' lang='lat' dir='ltr'>papa</span> <span class='ocrx_word' id='word_1_94' title='bbox 1361 874 1402 914; x_wconf 92' lang='lat' dir='ltr'>in</span> <span class='ocrx_word' id='word_1_95' title='bbox 1433 885 1589 927; x_wconf 84' lang='lat' dir='ltr'>guerra</span> <span class='ocrx_word' id='word_1_96' title='bbox 1620 885 1715 912; x_wconf 84' lang='lat' dir='ltr'>cum</span> <span class='ocrx_word' id='word_1_97' title='bbox 1749 885 1798 912; x_wconf 93' lang='lat' dir='ltr'>eo</span> <span class='ocrx_word' id='word_1_98' title='bbox 1830 876 1873 912; x_wconf 86' lang='lat' dir='ltr'>et</span> <span class='ocrx_word' id='word_1_99' title='bbox 1905 871 1958 912; x_wconf 93' lang='lat' dir='ltr'>sit</span> <span class='ocrx_word' id='word_1_100' title='bbox 1985 871 2180 912; x_wconf 90' lang='lat' dir='ltr'>inimicus</span> <span class='ocrx_word' id='word_1_101' title='bbox 2211 873 2360 927; x_wconf 88' lang='lat' dir='ltr'>ipsius,</span> 
     </span>
     <span class='ocr_line' id='line_1_10' title="bbox 182 940 2361 999; baseline -0.003 -10"><span class='ocrx_word' id='word_1_102' title='bbox 182 956 223 990; x_wconf 78' lang='lat' dir='ltr'>et</span> <span class='ocrx_word' id='word_1_103' title='bbox 263 954 407 989; x_wconf 74' lang='lat' dir='ltr'>eontra</span> <span class='ocrx_word' id='word_1_104' title='bbox 449 962 572 988; x_wconf 84' lang='lat' dir='ltr'>omne</span> <span class='ocrx_word' id='word_1_105' title='bbox 616 947 678 987; x_wconf 85' lang='lat' dir='ltr'>ius</span> <span class='ocrx_word' id='word_1_106' title='bbox 710 950 902 986; x_wconf 81' lang='lat' dir='ltr'>assumat</span> <span class='ocrx_word' id='word_1_107' title='bbox 942 948 1086 999; x_wconf 80' lang='lat' dir='ltr'>partes</span> <span class='ocrx_word' id='word_1_108' title='bbox 1127 942 1278 984; x_wconf 86' lang='lat' dir='ltr'>iudicis</span> <span class='ocrx_word' id='word_1_109' title='bbox 1318 947 1362 983; x_wconf 90' lang='lat' dir='ltr'>et</span> <span class='ocrx_word' id='word_1_110' title='bbox 1394 941 1551 982; x_wconf 86' lang='lat' dir='ltr'>actoris</span> <span class='ocrx_word' id='word_1_111' title='bbox 1586 944 1628 980; x_wconf 89' lang='lat' dir='ltr'>et</span> <span class='ocrx_word' id='word_1_112' title='bbox 1661 944 1758 981; x_wconf 86' lang='lat' dir='ltr'>ante</span> <span class='ocrx_word' id='word_1_113' title='bbox 1793 943 1963 994; x_wconf 90' lang='lat' dir='ltr'>ceptum</span> <span class='ocrx_word' id='word_1_114' title='bbox 1995 940 2218 991; x_wconf 88' lang='lat' dir='ltr'>iudicium,</span> <span class='ocrx_word' id='word_1_115' title='bbox 2261 945 2361 982; x_wconf 88' lang='lat' dir='ltr'>ante</span> 
     </span>
     <span class='ocr_line' id='line_1_11' title="bbox 181 1009 2432 1072; baseline -0.003 -15"><span class='ocrx_word' id='word_1_116' title='bbox 181 1019 308 1058; x_wconf 79' lang='lat' dir='ltr'>etiam</span> <span class='ocrx_word' id='word_1_117' title='bbox 351 1031 475 1072; x_wconf 80' lang='lat' dir='ltr'>quam</span> <span class='ocrx_word' id='word_1_118' title='bbox 520 1016 571 1057; x_wconf 93' lang='lat' dir='ltr'>dc</span> <span class='ocrx_word' id='word_1_119' title='bbox 611 1014 840 1071; x_wconf 83' lang='lat' dir='ltr'>propositis</span> <span class='ocrx_word' id='word_1_120' title='bbox 885 1017 1070 1058; x_wconf 88' lang='lat' dir='ltr'>constet,</span> <span class='ocrx_word' id='word_1_121' title='bbox 1117 1025 1211 1052; x_wconf 89' lang='lat' dir='ltr'>cum</span> <span class='ocrx_word' id='word_1_122' title='bbox 1251 1015 1398 1051; x_wconf 90' lang='lat' dir='ltr'>contra</span> <span class='ocrx_word' id='word_1_123' title='bbox 1430 1009 1647 1050; x_wconf 90' lang='lat' dir='ltr'>dominum</span> <span class='ocrx_word' id='word_1_124' title='bbox 1687 1009 1991 1064; x_wconf 81' lang='lat' dir='ltr'>imperatorem</span> <span class='ocrx_word' id='word_1_125' title='bbox 2035 1010 2255 1065; x_wconf 88' lang='lat' dir='ltr'>proposita</span> <span class='ocrx_word' id='word_1_126' title='bbox 2285 1024 2364 1065; x_wconf 90' lang='lat' dir='ltr'>per</span> <span class='ocrx_word' id='word_1_127' title='bbox 2400 1026 2432 1050; x_wconf 87' lang='lat'>10</span> 
     </span>
     <span class='ocr_line' id='line_1_12' title="bbox 182 1077 2363 1140; baseline -0.003 -15"><span class='ocrx_word' id='word_1_128' title='bbox 182 1100 390 1127; x_wconf 68' lang='lat' dir='ltr'>summum</span> <span class='ocrx_word' id='word_1_129' title='bbox 426 1084 668 1140; x_wconf 82' lang='lat' dir='ltr'>pontificem</span> <span class='ocrx_word' id='word_1_130' title='bbox 703 1088 745 1123; x_wconf 87' lang='lat' dir='ltr'>et</span> <span class='ocrx_word' id='word_1_131' title='bbox 777 1083 885 1124; x_wconf 84' lang='lat' dir='ltr'>alios</span> <span class='ocrx_word' id='word_1_132' title='bbox 919 1082 1090 1122; x_wconf 90' lang='lat' dir='ltr'>omnino</span> <span class='ocrx_word' id='word_1_133' title='bbox 1123 1084 1348 1134; x_wconf 74' lang='lat' dir='ltr'>negentur,</span> <span class='ocrx_word' id='word_1_134' title='bbox 1384 1084 1426 1120; x_wconf 91' lang='lat' dir='ltr'>et</span> <span class='ocrx_word' id='word_1_135' title='bbox 1458 1077 1653 1119; x_wconf 89' lang='lat' dir='ltr'>intendat</span> <span class='ocrx_word' id='word_1_136' title='bbox 1675 1077 1942 1118; x_wconf 87' lang='lat' dir='ltr'>diffinitivam</span> <span class='ocrx_word' id='word_1_137' title='bbox 1976 1078 2233 1119; x_wconf 73' lang='lat' dir='ltr'>sententiam</span> <span class='ocrx_word' id='word_1_138' title='bbox 2265 1092 2363 1133; x_wconf 87' lang='lat' dir='ltr'>pro-</span> 
     </span>
     <span class='ocr_line' id='line_1_13' title="bbox 181 1146 2364 1209; baseline -0.004 -13"><span class='ocrx_word' id='word_1_139' title='bbox 181 1156 392 1209; x_wconf 75' lang='lat' dir='ltr'>nmlgare:</span> <span class='ocrx_word' id='word_1_140' title='bbox 429 1169 508 1208; x_wconf 87' lang='lat' dir='ltr'>ego</span> <span class='ocrx_word' id='word_1_141' title='bbox 532 1153 735 1194; x_wconf 82' lang='lat' dir='ltr'>Thadeus</span> <span class='ocrx_word' id='word_1_142' title='bbox 759 1151 812 1192; x_wconf 90' lang='lat' dir='ltr'>de</span> <span class='ocrx_word' id='word_1_143' title='bbox 839 1151 997 1192; x_wconf 84' lang='lat' dir='ltr'>Suessa</span> <span class='ocrx_word' id='word_1_144' title='bbox 1011 1151 1026 1174; x_wconf 59' lang='grc' dir='ltr'>Ι)</span> <span class='ocrx_word' id='word_1_145' title='bbox 1058 1163 1215 1204; x_wconf 81' lang='lat' dir='ltr'>magne</span> <span class='ocrx_word' id='word_1_146' title='bbox 1249 1148 1482 1204; x_wconf 85' lang='lat' dir='ltr'>imperialis</span> <span class='ocrx_word' id='word_1_147' title='bbox 1506 1147 1623 1188; x_wconf 90' lang='lat' dir='ltr'>curie</span> <span class='ocrx_word' id='word_1_148' title='bbox 1647 1146 1792 1197; x_wconf 83' lang='lat' dir='ltr'>iudex,</span> <span class='ocrx_word' id='word_1_149' title='bbox 1825 1160 1849 1186; x_wconf 86' lang='lat' dir='ltr'>a</span> <span class='ocrx_word' id='word_1_150' title='bbox 1870 1146 2039 1187; x_wconf 89' lang='lat' dir='ltr'>domino</span> <span class='ocrx_word' id='word_1_151' title='bbox 2064 1160 2158 1187; x_wconf 90' lang='lat' dir='ltr'>meo</span> <span class='ocrx_word' id='word_1_152' title='bbox 2179 1147 2364 1203; x_wconf 87' lang='lat' dir='ltr'>impera-</span> 
     </span>
     <span class='ocr_line' id='line_1_14' title="bbox 182 1215 2367 1279; baseline -0.004 -15"><span class='ocrx_word' id='word_1_153' title='bbox 182 1231 273 1265; x_wconf 84' lang='lat' dir='ltr'>tore</span> <span class='ocrx_word' id='word_1_154' title='bbox 318 1229 568 1279; x_wconf 81' lang='lat' dir='ltr'>procurator</span> <span class='ocrx_word' id='word_1_155' title='bbox 611 1221 663 1263; x_wconf 78' lang='lat' dir='ltr'>ad</span> <span class='ocrx_word' id='word_1_156' title='bbox 707 1221 785 1261; x_wconf 89' lang='lat' dir='ltr'>hoc</span> <span class='ocrx_word' id='word_1_157' title='bbox 833 1220 1078 1275; x_wconf 77' lang='lat' dir='ltr'>specialiter</span> <span class='ocrx_word' id='word_1_158' title='bbox 1118 1218 1396 1268; x_wconf 85' lang='lat' dir='ltr'>constitutus,</span> <span class='ocrx_word' id='word_1_159' title='bbox 1444 1216 1538 1257; x_wconf 92' lang='lat' dir='ltr'>dico</span> <span class='ocrx_word' id='word_1_160' title='bbox 1586 1215 1747 1256; x_wconf 87' lang='lat' dir='ltr'>nullam</span> <span class='ocrx_word' id='word_1_161' title='bbox 1787 1215 1877 1257; x_wconf 86' lang='lat' dir='ltr'>fore</span> <span class='ocrx_word' id='word_1_162' title='bbox 1918 1216 2175 1257; x_wconf 80' lang='lat' dir='ltr'>sententiam</span> <span class='ocrx_word' id='word_1_163' title='bbox 2218 1220 2367 1257; x_wconf 86' lang='lat' dir='ltr'>contra</span> 
     </span>
     <span class='ocr_line' id='line_1_15' title="bbox 183 1285 2364 1346; baseline -0.004 -12"><span class='ocrx_word' id='word_1_164' title='bbox 183 1294 398 1334; x_wconf 83' lang='lat' dir='ltr'>dominum</span> <span class='ocrx_word' id='word_1_165' title='bbox 443 1305 584 1333; x_wconf 88' lang='lat' dir='ltr'>meum</span> <span class='ocrx_word' id='word_1_166' title='bbox 627 1291 931 1346; x_wconf 82' lang='lat' dir='ltr'>imperatorem</span> <span class='ocrx_word' id='word_1_167' title='bbox 975 1302 1053 1343; x_wconf 91' lang='lat' dir='ltr'>per</span> <span class='ocrx_word' id='word_1_168' title='bbox 1096 1301 1308 1329; x_wconf 88' lang='lat' dir='ltr'>summum</span> <span class='ocrx_word' id='word_1_169' title='bbox 1354 1285 1599 1341; x_wconf 91' lang='lat' dir='ltr'>pontificem</span> <span class='ocrx_word' id='word_1_170' title='bbox 1639 1285 1681 1325; x_wconf 92' lang='lat' dir='ltr'>in</span> <span class='ocrx_word' id='word_1_171' title='bbox 1725 1285 1918 1339; x_wconf 86' lang='lat' dir='ltr'>presenti</span> <span class='ocrx_word' id='word_1_172' title='bbox 1962 1285 2139 1325; x_wconf 89' lang='lat' dir='ltr'>concilio</span> <span class='ocrx_word' id='word_1_173' title='bbox 2180 1285 2364 1340; x_wconf 91' lang='lat' dir='ltr'>promul-</span> 
     </span>
     <span class='ocr_line' id='line_1_16' title="bbox 183 1353 2435 1417; baseline -0.004 -14"><span class='ocrx_word' id='word_1_174' title='bbox 183 1362 389 1417; x_wconf 77' lang='lat' dir='ltr'>gandam:</span> <span class='ocrx_word' id='word_1_175' title='bbox 431 1362 464 1401; x_wconf 84' lang='lat' dir='ltr'>si</span> <span class='ocrx_word' id='word_1_176' title='bbox 506 1365 649 1401; x_wconf 82' lang='lat' dir='ltr'>tamen</span> <span class='ocrx_word' id='word_1_177' title='bbox 682 1358 825 1412; x_wconf 79' lang='lat' dir='ltr'>aliqua</span> <span class='ocrx_word' id='word_1_178' title='bbox 858 1357 931 1407; x_wconf 87' lang='lat' dir='ltr'>sit,</span> <span class='ocrx_word' id='word_1_179' title='bbox 972 1355 1085 1412; x_wconf 90' lang='lat' dir='ltr'>quod</span> <span class='ocrx_word' id='word_1_180' title='bbox 1118 1356 1291 1396; x_wconf 93' lang='lat' dir='ltr'>omnino</span> <span class='ocrx_word' id='word_1_181' title='bbox 1325 1354 1522 1406; x_wconf 87' lang='lat' dir='ltr'>diffiteor,</span> <span class='ocrx_word' id='word_1_182' title='bbox 1569 1367 1664 1394; x_wconf 90' lang='lat' dir='ltr'>cum</span> <span class='ocrx_word' id='word_1_183' title='bbox 1706 1354 1849 1393; x_wconf 90' lang='lat' dir='ltr'>nullus</span> <span class='ocrx_word' id='word_1_184' title='bbox 1882 1354 1935 1393; x_wconf 91' lang='lat' dir='ltr'>sit</span> <span class='ocrx_word' id='word_1_185' title='bbox 1968 1353 2009 1394; x_wconf 92' lang='lat' dir='ltr'>in</span> <span class='ocrx_word' id='word_1_186' title='bbox 2042 1367 2094 1394; x_wconf 88' lang='lat' dir='ltr'>ea</span> <span class='ocrx_word' id='word_1_187' title='bbox 2126 1354 2228 1394; x_wconf 90' lang='lat' dir='ltr'>iuris</span> <span class='ocrx_word' id='word_1_188' title='bbox 2261 1353 2364 1395; x_wconf 91' lang='lat' dir='ltr'>ordo</span> <span class='ocrx_word' id='word_1_189' title='bbox 2406 1375 2435 1399; x_wconf 77' lang='lat'>15</span> 
     </span>
     <span class='ocr_line' id='line_1_17' title="bbox 184 1422 2367 1484; baseline -0.004 -12"><span class='ocrx_word' id='word_1_190' title='bbox 184 1438 400 1472; x_wconf 76' lang='lat' dir='ltr'>servatus.</span> <span class='ocrx_word' id='word_1_191' title='bbox 434 1429 487 1470; x_wconf 82' lang='lat' dir='ltr'>ab</span> <span class='ocrx_word' id='word_1_192' title='bbox 520 1429 613 1484; x_wconf 86' lang='lat' dir='ltr'>ipsa</span> <span class='ocrx_word' id='word_1_193' title='bbox 647 1427 699 1468; x_wconf 86' lang='lat' dir='ltr'>ad</span> <span class='ocrx_word' id='word_1_194' title='bbox 734 1426 922 1467; x_wconf 85' lang='lat' dir='ltr'>futurum</span> <span class='ocrx_word' id='word_1_195' title='bbox 955 1426 1194 1467; x_wconf 87' lang='lat' dir='ltr'>Romanum</span> <span class='ocrx_word' id='word_1_196' title='bbox 1236 1424 1478 1480; x_wconf 87' lang='lat' dir='ltr'>pontificem</span> <span class='ocrx_word' id='word_1_197' title='bbox 1512 1427 1554 1463; x_wconf 89' lang='lat' dir='ltr'>et</span> <span class='ocrx_word' id='word_1_198' title='bbox 1585 1422 1638 1463; x_wconf 88' lang='lat' dir='ltr'>ad</span> <span class='ocrx_word' id='word_1_199' title='bbox 1670 1422 1911 1463; x_wconf 88' lang='lat' dir='ltr'>universale</span> <span class='ocrx_word' id='word_1_200' title='bbox 1945 1422 2170 1464; x_wconf 88' lang='lat' dir='ltr'>concilium</span> <span class='ocrx_word' id='word_1_201' title='bbox 2204 1437 2367 1476; x_wconf 82' lang='lat' dir='ltr'>regum,</span> 
     </span>
     <span class='ocr_line' id='line_1_18' title="bbox 188 1491 2366 1556; baseline -0.004 -16"><span class='ocrx_word' id='word_1_202' title='bbox 188 1501 423 1556; x_wconf 78' lang='lat' dir='ltr'>principum</span> <span class='ocrx_word' id='word_1_203' title='bbox 458 1503 500 1539; x_wconf 88' lang='lat' dir='ltr'>et</span> <span class='ocrx_word' id='word_1_204' title='bbox 533 1497 817 1552; x_wconf 75' lang='lat' dir='ltr'>prelatorum,</span> <span class='ocrx_word' id='word_1_205' title='bbox 851 1509 945 1536; x_wconf 85' lang='lat' dir='ltr'>cum</span> <span class='ocrx_word' id='word_1_206' title='bbox 981 1509 1159 1550; x_wconf 84' lang='lat' dir='ltr'>presens</span> <span class='ocrx_word' id='word_1_207' title='bbox 1193 1493 1420 1535; x_wconf 89' lang='lat' dir='ltr'>concilium</span> <span class='ocrx_word' id='word_1_208' title='bbox 1454 1492 1695 1533; x_wconf 87' lang='lat' dir='ltr'>universale</span> <span class='ocrx_word' id='word_1_209' title='bbox 1728 1505 1809 1531; x_wconf 92' lang='lat' dir='ltr'>non</span> <span class='ocrx_word' id='word_1_210' title='bbox 1842 1492 1916 1542; x_wconf 85' lang='lat' dir='ltr'>sit,</span> <span class='ocrx_word' id='word_1_211' title='bbox 1951 1505 2025 1546; x_wconf 89' lang='lat' dir='ltr'>pro</span> <span class='ocrx_word' id='word_1_212' title='bbox 2059 1496 2180 1546; x_wconf 86' lang='lat' dir='ltr'>parte</span> <span class='ocrx_word' id='word_1_213' title='bbox 2211 1491 2366 1532; x_wconf 91' lang='lat' dir='ltr'>domini</span> 
     </span>
     <span class='ocr_line' id='line_1_19' title="bbox 187 1566 699 1624; baseline -0.01 -14"><span class='ocrx_word' id='word_1_214' title='bbox 187 1568 456 1624; x_wconf 75' lang='lat' dir='ltr'>imperatoris</span> <span class='ocrx_word' id='word_1_215' title='bbox 488 1566 699 1622; x_wconf 74' lang='lat' dir='ltr'>app01100.</span> 
     </span>
    </p>
   </div>
   <div class='ocr_carea' id='block_1_4' title="bbox 748 1720 1811 1766">
    <p class='ocr_par' dir='ltr' id='par_1_4' title="bbox 748 1720 1811 1766">
     <span class='ocr_line' id='line_1_20' title="bbox 748 1720 1811 1766; baseline -0.004 -1"><span class='ocrx_word' id='word_1_216' title='bbox 748 1723 851 1765; x_wconf 83' lang='lat'><strong>400.</strong></span> <span class='ocrx_word' id='word_1_217' title='bbox 892 1723 1104 1766; x_wconf 88' lang='lat' dir='ltr'><em>BULLA</em></span> <span class='ocrx_word' id='word_1_218' title='bbox 1134 1720 1579 1764; x_wconf 79' lang='lat' dir='ltr'><strong><em>DEPOSITIONIS.</em></strong></span> <span class='ocrx_word' id='word_1_219' title='bbox 1640 1721 1723 1762; x_wconf 77' lang='grc' dir='ltr'><em>Ιιιῖ.</em></span> <span class='ocrx_word' id='word_1_220' title='bbox 1747 1723 1811 1761; x_wconf 81' lang='lat'>17.</span> 
     </span>
    </p>
   </div>
   <div class='ocr_carea' id='block_1_5' title="bbox 185 1800 2493 2271">
    <p class='ocr_par' dir='ltr' id='par_1_5' title="bbox 185 1800 2493 2271">
     <span class='ocr_line' id='line_1_21' title="bbox 331 1800 2493 1861; baseline -0.002 -16"><span class='ocrx_word' id='word_1_221' title='bbox 331 1810 588 1861; x_wconf 54' lang='lat' dir='ltr'>Quanquam</span> <span class='ocrx_word' id='word_1_222' title='bbox 627 1806 693 1845; x_wconf 66' lang='lat' dir='ltr'>vir</span> <span class='ocrx_word' id='word_1_223' title='bbox 731 1804 769 1846; x_wconf 78' lang='lat' dir='ltr'>d.</span> <span class='ocrx_word' id='word_1_224' title='bbox 794 1804 1034 1856; x_wconf 64' lang='lat' dir='ltr'>Rodeozberq</span> <span class='ocrx_word' id='word_1_225' title='bbox 1066 1802 1292 1854; x_wconf 63' lang='grc' dir='ltr'>ίΕρίείοῐασ</span> <span class='ocrx_word' id='word_1_226' title='bbox 1323 1801 1477 1842; x_wconf 71' lang='lat' dir='ltr'>saeculi</span> <span class='ocrx_word' id='word_1_227' title='bbox 1507 1800 1641 1842; x_wconf 83' lang='lat' dir='ltr'><strong><em>XIII.</em></strong></span> <span class='ocrx_word' id='word_1_228' title='bbox 1674 1815 1693 1841; x_wconf 80' lang='lat' dir='ltr'>c</span> <span class='ocrx_word' id='word_1_229' title='bbox 1724 1800 1892 1853; x_wconf 67' lang='lat' dir='ltr'>rcyestz‘s</span> <span class='ocrx_word' id='word_1_230' title='bbox 1914 1800 2160 1852; x_wconf 71' lang='lat' dir='ltr'>pontificum</span> <span class='ocrx_word' id='word_1_231' title='bbox 2190 1800 2368 1842; x_wconf 75' lang='lat' dir='ltr'>selectae’</span> <span class='ocrx_word' id='word_1_232' title='bbox 2407 1823 2441 1848; x_wconf 77' lang='lat'>20</span> <span class='ocrx_word' id='word_1_233' title='bbox 2490 1839 2493 1841; x_wconf 88' lang='lat'>.</span> 
     </span>
     <span class='ocr_line' id='line_1_22' title="bbox 187 1868 2374 1923; baseline -0.005 -5"><span class='ocrx_word' id='word_1_234' title='bbox 187 1878 250 1919; x_wconf 88' lang='lat' dir='ltr'>II.</span> <span class='ocrx_word' id='word_1_235' title='bbox 284 1890 349 1918; x_wconf 81' lang='grc' dir='ltr'>ην.</span> <span class='ocrx_word' id='word_1_236' title='bbox 376 1878 455 1916; x_wconf 65' lang='lat'>124</span> <span class='ocrx_word' id='word_1_237' title='bbox 488 1875 595 1915; x_wconf 72' lang='lat' dir='ltr'>hane</span> <span class='ocrx_word' id='word_1_238' title='bbox 627 1874 781 1914; x_wconf 71' lang='lat' dir='ltr'>bullam</span> <span class='ocrx_word' id='word_1_239' title='bbox 823 1872 956 1913; x_wconf 73' lang='lat' dir='ltr'>denuo</span> <span class='ocrx_word' id='word_1_240' title='bbox 986 1871 1115 1912; x_wconf 62' lang='lat' dir='ltr'>edidit</span> <span class='ocrx_word' id='word_1_241' title='bbox 1144 1873 1180 1911; x_wconf 74' lang='lat' dir='ltr'>ct</span> <span class='ocrx_word' id='word_1_242' title='bbox 1210 1871 1258 1911; x_wconf 76' lang='lat' dir='ltr'>dc</span> <span class='ocrx_word' id='word_1_243' title='bbox 1289 1870 1466 1911; x_wconf 66' lang='lat' dir='ltr'>diversis</span> <span class='ocrx_word' id='word_1_244' title='bbox 1495 1870 1583 1911; x_wconf 68' lang='lat' dir='ltr'>eius</span> <span class='ocrx_word' id='word_1_245' title='bbox 1615 1868 1771 1923; x_wconf 75' lang='lat' dir='ltr'>formis</span> <span class='ocrx_word' id='word_1_246' title='bbox 1801 1868 2029 1910; x_wconf 69' lang='lat' dir='ltr'>doctissime</span> <span class='ocrx_word' id='word_1_247' title='bbox 2050 1868 2274 1921; x_wconf 72' lang='lat' dir='ltr'>praefatus</span> <span class='ocrx_word' id='word_1_248' title='bbox 2303 1871 2374 1919; x_wconf 73' lang='lat' dir='ltr'>cst,</span> 
     </span>
     <span class='ocr_line' id='line_1_23' title="bbox 185 1937 2376 1996; baseline -0.002 -13"><span class='ocrx_word' id='word_1_249' title='bbox 185 1959 271 1985; x_wconf 61' lang='lat' dir='ltr'>vam</span> <span class='ocrx_word' id='word_1_250' title='bbox 316 1945 461 1984; x_wconf 67' lang='lat' dir='ltr'>itm-um</span> <span class='ocrx_word' id='word_1_251' title='bbox 496 1943 674 1995; x_wconf 70' lang='lat' dir='ltr'>proponi</span> <span class='ocrx_word' id='word_1_252' title='bbox 709 1941 786 1996; x_wconf 78' lang='lat' dir='ltr'>sas</span> <span class='ocrx_word' id='word_1_253' title='bbox 821 1944 931 1990; x_wconf 70' lang='lat' dir='ltr'>crat,</span> <span class='ocrx_word' id='word_1_254' title='bbox 972 1941 1071 1993; x_wconf 75' lang='lat' dir='ltr'>quia</span> <span class='ocrx_word' id='word_1_255' title='bbox 1111 1939 1322 1991; x_wconf 66' lang='lat' dir='ltr'>exemplar</span> <span class='ocrx_word' id='word_1_256' title='bbox 1352 1938 1638 1992; x_wconf 74' lang='lat' dir='ltr'>autoymphmz</span> <span class='ocrx_word' id='word_1_257' title='bbox 1668 1938 1782 1979; x_wconf 73' lang='lat' dir='ltr'>nacti</span> <span class='ocrx_word' id='word_1_258' title='bbox 1811 1950 1965 1980; x_wconf 72' lang='lat' dir='ltr'>sumus.</span> <span class='ocrx_word' id='word_1_259' title='bbox 2029 1937 2145 1990; x_wconf 74' lang='lat' dir='ltr'>Quod</span> <span class='ocrx_word' id='word_1_260' title='bbox 2173 1938 2282 1979; x_wconf 73' lang='lat' dir='ltr'>eruit</span> <span class='ocrx_word' id='word_1_261' title='bbox 2310 1938 2376 1979; x_wconf 64' lang='grc' dir='ltr'>τόν</span> 
     </span>
     <span class='ocr_line' id='line_1_24' title="bbox 191 2006 2376 2061; baseline -0.002 -10"><span class='ocrx_word' id='word_1_262' title='bbox 191 2015 236 2054; x_wconf 65' lang='grc' dir='ltr'>Λ.</span> <span class='ocrx_word' id='word_1_263' title='bbox 261 2013 396 2054; x_wconf 64' lang='lat' dir='ltr'>Siclcel</span> <span class='ocrx_word' id='word_1_264' title='bbox 427 2028 445 2053; x_wconf 76' lang='lat' dir='ltr'><em>e</em></span> <span class='ocrx_word' id='word_1_265' title='bbox 477 2012 684 2053; x_wconf 73' lang='lat' dir='ltr'>tabulario</span> <span class='ocrx_word' id='word_1_266' title='bbox 721 2010 927 2060; x_wconf 46' lang='lat' dir='ltr'>Jf&#39;atiecmo,</span> <span class='ocrx_word' id='word_1_267' title='bbox 959 2009 1208 2061; x_wconf 65' lang='lat' dir='ltr'>exemplavit</span> <span class='ocrx_word' id='word_1_268' title='bbox 1227 2009 1294 2050; x_wconf 79' lang='lat' dir='ltr'>vir</span> <span class='ocrx_word' id='word_1_269' title='bbox 1320 2008 1357 2048; x_wconf 77' lang='lat' dir='ltr'>d.</span> <span class='ocrx_word' id='word_1_270' title='bbox 1386 2007 1594 2057; x_wconf 77' lang='lat' dir='ltr'>Voltclim&#39;,</span> <span class='ocrx_word' id='word_1_271' title='bbox 1626 2007 1799 2048; x_wconf 71' lang='lat' dir='ltr'>contulit</span> <span class='ocrx_word' id='word_1_272' title='bbox 1819 2007 1885 2047; x_wconf 75' lang='lat' dir='ltr'>vir</span> <span class='ocrx_word' id='word_1_273' title='bbox 1911 2006 1950 2047; x_wconf 79' lang='lat' dir='ltr'>d.</span> <span class='ocrx_word' id='word_1_274' title='bbox 1972 2007 2102 2048; x_wconf 75' lang='lat' dir='ltr'>Kehr.</span> <span class='ocrx_word' id='word_1_275' title='bbox 2154 2006 2376 2060; x_wconf 61' lang='lat' dir='ltr'>Signatum</span> 
     </span>
     <span class='ocr_line' id='line_1_25' title="bbox 190 2075 2376 2132; baseline -0.003 -9"><span class='ocrx_word' id='word_1_276' title='bbox 190 2086 246 2123; x_wconf 69' lang='lat' dir='ltr'>est</span> <span class='ocrx_word' id='word_1_277' title='bbox 279 2083 398 2123; x_wconf 78' lang='lat' dir='ltr'>Arm.</span> <span class='ocrx_word' id='word_1_278' title='bbox 424 2082 482 2123; x_wconf 92' lang='lat' dir='ltr'>II</span> <span class='ocrx_word' id='word_1_279' title='bbox 512 2082 633 2132; x_wconf 75' lang='lat' dir='ltr'>Caps.</span> <span class='ocrx_word' id='word_1_280' title='bbox 655 2080 684 2122; x_wconf 93' lang='lat' dir='ltr'><strong><em>I</em></strong></span> <span class='ocrx_word' id='word_1_281' title='bbox 717 2093 781 2120; x_wconf 70' lang='lat' dir='ltr'>m.</span> <span class='ocrx_word' id='word_1_282' title='bbox 808 2082 834 2120; x_wconf 82' lang='lat'>&#39;7</span> <span class='ocrx_word' id='word_1_283' title='bbox 843 2093 856 2130; x_wconf 86' lang='lat'><em>;</em></span> <span class='ocrx_word' id='word_1_284' title='bbox 899 2079 1012 2119; x_wconf 75' lang='lat' dir='ltr'>bulla</span> <span class='ocrx_word' id='word_1_285' title='bbox 1052 2078 1241 2129; x_wconf 69' lang='lat' dir='ltr'>deperiit,</span> <span class='ocrx_word' id='word_1_286' title='bbox 1276 2077 1562 2131; x_wconf 58' lang='lat' dir='ltr'>sbi-ammibus</span> <span class='ocrx_word' id='word_1_287' title='bbox 1599 2076 1766 2118; x_wconf 71' lang='lat' dir='ltr'>relictis.</span> <span class='ocrx_word' id='word_1_288' title='bbox 1844 2075 1997 2116; x_wconf 70' lang='lat' dir='ltr'>Tcoetus</span> <span class='ocrx_word' id='word_1_289' title='bbox 2035 2088 2123 2116; x_wconf 71' lang='lat' dir='ltr'>una</span> <span class='ocrx_word' id='word_1_290' title='bbox 2160 2075 2376 2128; x_wconf 77' lang='lat' dir='ltr'>cademque</span> 
     </span>
     <span class='ocr_line' id='line_1_26' title="bbox 195 2143 2444 2200; baseline -0.003 -9"><span class='ocrx_word' id='word_1_291' title='bbox 195 2165 319 2191; x_wconf 74' lang='lat' dir='ltr'>manu</span> <span class='ocrx_word' id='word_1_292' title='bbox 361 2153 559 2191; x_wconf 57' lang='lat' dir='ltr'>maratus</span> <span class='ocrx_word' id='word_1_293' title='bbox 596 2151 672 2198; x_wconf 75' lang='lat' dir='ltr'>est,</span> <span class='ocrx_word' id='word_1_294' title='bbox 720 2162 825 2200; x_wconf 72' lang='lat' dir='ltr'>quac</span> <span class='ocrx_word' id='word_1_295' title='bbox 865 2148 990 2188; x_wconf 71' lang='lat' dir='ltr'>ctiam</span> <span class='ocrx_word' id='word_1_296' title='bbox 1026 2160 1184 2199; x_wconf 76' lang='lat' dir='ltr'>paucas</span> <span class='ocrx_word' id='word_1_297' title='bbox 1221 2148 1475 2187; x_wconf 65' lang='lat' dir='ltr'>correcturas</span> <span class='ocrx_word' id='word_1_298' title='bbox 1519 2144 1662 2196; x_wconf 70' lang='lat' dir='ltr'>fecisse</span> <span class='ocrx_word' id='word_1_299' title='bbox 1699 2144 1872 2186; x_wconf 74' lang='lat' dir='ltr'>videtur.</span> <span class='ocrx_word' id='word_1_300' title='bbox 1915 2169 1965 2174; x_wconf 90' lang='lat'>——</span> <span class='ocrx_word' id='word_1_301' title='bbox 2005 2143 2373 2185; x_wconf 73' lang='lat' dir='ltr'>Potthast11733.</span> <span class='ocrx_word' id='word_1_302' title='bbox 2412 2167 2444 2192; x_wconf 80' lang='lat'>25</span> 
     </span>
     <span class='ocr_line' id='line_1_27' title="bbox 192 2212 2233 2271; baseline -0.002 -12"><span class='ocrx_word' id='word_1_303' title='bbox 192 2220 349 2271; x_wconf 60' lang='lat' dir='ltr'>Bemm-</span> <span class='ocrx_word' id='word_1_304' title='bbox 382 2220 502 2259; x_wconf 73' lang='lat'><em>1363.</em></span> <span class='ocrx_word' id='word_1_305' title='bbox 564 2217 756 2266; x_wconf 68' lang='lat' dir='ltr'>Bohmer,</span> <span class='ocrx_word' id='word_1_306' title='bbox 787 2216 885 2269; x_wconf 72' lang='lat' dir='ltr'>Rey.</span> <span class='ocrx_word' id='word_1_307' title='bbox 918 2216 1015 2267; x_wconf 67' lang='lat' dir='ltr'>imp.</span> <span class='ocrx_word' id='word_1_308' title='bbox 1050 2215 1094 2265; x_wconf 83' lang='lat' dir='ltr'>V,</span> <span class='ocrx_word' id='word_1_309' title='bbox 1118 2215 1243 2257; x_wconf 71' lang='lat'><strong><em>7:352.</em></strong></span> <span class='ocrx_word' id='word_1_310' title='bbox 1998 2213 2070 2267; x_wconf 87' lang='lat' dir='ltr'>(P.</span> <span class='ocrx_word' id='word_1_311' title='bbox 2091 2212 2233 2262; x_wconf 72' lang='lat' dir='ltr'>deest.)</span> 
     </span>
    </p>
   </div>
   <div class='ocr_carea' id='block_1_6' title="bbox 195 2339 2451 3498">
    <p class='ocr_par' dir='ltr' id='par_1_6' title="bbox 195 2339 2450 3086">
     <span class='ocr_line' id='line_1_28' title="bbox 391 2339 2377 2398; baseline -0.002 -13.135"><span class='ocrx_word' id='word_1_312' title='bbox 391 2345 670 2385; x_wconf 85' lang='lat' dir='ltr'>Innocentius</span> <span class='ocrx_word' id='word_1_313' title='bbox 715 2343 940 2398; x_wconf 83' lang='lat' dir='ltr'>episcopus</span> <span class='ocrx_word' id='word_1_314' title='bbox 987 2355 1135 2382; x_wconf 84' lang='lat' dir='ltr'>servus</span> <span class='ocrx_word' id='word_1_315' title='bbox 1181 2355 1402 2382; x_wconf 84' lang='lat' dir='ltr'>servorum</span> <span class='ocrx_word' id='word_1_316' title='bbox 1442 2340 1526 2381; x_wconf 91' lang='lat' dir='ltr'>Dei</span> <span class='ocrx_word' id='word_1_317' title='bbox 1574 2354 1695 2381; x_wconf 88' lang='lat' dir='ltr'>sacro</span> <span class='ocrx_word' id='word_1_318' title='bbox 1743 2344 1943 2396; x_wconf 87' lang='lat' dir='ltr'>presente</span> <span class='ocrx_word' id='word_1_319' title='bbox 1991 2340 2170 2381; x_wconf 89' lang='lat' dir='ltr'>concilio</span> <span class='ocrx_word' id='word_1_320' title='bbox 2216 2339 2270 2381; x_wconf 90' lang='lat' dir='ltr'>ad</span> <span class='ocrx_word' id='word_1_321' title='bbox 2314 2340 2377 2381; x_wconf 88' lang='lat' dir='ltr'>rei</span> 
     </span>
     <span class='ocr_line' id='line_1_29' title="bbox 195 2408 2376 2467; baseline -0.002 -13"><span class='ocrx_word' id='word_1_322' title='bbox 195 2415 440 2455; x_wconf 80' lang='lat' dir='ltr'>memoriam</span> <span class='ocrx_word' id='word_1_323' title='bbox 486 2413 802 2467; x_wconf 87' lang='lat' dir='ltr'>sempiternam.</span> <span class='ocrx_word' id='word_1_324' title='bbox 833 2449 849 2465; x_wconf 37' lang='grc' dir='ltr'>κ</span> <span class='ocrx_word' id='word_1_325' title='bbox 967 2410 1031 2465; x_wconf 86' lang='grc'>(1)</span> <span class='ocrx_word' id='word_1_326' title='bbox 1064 2410 1131 2451; x_wconf 89' lang='lat' dir='ltr'>Ad</span> <span class='ocrx_word' id='word_1_327' title='bbox 1165 2410 1402 2465; x_wconf 86' lang='lat' dir='ltr'>apostolice</span> <span class='ocrx_word' id='word_1_328' title='bbox 1435 2409 1656 2463; x_wconf 78' lang='lat' dir='ltr'>dignitatis</span> <span class='ocrx_word' id='word_1_329' title='bbox 1697 2410 1865 2464; x_wconf 86' lang='lat' dir='ltr'>apicem</span> <span class='ocrx_word' id='word_1_330' title='bbox 1896 2408 1998 2450; x_wconf 90' lang='lat' dir='ltr'>licet</span> <span class='ocrx_word' id='word_1_331' title='bbox 2029 2408 2192 2463; x_wconf 90' lang='lat' dir='ltr'>indigni</span> <span class='ocrx_word' id='word_1_332' title='bbox 2225 2408 2376 2464; x_wconf 91' lang='lat' dir='ltr'>digna-</span> 
     </span>
     <span class='ocr_line' id='line_1_30' title="bbox 197 2477 2378 2535; baseline -0.003 -11"><span class='ocrx_word' id='word_1_333' title='bbox 197 2485 309 2524; x_wconf 84' lang='lat' dir='ltr'>tione</span> <span class='ocrx_word' id='word_1_334' title='bbox 342 2483 483 2524; x_wconf 80' lang='lat' dir='ltr'>divine</span> <span class='ocrx_word' id='word_1_335' title='bbox 516 2481 753 2522; x_wconf 81' lang='lat' dir='ltr'>maiestatis</span> <span class='ocrx_word' id='word_1_336' title='bbox 784 2480 1008 2535; x_wconf 78' lang='lat' dir='ltr'>assumpti,</span> <span class='ocrx_word' id='word_1_337' title='bbox 1042 2479 1229 2520; x_wconf 90' lang='lat' dir='ltr'>omnium</span> <span class='ocrx_word' id='word_1_338' title='bbox 1264 2478 1595 2519; x_wconf 87' lang='lat' dir='ltr'>christianorum</span> <span class='ocrx_word' id='word_1_339' title='bbox 1619 2492 1763 2519; x_wconf 90' lang='lat' dir='ltr'>curam</span> <span class='ocrx_word' id='word_1_340' title='bbox 1787 2477 1902 2532; x_wconf 89' lang='lat' dir='ltr'>vigili</span> <span class='ocrx_word' id='word_1_341' title='bbox 1925 2477 2161 2533; x_wconf 85' lang='lat' dir='ltr'>sedulaque</span> <span class='ocrx_word' id='word_1_342' title='bbox 2186 2478 2378 2519; x_wconf 88' lang='lat' dir='ltr'>sollertia</span> 
     </span>
     <span class='ocr_line' id='line_1_31' title="bbox 196 2545 2450 2607; baseline -0.003 -14"><span class='ocrx_word' id='word_1_343' title='bbox 196 2567 347 2607; x_wconf 85' lang='lat' dir='ltr'>gerere</span> <span class='ocrx_word' id='word_1_344' title='bbox 390 2565 438 2592; x_wconf 87' lang='lat' dir='ltr'>ac</span> <span class='ocrx_word' id='word_1_345' title='bbox 483 2551 629 2591; x_wconf 90' lang='lat' dir='ltr'>intime</span> <span class='ocrx_word' id='word_1_346' title='bbox 671 2548 1025 2590; x_wconf 81' lang='lat' dir='ltr'>considerationis</span> <span class='ocrx_word' id='word_1_347' title='bbox 1067 2548 1188 2589; x_wconf 92' lang='lat' dir='ltr'>oculo</span> <span class='ocrx_word' id='word_1_348' title='bbox 1221 2547 1487 2602; x_wconf 89' lang='lat' dir='ltr'>singulorum</span> <span class='ocrx_word' id='word_1_349' title='bbox 1519 2546 1765 2587; x_wconf 87' lang='lat' dir='ltr'>discernere</span> <span class='ocrx_word' id='word_1_350' title='bbox 1799 2547 1951 2587; x_wconf 86' lang='lat' dir='ltr'>merita</span> <span class='ocrx_word' id='word_1_351' title='bbox 1984 2550 2027 2587; x_wconf 90' lang='lat' dir='ltr'>et</span> <span class='ocrx_word' id='word_1_352' title='bbox 2059 2546 2235 2601; x_wconf 87' lang='lat' dir='ltr'>provide</span> <span class='ocrx_word' id='word_1_353' title='bbox 2269 2545 2376 2587; x_wconf 89' lang='lat' dir='ltr'>deli·</span> <span class='ocrx_word' id='word_1_354' title='bbox 2416 2567 2450 2593; x_wconf 83' lang='lat'>30</span> 
     </span>
     <span class='ocr_line' id='line_1_32' title="bbox 195 2614 2378 2672; baseline -0.001 -14"><span class='ocrx_word' id='word_1_355' title='bbox 195 2621 430 2661; x_wconf 83' lang='lat' dir='ltr'>bcrationis</span> <span class='ocrx_word' id='word_1_356' title='bbox 464 2625 625 2660; x_wconf 85' lang='lat' dir='ltr'>statera</span> <span class='ocrx_word' id='word_1_357' title='bbox 656 2618 814 2659; x_wconf 87' lang='lat' dir='ltr'>librare</span> <span class='ocrx_word' id='word_1_358' title='bbox 847 2617 1067 2667; x_wconf 79' lang='lat' dir='ltr'>debemus,</span> <span class='ocrx_word' id='word_1_359' title='bbox 1100 2621 1147 2657; x_wconf 87' lang='lat' dir='ltr'>ut</span> <span class='ocrx_word' id='word_1_360' title='bbox 1178 2630 1284 2672; x_wconf 91' lang='lat' dir='ltr'>quos</span> <span class='ocrx_word' id='word_1_361' title='bbox 1317 2616 1418 2657; x_wconf 90' lang='lat' dir='ltr'>iusti</span> <span class='ocrx_word' id='word_1_362' title='bbox 1444 2616 1566 2670; x_wconf 88' lang='lat' dir='ltr'>vigor</span> <span class='ocrx_word' id='word_1_363' title='bbox 1589 2616 1800 2656; x_wconf 82' lang='lat' dir='ltr'>examinis</span> <span class='ocrx_word' id='word_1_364' title='bbox 1824 2615 1971 2670; x_wconf 86' lang='lat' dir='ltr'>dignos</span> <span class='ocrx_word' id='word_1_365' title='bbox 1996 2614 2244 2664; x_wconf 83' lang='lat' dir='ltr'>ostenderit,</span> <span class='ocrx_word' id='word_1_366' title='bbox 2278 2628 2378 2655; x_wconf 89' lang='lat' dir='ltr'>con-</span> 
     </span>
     <span class='ocr_line' id='line_1_33' title="bbox 197 2683 2379 2744; baseline -0.003 -14"><span class='ocrx_word' id='word_1_367' title='bbox 197 2691 314 2744; x_wconf 79' lang='lat' dir='ltr'>gruis</span> <span class='ocrx_word' id='word_1_368' title='bbox 348 2690 595 2730; x_wconf 81' lang='lat' dir='ltr'>attollamus</span> <span class='ocrx_word' id='word_1_369' title='bbox 628 2687 868 2738; x_wconf 84' lang='lat' dir='ltr'>favoribus,</span> <span class='ocrx_word' id='word_1_370' title='bbox 911 2700 1016 2741; x_wconf 89' lang='lat' dir='ltr'>quos</span> <span class='ocrx_word' id='word_1_371' title='bbox 1049 2690 1191 2726; x_wconf 88' lang='lat' dir='ltr'>autem</span> <span class='ocrx_word' id='word_1_372' title='bbox 1223 2699 1343 2735; x_wconf 83' lang='lat' dir='ltr'>reos,</span> <span class='ocrx_word' id='word_1_373' title='bbox 1384 2685 1508 2740; x_wconf 90' lang='lat' dir='ltr'>penis</span> <span class='ocrx_word' id='word_1_374' title='bbox 1542 2684 1698 2725; x_wconf 88' lang='lat' dir='ltr'>debitis</span> <span class='ocrx_word' id='word_1_375' title='bbox 1731 2683 2042 2739; x_wconf 87' lang='lat' dir='ltr'>deprimamus,</span> <span class='ocrx_word' id='word_1_376' title='bbox 2085 2683 2379 2739; x_wconf 87' lang='lat' dir='ltr'>appendentes</span> 
     </span>
     <span class='ocr_line' id='line_1_34' title="bbox 199 2753 2378 2813; baseline -0.003 -14"><span class='ocrx_word' id='word_1_377' title='bbox 199 2772 366 2813; x_wconf 81' lang='lat' dir='ltr'>semper</span> <span class='ocrx_word' id='word_1_378' title='bbox 404 2758 601 2799; x_wconf 88' lang='lat' dir='ltr'>meritum</span> <span class='ocrx_word' id='word_1_379' title='bbox 645 2762 687 2797; x_wconf 90' lang='lat' dir='ltr'>et</span> <span class='ocrx_word' id='word_1_380' title='bbox 731 2756 939 2812; x_wconf 90' lang='lat' dir='ltr'>premium</span> <span class='ocrx_word' id='word_1_381' title='bbox 983 2769 1094 2811; x_wconf 90' lang='lat' dir='ltr'>equa</span> <span class='ocrx_word' id='word_1_382' title='bbox 1136 2755 1259 2796; x_wconf 89' lang='lat' dir='ltr'>lance</span> <span class='ocrx_word' id='word_1_383' title='bbox 1300 2753 1578 2796; x_wconf 88' lang='lat' dir='ltr'>retribuendo</span> <span class='ocrx_word' id='word_1_384' title='bbox 1610 2754 1761 2808; x_wconf 89' lang='lat' dir='ltr'>cuique</span> <span class='ocrx_word' id='word_1_385' title='bbox 1794 2753 1916 2794; x_wconf 89' lang='lat' dir='ltr'>iuxta</span> <span class='ocrx_word' id='word_1_386' title='bbox 1948 2753 2201 2808; x_wconf 85' lang='lat' dir='ltr'>qualitatem</span> <span class='ocrx_word' id='word_1_387' title='bbox 2236 2754 2378 2808; x_wconf 88' lang='lat' dir='ltr'>operis</span> 
     </span>
     <span class='ocr_line' id='line_1_35' title="bbox 198 2821 2379 2882; baseline -0.002 -16"><span class='ocrx_word' id='word_1_388' title='bbox 198 2840 305 2882; x_wconf 90' lang='lat' dir='ltr'>pene</span> <span class='ocrx_word' id='word_1_389' title='bbox 346 2826 413 2867; x_wconf 84' lang='lat' dir='ltr'>vel</span> <span class='ocrx_word' id='word_1_390' title='bbox 465 2826 607 2880; x_wconf 82' lang='lat' dir='ltr'>gracie</span> <span class='ocrx_word' id='word_1_391' title='bbox 655 2825 952 2879; x_wconf 87' lang='lat' dir='ltr'>quantitatem.</span> <span class='ocrx_word' id='word_1_392' title='bbox 1028 2823 1143 2865; x_wconf 88' lang='lat' dir='ltr'>Sane</span> <span class='ocrx_word' id='word_1_393' title='bbox 1183 2837 1279 2864; x_wconf 91' lang='lat' dir='ltr'>cum</span> <span class='ocrx_word' id='word_1_394' title='bbox 1320 2822 1412 2863; x_wconf 87' lang='lat' dir='ltr'>dira</span> <span class='ocrx_word' id='word_1_395' title='bbox 1453 2836 1705 2877; x_wconf 86' lang='lat' dir='ltr'>guerrarum</span> <span class='ocrx_word' id='word_1_396' title='bbox 1749 2822 1973 2863; x_wconf 82' lang='lat' dir='ltr'>commotio</span> <span class='ocrx_word' id='word_1_397' title='bbox 2015 2821 2241 2863; x_wconf 88' lang='lat' dir='ltr'>nonnullas</span> <span class='ocrx_word' id='word_1_398' title='bbox 2282 2835 2379 2877; x_wconf 90' lang='lat' dir='ltr'>pro-</span> 
     </span>
     <span class='ocr_line' id='line_1_36' title="bbox 199 2890 2448 2948; baseline -0.002 -13"><span class='ocrx_word' id='word_1_399' title='bbox 199 2895 399 2936; x_wconf 80' lang='lat' dir='ltr'>fessionis</span> <span class='ocrx_word' id='word_1_400' title='bbox 448 2894 677 2934; x_wconf 82' lang='lat' dir='ltr'>christiane</span> <span class='ocrx_word' id='word_1_401' title='bbox 721 2893 961 2948; x_wconf 86' lang='lat' dir='ltr'>provincias</span> <span class='ocrx_word' id='word_1_402' title='bbox 1005 2892 1164 2933; x_wconf 91' lang='lat' dir='ltr'>diutius</span> <span class='ocrx_word' id='word_1_403' title='bbox 1210 2891 1458 2941; x_wconf 74' lang='lat' dir='ltr'>afflixisset,</span> <span class='ocrx_word' id='word_1_404' title='bbox 1506 2905 1583 2932; x_wconf 91' lang='lat' dir='ltr'>nos</span> <span class='ocrx_word' id='word_1_405' title='bbox 1631 2896 1722 2932; x_wconf 92' lang='lat' dir='ltr'>toto</span> <span class='ocrx_word' id='word_1_406' title='bbox 1764 2891 1986 2946; x_wconf 88' lang='lat' dir='ltr'>cupientes</span> <span class='ocrx_word' id='word_1_407' title='bbox 2026 2890 2181 2931; x_wconf 90' lang='lat' dir='ltr'>mentis</span> <span class='ocrx_word' id='word_1_408' title='bbox 2221 2890 2379 2931; x_wconf 85' lang='lat' dir='ltr'>affectu</span> <span class='ocrx_word' id='word_1_409' title='bbox 2417 2909 2448 2935; x_wconf 77' lang='lat'>35</span> 
     </span>
     <span class='ocr_line' id='line_1_37' title="bbox 200 2958 2382 3018; baseline -0.002 -14"><span class='ocrx_word' id='word_1_410' title='bbox 200 2963 555 3018; x_wconf 84' lang='lat' dir='ltr'>tranquillitatem</span> <span class='ocrx_word' id='word_1_411' title='bbox 596 2966 637 3002; x_wconf 89' lang='lat' dir='ltr'>et</span> <span class='ocrx_word' id='word_1_412' title='bbox 674 2975 824 3016; x_wconf 86' lang='lat' dir='ltr'>pacem</span> <span class='ocrx_word' id='word_1_413' title='bbox 858 2962 1043 3002; x_wconf 82' lang='lat' dir='ltr'>ecclesie</span> <span class='ocrx_word' id='word_1_414' title='bbox 1084 2965 1232 3002; x_wconf 86' lang='lat' dir='ltr'>sancte</span> <span class='ocrx_word' id='word_1_415' title='bbox 1265 2960 1348 3001; x_wconf 92' lang='lat' dir='ltr'>Dei</span> <span class='ocrx_word' id='word_1_416' title='bbox 1380 2974 1429 3001; x_wconf 90' lang='lat' dir='ltr'>ac</span> <span class='ocrx_word' id='word_1_417' title='bbox 1466 2960 1728 3014; x_wconf 86' lang='lat' dir='ltr'>generaliter</span> <span class='ocrx_word' id='word_1_418' title='bbox 1759 2963 1912 3000; x_wconf 88' lang='lat' dir='ltr'>cuncto</span> <span class='ocrx_word' id='word_1_419' title='bbox 1943 2959 2101 3014; x_wconf 91' lang='lat' dir='ltr'>populo</span> <span class='ocrx_word' id='word_1_420' title='bbox 2133 2958 2382 3008; x_wconf 78' lang='lat' dir='ltr'>christiane,</span> 
     </span>
     <span class='ocr_line' id='line_1_38' title="bbox 200 3027 2380 3086; baseline -0.001 -15"><span class='ocrx_word' id='word_1_421' title='bbox 200 3032 250 3072; x_wconf 83' lang='lat' dir='ltr'>ad</span> <span class='ocrx_word' id='word_1_422' title='bbox 292 3032 538 3086; x_wconf 88' lang='lat' dir='ltr'>precipuum</span> <span class='ocrx_word' id='word_1_423' title='bbox 579 3031 813 3085; x_wconf 90' lang='lat' dir='ltr'>principem</span> <span class='ocrx_word' id='word_1_424' title='bbox 855 3030 1111 3080; x_wconf 87' lang='lat' dir='ltr'>secularem,</span> <span class='ocrx_word' id='word_1_425' title='bbox 1156 3028 1398 3071; x_wconf 89' lang='lat' dir='ltr'>huiusmodi</span> <span class='ocrx_word' id='word_1_426' title='bbox 1439 3028 1750 3070; x_wconf 76' lang='lat' dir='ltr'>dissensionisa</span> <span class='ocrx_word' id='word_1_427' title='bbox 1783 3032 1825 3069; x_wconf 93' lang='lat' dir='ltr'>et</span> <span class='ocrx_word' id='word_1_428' title='bbox 1856 3027 2142 3069; x_wconf 87' lang='lat' dir='ltr'>tribulationis</span> <span class='ocrx_word' id='word_1_429' title='bbox 2175 3031 2380 3078; x_wconf 89' lang='lat' dir='ltr'>actorem,</span> 
     </span>
    </p>

    <p class='ocr_par' dir='ltr' id='par_1_7' title="bbox 202 3095 2451 3498">
     <span class='ocr_line' id='line_1_39' title="bbox 202 3095 2381 3156; baseline -0.003 -15"><span class='ocrx_word' id='word_1_430' title='bbox 202 3116 224 3141; x_wconf 81' lang='lat' dir='ltr'>a</span> <span class='ocrx_word' id='word_1_431' title='bbox 258 3102 396 3142; x_wconf 86' lang='lat' dir='ltr'>felicis</span> <span class='ocrx_word' id='word_1_432' title='bbox 439 3100 747 3142; x_wconf 88' lang='lat' dir='ltr'>recordationis</span> <span class='ocrx_word' id='word_1_433' title='bbox 783 3099 833 3142; x_wconf 83' lang='lat' dir='ltr'>G.</span> <span class='ocrx_word' id='word_1_434' title='bbox 865 3114 977 3156; x_wconf 85' lang='lat' dir='ltr'>papa</span> <span class='ocrx_word' id='word_1_435' title='bbox 1017 3099 1323 3155; x_wconf 84' lang='lat' dir='ltr'>predecessore</span> <span class='ocrx_word' id='word_1_436' title='bbox 1368 3103 1512 3140; x_wconf 88' lang='lat' dir='ltr'>nostro</span> <span class='ocrx_word' id='word_1_437' title='bbox 1554 3112 1628 3154; x_wconf 88' lang='lat' dir='ltr'>pro</span> <span class='ocrx_word' id='word_1_438' title='bbox 1671 3097 1758 3138; x_wconf 89' lang='lat' dir='ltr'>suis</span> <span class='ocrx_word' id='word_1_439' title='bbox 1801 3096 2050 3138; x_wconf 86' lang='lat' dir='ltr'>excessibus</span> <span class='ocrx_word' id='word_1_440' title='bbox 2095 3095 2381 3137; x_wconf 84' lang='lat' dir='ltr'>anathematis</span> 
     </span>
     <span class='ocr_line' id='line_1_40' title="bbox 203 3164 2382 3225; baseline -0.002 -16"><span class='ocrx_word' id='word_1_441' title='bbox 203 3171 372 3211; x_wconf 74' lang='lat' dir='ltr'>vinculo</span> <span class='ocrx_word' id='word_1_442' title='bbox 422 3168 688 3218; x_wconf 84' lang='lat' dir='ltr'>innodatum,</span> <span class='ocrx_word' id='word_1_443' title='bbox 735 3169 943 3225; x_wconf 87' lang='lat' dir='ltr'>speciales</span> <span class='ocrx_word' id='word_1_444' title='bbox 981 3169 1152 3210; x_wconf 91' lang='lat' dir='ltr'>nuntios</span> <span class='ocrx_word' id='word_1_445' title='bbox 1192 3181 1345 3223; x_wconf 88' lang='lat' dir='ltr'>magne</span> <span class='ocrx_word' id='word_1_446' title='bbox 1386 3167 1654 3209; x_wconf 83' lang='lat' dir='ltr'>auctoritatis</span> <span class='ocrx_word' id='word_1_447' title='bbox 1692 3167 1824 3217; x_wconf 81' lang='lat' dir='ltr'>viros,</span> <span class='ocrx_word' id='word_1_448' title='bbox 1871 3164 2074 3206; x_wconf 88' lang='lat' dir='ltr'>videlicet</span> <span class='ocrx_word' id='word_1_449' title='bbox 2112 3164 2382 3206; x_wconf 89' lang='lat' dir='ltr'>venerabiles</span> 
     </span>
     <span class='ocr_line' id='line_1_41' title="bbox 203 3232 2451 3291; baseline -0.002 -13"><span class='ocrx_word' id='word_1_450' title='bbox 203 3239 354 3279; x_wconf 77' lang='lat' dir='ltr'>fratres</span> <span class='ocrx_word' id='word_1_451' title='bbox 397 3239 443 3279; x_wconf 87' lang='lat' dir='ltr'>P.</span> <span class='ocrx_word' id='word_1_452' title='bbox 477 3238 792 3289; x_wconf 82' lang='lat' dir='ltr'>Albanensem,</span> <span class='ocrx_word' id='word_1_453' title='bbox 840 3243 942 3278; x_wconf 90' lang='lat' dir='ltr'>tunc</span> <span class='ocrx_word' id='word_1_454' title='bbox 984 3238 1380 3291; x_wconf 86' lang='lat' dir='ltr'>Rothomagensem</span> <span class='ocrx_word' id='word_1_455' title='bbox 1423 3236 1814 3290; x_wconf 89' lang='lat' dir='ltr'>archiepiscopum,</span> <span class='ocrx_word' id='word_1_456' title='bbox 1859 3238 1902 3275; x_wconf 89' lang='lat' dir='ltr'>et</span> <span class='ocrx_word' id='word_1_457' title='bbox 1943 3232 2221 3275; x_wconf 82' lang='lat' dir='ltr'>Guillelmum</span> <span class='ocrx_word' id='word_1_458' title='bbox 2255 3232 2378 3274; x_wconf 83' lang='lat' dir='ltr'>Sabi·</span> <span class='ocrx_word' id='word_1_459' title='bbox 2417 3259 2451 3283; x_wconf 74' lang='lat'>40</span> 
     </span>
     <span class='ocr_line' id='line_1_42' title="bbox 204 3301 2380 3360; baseline -0.002 -14"><span class='ocrx_word' id='word_1_460' title='bbox 204 3320 391 3347; x_wconf 82' lang='lat' dir='ltr'>nenscm.</span> <span class='ocrx_word' id='word_1_461' title='bbox 427 3317 525 3347; x_wconf 86' lang='lat' dir='ltr'>tunc</span> <span class='ocrx_word' id='word_1_462' title='bbox 559 3305 772 3360; x_wconf 89' lang='lat' dir='ltr'>quondam</span> <span class='ocrx_word' id='word_1_463' title='bbox 796 3306 1099 3354; x_wconf 89' lang='lat' dir='ltr'>Mutinensem,</span> <span class='ocrx_word' id='word_1_464' title='bbox 1134 3306 1360 3360; x_wconf 88' lang='lat' dir='ltr'>episcopos</span> <span class='ocrx_word' id='word_1_465' title='bbox 1394 3319 1444 3346; x_wconf 91' lang='lat' dir='ltr'>ac</span> <span class='ocrx_word' id='word_1_466' title='bbox 1467 3304 1671 3346; x_wconf 90' lang='lat' dir='ltr'>dilectum</span> <span class='ocrx_word' id='word_1_467' title='bbox 1694 3303 1827 3343; x_wconf 91' lang='lat' dir='ltr'>filium</span> <span class='ocrx_word' id='word_1_468' title='bbox 1851 3302 2071 3342; x_wconf 78' lang='lat' dir='ltr'>nostrumb</span> <span class='ocrx_word' id='word_1_469' title='bbox 2105 3301 2380 3342; x_wconf 86' lang='lat' dir='ltr'>Guillelmum</span> 
     </span>
     <span class='ocr_line' id='line_1_43' title="bbox 206 3369 2382 3430; baseline -0.002 -16"><span class='ocrx_word' id='word_1_470' title='bbox 206 3375 382 3415; x_wconf 80' lang='lat' dir='ltr'>basilice</span> <span class='ocrx_word' id='word_1_471' title='bbox 416 3374 638 3415; x_wconf 88' lang='lat' dir='ltr'>duodecim</span> <span class='ocrx_word' id='word_1_472' title='bbox 669 3375 970 3430; x_wconf 85' lang='lat' dir='ltr'>Apostolorum</span> <span class='ocrx_word' id='word_1_473' title='bbox 1003 3373 1288 3430; x_wconf 87' lang='lat' dir='ltr'>presbiterum</span> <span class='ocrx_word' id='word_1_474' title='bbox 1323 3373 1598 3424; x_wconf 85' lang='lat' dir='ltr'>cardinalem,</span> <span class='ocrx_word' id='word_1_475' title='bbox 1631 3377 1731 3412; x_wconf 91' lang='lat' dir='ltr'>tunc</span> <span class='ocrx_word' id='word_1_476' title='bbox 1763 3371 1961 3412; x_wconf 85' lang='lat' dir='ltr'>abbatem</span> <span class='ocrx_word' id='word_1_477' title='bbox 1996 3370 2142 3412; x_wconf 86' lang='lat' dir='ltr'>Sancti</span> <span class='ocrx_word' id='word_1_478' title='bbox 2174 3369 2382 3418; x_wconf 83' lang='lat' dir='ltr'>Facundi,</span> 
     </span>
     <span class='ocr_line' id='line_1_44' title="bbox 207 3438 2382 3498; baseline -0.002 -16"><span class='ocrx_word' id='word_1_479' title='bbox 207 3444 276 3497; x_wconf 86' lang='lat' dir='ltr'>qui</span> <span class='ocrx_word' id='word_1_480' title='bbox 310 3443 490 3483; x_wconf 80' lang='lat' dir='ltr'>salutem</span> <span class='ocrx_word' id='word_1_481' title='bbox 525 3443 775 3492; x_wconf 67' lang='lat' dir='ltr'>celabantur</span> <span class='ocrx_word' id='word_1_482' title='bbox 815 3443 967 3498; x_wconf 71' lang='lat' dir='ltr'>ipsius,</span> <span class='ocrx_word' id='word_1_483' title='bbox 1006 3442 1206 3484; x_wconf 87' lang='lat' dir='ltr'>duximus</span> <span class='ocrx_word' id='word_1_484' title='bbox 1240 3442 1538 3491; x_wconf 81' lang='lat' dir='ltr'>destinandos,</span> <span class='ocrx_word' id='word_1_485' title='bbox 1578 3441 1788 3482; x_wconf 82' lang='lat' dir='ltr'>facientes</span> <span class='ocrx_word' id='word_1_486' title='bbox 1822 3439 1901 3479; x_wconf 90' lang='lat' dir='ltr'>sibi</span> <span class='ocrx_word' id='word_1_487' title='bbox 1934 3439 2113 3494; x_wconf 91' lang='lat' dir='ltr'>proponi</span> <span class='ocrx_word' id='word_1_488' title='bbox 2146 3451 2221 3493; x_wconf 91' lang='lat' dir='ltr'>per</span> <span class='ocrx_word' id='word_1_489' title='bbox 2250 3438 2382 3493; x_wconf 87' lang='lat' dir='ltr'>ipsos,</span> 
     </span>
    </p>
   </div>
   <div class='ocr_carea' id='block_1_7' title="bbox 342 3564 2384 3610">
    <p class='ocr_par' dir='ltr' id='par_1_8' title="bbox 342 3564 2384 3610">
     <span class='ocr_line' id='line_1_45' title="bbox 342 3564 2384 3610; baseline -0.003 -9"><span class='ocrx_word' id='word_1_490' title='bbox 342 3566 427 3601; x_wconf 66' lang='lat'>399.</span> <span class='ocrx_word' id='word_1_491' title='bbox 460 3574 491 3607; x_wconf 55' lang='grc' dir='ltr'>ὃ)</span> <span class='ocrx_word' id='word_1_492' title='bbox 518 3568 694 3599; x_wconf 75' lang='lat' dir='ltr'>consilium</span> <span class='ocrx_word' id='word_1_493' title='bbox 721 3580 746 3600; x_wconf 84' lang='lat' dir='ltr'>c.</span> <span class='ocrx_word' id='word_1_494' title='bbox 887 3567 919 3607; x_wconf 78' lang='lat' dir='ltr'>b&#39;)</span> <span class='ocrx_word' id='word_1_495' title='bbox 952 3569 1044 3602; x_wconf 82' lang='lat' dir='ltr'>Sesia</span> <span class='ocrx_word' id='word_1_496' title='bbox 1069 3581 1095 3601; x_wconf 85' lang='lat' dir='ltr'>c.</span> <span class='ocrx_word' id='word_1_497' title='bbox 1229 3568 1260 3609; x_wconf 80' lang='lat' dir='ltr'>c)</span> <span class='ocrx_word' id='word_1_498' title='bbox 1293 3568 1441 3610; x_wconf 69' lang='lat' dir='ltr'>sequitur</span> <span class='ocrx_word' id='word_1_499' title='bbox 1471 3568 1507 3600; x_wconf 74' lang='lat' dir='ltr'>in</span> <span class='ocrx_word' id='word_1_500' title='bbox 1532 3567 1661 3600; x_wconf 81' lang='lat' dir='ltr'>codice.-</span> <span class='ocrx_word' id='word_1_501' title='bbox 1696 3567 1769 3598; x_wconf 88' lang='lat' dir='ltr'>Hoc</span> <span class='ocrx_word' id='word_1_502' title='bbox 1794 3567 1883 3598; x_wconf 88' lang='lat' dir='ltr'>facto</span> <span class='ocrx_word' id='word_1_503' title='bbox 1913 3565 2075 3607; x_wconf 86' lang='lat' dir='ltr'>processit</span> <span class='ocrx_word' id='word_1_504' title='bbox 2104 3575 2192 3607; x_wconf 84' lang='lat' dir='ltr'>papa</span> <span class='ocrx_word' id='word_1_505' title='bbox 2219 3564 2261 3596; x_wconf 81' lang='lat' dir='ltr'>ad</span> <span class='ocrx_word' id='word_1_506' title='bbox 2286 3564 2384 3606; x_wconf 85' lang='lat' dir='ltr'>depo-</span> 
     </span>
    </p>
   </div>
   <div class='ocr_carea' id='block_1_8' title="bbox 208 3625 2452 3662">
    <p class='ocr_par' dir='ltr' id='par_1_9' title="bbox 208 3625 2452 3662">
     <span class='ocr_line' id='line_1_46' title="bbox 208 3625 2452 3662; baseline -0.003 -5"><span class='ocrx_word' id='word_1_507' title='bbox 208 3626 360 3657; x_wconf 82' lang='lat' dir='ltr'>sitionem</span> <span class='ocrx_word' id='word_1_508' title='bbox 387 3625 545 3657; x_wconf 85' lang='lat' dir='ltr'>eiusdem.</span> <span class='ocrx_word' id='word_1_509' title='bbox 2420 3638 2452 3662; x_wconf 75' lang='lat'>45</span> 
     </span>
    </p>
   </div>
   <div class='ocr_carea' id='block_1_9' title="bbox 345 3691 1511 3735">
    <p class='ocr_par' dir='ltr' id='par_1_10' title="bbox 345 3691 1511 3735">
     <span class='ocr_line' id='line_1_47' title="bbox 345 3691 1511 3735; baseline 0.001 -11"><span class='ocrx_word' id='word_1_510' title='bbox 345 3691 429 3725; x_wconf 71' lang='grc'>400.</span> <span class='ocrx_word' id='word_1_511' title='bbox 463 3699 493 3735; x_wconf 68' lang='grc'>3)</span> <span class='ocrx_word' id='word_1_512' title='bbox 520 3694 666 3726; x_wconf 67' lang='lat' dir='ltr'>ensi-‚nis</span> <span class='ocrx_word' id='word_1_513' title='bbox 692 3692 725 3723; x_wconf 76' lang='lat' dir='ltr'>in</span> <span class='ocrx_word' id='word_1_514' title='bbox 752 3703 887 3724; x_wconf 72' lang='lat' dir='ltr'>rasura.</span> <span class='ocrx_word' id='word_1_515' title='bbox 1006 3694 1037 3734; x_wconf 72' lang='lat'>¹¹)</span> <span class='ocrx_word' id='word_1_516' title='bbox 1064 3700 1195 3726; x_wconf 75' lang='lat' dir='ltr'>nostros</span> <span class='ocrx_word' id='word_1_517' title='bbox 1222 3692 1272 3733; x_wconf 70' lang='lat' dir='ltr'>(os</span> <span class='ocrx_word' id='word_1_518' title='bbox 1296 3694 1333 3725; x_wconf 83' lang='grc' dir='ltr'>’ἰη</span> <span class='ocrx_word' id='word_1_519' title='bbox 1357 3698 1511 3734; x_wconf 73' lang='lat' dir='ltr'>rasura).</span> 
     </span>
    </p>
   </div>
  </div>
 </body>
</html>
