2558 3970
371 172 504 207 HUGO
531 172 749 207 Llssijffl'rus
777 172 1105 206 AI’OS'I'OIACUS
1136 173 1193 206 ivl-2
1219 173 1362 206 oblim
1395 174 1777 208 ssiumswlvlfflsl.
1832 176 1928 209 1252.
1979 174 2042 210 Nr.
2062 175 2137 208 4:11⁹.
2270 178 2344 215 (531

151 290 196 330 II
230 287 427 330 marcas‘¹
461 303 536 344 pro
570 289 780 330 soniario:
814 289 921 328 VIII
959 288 1152 328 marcas-⁴¹
1187 289 1325 329 cidem
1363 290 1567 343 magistro
1601 291 1783 344 ‹·oqninc
1820 306 1893 346 pro
1927 305 2036 345 equo
2070 295 2112 330 ct
2137 290 2349 330 vestibus:

153 358 278 399 michi
312 358 521 412 magistro
545 357 723 412 Hugoni
760 357 774 397 l
810 357 1026 398 marcam‘¹
1061 372 1135 412 pro
1171 372 1311 412 panno
1345 358 1397 398 ad
1433 366 1595 400 vestes:
1630 360 1754 399 item⁴²
1789 360 1915 400 michi
1950 361 2066 400 eunti
2103 360 2142 399 in
2168 359 2352 399 Bauwa-

151 427 257 468 riam
291 432 389 482 post
412 427 631 468 dominum
658 441 802 481 regem
829 426 866 467 V
891 426 1088 468 marcasd
1113 427 1165 467 ad
1198 442 1428 481 expensas.
1489 428 1622 468 Itcm⁰
1654 428 2072 469 domino1⁴¹1·ideri‹·o
2103 428 2154 469 dc
2189 427 2353 468 Sleita¹

153 496 281 537 XXX
316 495 513 536 marcasd
546 510 622 551 pro
655 495 1003 536 remuneratione
1037 500 1080 534 et
1114 495 1321 548 expensis
1356 495 1444 535 suis
1479 500 1521 535 ct
1551 496 1722 535 nostris.
1757 497 1857 550 quia
1881 496 2086 536 conduxit
2110 500 2351 548 argentum.

99 574 112 597 ⁵
151 565 307 607 Testes
341 565 468 606 huius
501 570 601 606 sunt
634 564 869 619 magistr-rs
899 564 1105 605 Albcrtus
1137 564 1278 603 socius
1304 564 1510 618 prepositi
1538 564 1731 607 Iloberti,
1766 565 1904 605 dictus
1930 565 2135 617 magister
2158 564 2353 618 coquine,

151 634 411 675 Ekeliardus
444 633 496 675 de
530 634 871 688 Wangeheim2.

298 702 478 744 Summa
511 704 644 745 totius
678 704 1008 760 eomputationis
1045 708 1110 745 cst
1144 704 1279 744 XIIII
1315 704 1433 744 milia
1468 704 1753 745 inarcar1nn¹¹.
1790 704 1914 745 XXX
1951 705 2105 746 minus.
2139 717 2220 758 quc
2249 702 2353 743 deti-

150 773 269 814 ciunt
301 777 478 828 propter
510 773 820 829 particularem
854 773 1217 814 distributionem.

330 1150 462 1219 459.
514 1147 822 1219 HUGO
879 1147 1372 1219 LEGATUS
1429 1145 2177 1218 Λ[ἾΝῚἺΟΙᾹΙΟΗῆ1

84 1295 115 1319 10
535 1263 677 1335 DE
731 1263 1070 1337 OURIA
1124 1260 1973 1334 BRUNSWIUENSI.

1046 1401 1188 1449 102502
1228 1402 1368 1448 Mari.
1398 1402 1476 1447 025.

298 1545 557 1587 Mandatum
600 1546 726 1600 laycali
756 1547 970 1598 apostolici
1001 1547 1057 1588 ad
1087 1546 1387 1588 swertula-usam
1419 1548 1455 1586 ct
1488 1544 1855 1597 lla,celberyensmn
1887 1543 2093 1595 (piscopos
2124 1542 2284 1587 (lulum,
2317 1544 2361 1581 nl

155 1615 404 1657 Lubicenses
435 1615 492 1656 acl
520 1616 822 1669 (cyizoseemlum
852 1617 907 1658 W
910 1617 1118 1658 illeelmum
1152 1630 1283 1669 reycm
1315 1618 1515 1667 reflorent,
1547 1629 1596 1654 ecc
1627 1614 1675 1653 (lc
1707 1628 1834 1654 mansa
1865 1613 1936 1654 lece
1968 1612 2050 1653 loeo
2073 1611 2263 1663 proferri
2292 1611 2363 1662 sas

155 1688 256 1735 erat,
287 1685 389 1737 quia
420 1686 612 1728 celebrem
644 1686 774 1726 locum
805 1686 853 1727 de
886 1687 974 1727 iure
999 1686 1244 1740 principum
1275 1685 1492 1726 electorum
1515 1684 1704 1725 continet.
1758 1682 1998 1734 Jeep-etium
2020 1681 2235 1722 editionem
2258 1693 2362 1731 quac

87 1771 117 1795 15
155 1769 206 1795 ew
235 1754 493 1807 autoyrapho
524 1755 729 1797 tabularii
760 1755 1006 1797 Lubicenses
1040 1757 1195 1807 param
1234 1756 1292 1795 est
1325 1751 1680 1795 ‘¹Urlmucleubuch
1711 1752 1784 1792 der
1815 1750 1936 1793 Staclt
1968 1750 2143 1792 Liibeclu'
2178 1750 2214 1799 I,
2239 1750 2361 1791 16⁸³.

150 1822 303 1864 Denuo
334 1825 508 1865 contidit
537 1826 604 1866 vir
633 1826 682 1866 el.
706 1825 874 1866 Paulus
905 1824 1054 1866 llas-se.
1117 1824 1234 1866 Idem
1266 1824 1425 1876 Iegscctus
1449 1825 1593 1874 postea
1624 1822 1671 1862 in
1701 1834 1782 1862 seta
1805 1822 1978 1863 Sumnza
2001 1820 2218 1861 llas-timasi
2239 1833 2363 1870 super

154 1893 297 1934 tc'tulos
327 1893 595 1935 decretalium
626 1894 717 1948 (lib.
742 1895 830 1945 HI,
864 1895 978 1936 rubr.
1011 1894 1059 1935 cle
1084 1893 1230 1949 feudis
1260 1894 1289 1948 ἕ
1317 1896 1365 1943 7,·
1401 1892 1461 1934 ecl.
1484 1892 1683 1933 Bcise'leae
1713 1906 1751 1932 a.
1776 1893 1887 1931 1573
1911 1904 1956 1942 2).
1982 1891 2085 1943 770)
2117 1889 2363 1930 sententiam

152 1962 200 2003 in
230 1963 351 2004 curia
372 1963 693 2006 Brzmswieensc·
723 1967 769 2005 ut
799 1964 962 2005 videtur
993 1965 1123 2005 latam
1156 1964 1439 2004 emnmemorat
1469 1961 1534 2002 lais
1564 1961 1720 2002 verbis:
1754 1960 1819 2001 Dc
1851 1959 2164 2000 consuetudine
2198 1958 2363 2013 imperii

153 2046 237 2073 non
278 2033 492 2086 succedit,
526 2035 609 2075 nisi
648 2034 760 2075 filius
800 2034 1092 2085 descendens,
1136 2033 1219 2073 imo
1252 2032 1483 2073 revertitur
1520 2030 1695 2072 feudum
1729 2030 1784 2070 ad
1826 2030 2151 2084 imperatorem,
2197 2032 2239 2068 et
2271 2028 2362 2083 ipsc

86 2120 119 2145 20
157 2104 325 2146 confert
366 2103 434 2145 cui
473 2104 576 2144 vult.
656 2103 726 2145 Sic
765 2103 851 2144 vidi
891 2104 990 2155 hoc,
1040 2102 1208 2158 quando
1246 2101 1306 2142 fui
1352 2101 1394 2141 in
1432 2100 1680 2152 Alemania,
1724 2114 1802 2155 per
1839 2112 2044 2154 proceres
2084 2097 2275 2138 iudicari.
2309 2121 2362 2126 —-

154 2172 349 2224 Bo'hmer,
380 2173 481 2228 Rey.
514 2173 613 2228 imp.
645 2173 690 2225 V,
714 2174 840 2214 5008.
1982 2167 2055 2221 (P.
2077 2167 2219 2216 deest.)

299 2289 640 2332 Venerabilibus
679 2291 722 2331 in
756 2289 929 2331 Christo
969 2288 1175 2330 fratribus
1216 2288 1301 2329 Dei
1339 2287 1480 2342 gratia
1511 2285 1767 2327 Zverinensi
1812 2288 1855 2326 et
1885 2282 2237 2338 Havelbergensi
2272 2281 2363 2336 epi-

160 2361 302 2417 scopis
334 2360 468 2402 frater
489 2360 621 2416 Hugo
655 2361 934 2402 miseratione
968 2360 1113 2400 divina
1146 2358 1260 2400 tituli
1294 2358 1451 2399 Sancte
1477 2356 1639 2398 Sabine
1673 2355 1888 2410 presbiter
1911 2353 2155 2404 cardinalis,
2188 2355 2362 2406 aposto-

158 2431 242 2472 lice
277 2429 391 2472 sedis
422 2431 606 2485 legatus,
642 2431 825 2471 salutem
859 2434 901 2471 et
934 2429 1146 2470 sinceram
1180 2428 1221 2468 in
1255 2427 1441 2468 Domino
1477 2425 1717 2466 caritatem.

82 2520 121 2563 Ι25
307 2500 432 2542 Licet
478 2500 874 2542 excellentissimus
926 2498 1123 2539 dominus
1172 2496 1243 2538 W.
1286 2496 1578 2537 Romanorum
1635 2509 1712 2536 rex
1767 2507 1941 2548 semper
1993 2496 2203 2546 augustus
2260 2490 2362 2531 olim

157 2569 313 2611 fuisset
352 2584 376 2611 a
413 2570 681 2625 principibus
714 2583 892 2625 quorum
933 2569 1139 2609 intererat
1176 2566 1370 2622 legitime
1403 2566 1447 2606 in
1487 2578 1634 2620 regem
1668 2564 1851 2615 electus,
1891 2576 1915 2602 a
1947 2575 2112 2602 summo
2146 2560 2362 2616 pontifice,

157 2637 210 2680 ad
258 2653 385 2694 quem
431 2640 620 2695 pertinet
664 2639 800 2695 ipsius
843 2638 1068 2680 electionis
1113 2635 1403 2686 confirmacio,
1454 2634 1730 2676 confirmatus
1775 2637 1817 2673 ct
1864 2632 1908 2672 in
1949 2631 2083 2685 Aquis
2125 2630 2167 2670 in
2215 2643 2363 2683 regem

159 2709 440 2765 solempniter
472 2712 752 2751 consecratus
786 2712 828 2749 et
861 2707 994 2763 regali
1027 2705 1272 2747 diademate
1305 2708 1546 2753 coronatus,
1580 2707 1724 2744 tamen
1757 2701 1858 2757 quia
1891 2714 1936 2741 sc
1971 2700 2134 2754 aliquot
2167 2699 2365 2739 civitates

159 2783 203 2820 et
238 2777 395 2834 oppida
433 2778 704 2820 excusabant
735 2777 950 2828 dicentes,
991 2776 1105 2831 quod
1144 2774 1286 2816 eidem
1327 2773 1497 2815 domino
1530 2772 1601 2813 W.
1637 2786 1722 2813 non
1755 2770 1975 2812 debebant
2013 2767 2236 2810 intendere
2269 2771 2363 2808 tan-

91 2867 124 2891 30
162 2861 290 2903 quam
322 2849 435 2904 regi,
474 2864 551 2905 pro
585 2863 635 2891 eo
668 2847 781 2904 quod
815 2846 980 2888 nobiles
1013 2845 1231 2901 principes
1265 2843 1354 2885 dux
1389 2842 1578 2884 Saxonie
1613 2845 1655 2883 ct
1688 2840 1881 2882 marchio
1914 2837 2364 2892 Brandenburgensis,

161 2919 233 2974 qui
265 2933 417 2960 vocem
448 2919 612 2961 habent
643 2919 686 2960 in
720 2917 931 2960 electione
965 2916 1172 2972 predicta,
1208 2913 1414 2956 electioni
1446 2926 1531 2953 non
1565 2913 1882 2952 consenserant
1918 2907 2185 2963 supradicte:
2220 2912 2363 2962 pater-

161 2988 286 3029 nitati
326 2992 468 3030 vestre
510 2992 658 3029 tenore
702 2987 971 3043 presentium
1012 2985 1282 3035 intimamus,
1327 2981 1441 3038 quod
1482 2996 1559 3022 nos
1591 2981 1634 3021 in
1667 2980 1736 3020 die
1768 2978 2117 3020 annunciationis
2151 2976 2364 3017 dominice
2391 2989 2526 3017 martas.

160 3061 389 3114 presentes
421 3057 695 3098 interfuimus
728 3058 772 3098 in
795 3056 1061 3106 Bruneswie,
1093 3054 1168 3095 ubi
1202 3057 1245 3094 et
1277 3052 1451 3108 quando
1475 3051 1564 3092 dux
1587 3055 1630 3091 ct
1662 3049 1852 3091 marchio
1877 3047 2086 3088 antedicti
2111 3046 2369 3087 electionem

162 3127 216 3169 de
254 3127 450 3183 predicto
492 3141 595 3182 rege
636 3126 794 3167 factam
836 3131 974 3166 ratam
1012 3123 1258 3165 habuerunt
1297 3126 1339 3163 et
1381 3125 1548 3177 gratam
1582 3134 1632 3161 ac
1665 3119 1851 3161 eundem
1883 3119 1925 3158 in
1959 3131 2108 3172 regem
2142 3116 2370 3170 elegerunt

95 3219 127 3244 35
165 3197 426 3239 unanimiter
467 3195 521 3237 ad
565 3196 780 3237 cautelam
823 3209 872 3236 ac
916 3193 1055 3236 eidem
1093 3192 1346 3234 fidelitatem
1391 3195 1433 3232 et
1475 3189 1723 3244 homagium
1764 3189 1807 3228 in
1850 3186 2062 3241 solempni
2096 3185 2214 3226 curia
2246 3184 2370 3225 nobis

164 3265 439 3322 presentibus
471 3265 768 3321 prestiterunt.
831 3263 939 3305 Cum
974 3263 1106 3318 igitur
1137 3262 1305 3317 prefate
1338 3261 1535 3301 civitates
1570 3263 1612 3300 et
1635 3257 1796 3314 oppida
1819 3271 1864 3298 se
1890 3270 1972 3297 non
1998 3255 2166 3311 possint
2187 3254 2368 3294 ulterius

166 3349 378 3377 excusare
418 3335 519 3390 quin
550 3335 727 3376 obedire
768 3333 956 3376 debeant
987 3332 1098 3374 dicto
1130 3332 1243 3386 regi,
1282 3329 1532 3386 paternitati
1565 3331 1710 3369 vestre
1746 3340 1830 3381 qua
1860 3325 2082 3380 fungimur
2114 3324 2369 3365 auctoritate

165 3404 447 3460 precipiendo
480 3404 747 3455 mandamus,
781 3407 993 3458 quatenus
1027 3401 1144 3442 cives
1167 3399 1438 3441 Lubicenses
1469 3397 1729 3452 diligencius
1762 3395 1988 3446 moneatis,
2020 3398 2068 3435 ut
2090 3393 2201 3434 infra
2222 3393 2369 3449 proxi-

167 3488 283 3515 mum
316 3477 601 3530 pentecosten
634 3473 748 3515 dicto
781 3472 950 3514 domino
982 3470 1050 3513 W.
1080 3470 1124 3511 in
1157 3469 1356 3511 omnibus
1390 3467 1594 3509 obediant
1625 3470 1845 3521 tamquam
1878 3464 1971 3520 regi
2005 3463 2278 3519 eundemque
2302 3463 2370 3504 vel
2398 3469 2523 3497 Mai-19-

98 3622 132 3646 40
308 3600 342 3644 1)
375 3599 524 3634 Videtur
555 3610 625 3634 esse
656 3598 813 3634 Schleicla
841 3598 885 3632 ab
917 3596 1090 3639 Hersfeld
1119 3595 1169 3629 acl
1201 3595 1386 3637 orientem,
1419 3606 1442 3628 α
1474 3604 1541 3637 qno
1571 3592 1818 3637 appellabam·
1847 3602 1930 3635 qens
1958 3589 2240 3624 ministerialium
2266 3589 2374 3623 Hers-

167 3656 396 3700 feldensizmm
430 3657 476 3699 cf.
503 3657 658 3692 Selmltes
691 3656 959 3691 ‘Directorium'
985 3654 1039 3697 ΙΙ,
1058 3658 1129 3688 319.
1259 3652 1295 3693 2)
1329 3651 1583 3695 Wcmgyenheim
1607 3661 1631 3684 α
1661 3649 1777 3684 Gotha
1802 3649 1849 3683 acl
1873 3647 2060 3683 meridiem.
2187 3648 2222 3690 3)
2250 3645 2375 3681 Riedel

172 3713 300 3754 ‘Codex
323 3713 408 3763 dipl.
435 3714 805 3765 Brmzclenburyensis'
831 3715 861 3757 Ι,
879 3719 931 3759 14,
955 3719 975 3748 5
998 3722 1072 3746 ozon
1096 3714 1269 3755 nostram,
1295 3709 1358 3744 sed
1383 3709 1491 3744 aliam
1509 3708 1675 3755 Huyonis
1700 3711 1835 3744 canam
1857 3706 1890 3742 cl.
1908 3707 1988 3741 Ian.
2006 3711 2025 3741 5
2051 3705 2168 3740 edidit.
