2558 3970
1 903 82 928 Mart.
101 909 141 932 225⁴

164 167 215 205 50
677 161 884 195 oTTo-NIS
912 161 970 194 lv.
999 158 1427 195 CONSTITUTIONES.
1478 158 1576 192 1212.
1626 158 1689 192 Nr.
1705 159 1760 193 40.
1785 158 1840 192 41.

307 278 327 294 ἢ

307 295 343 318 ο.
378 276 656 316 Postmodum
703 276 829 315 ctiam
873 275 926 315 ad
960 274 1214 315 validiorem
1257 274 1621 314 confirmatimiem
1666 274 1765 313 facti
1799 273 2046 315 iuraverunt
2078 275 2263 329 quidam,
2306 279 2348 316 et

164 345 301 386 adhuc
342 344 544 385 iul-abunt
583 343 810 383 duodecim
850 343 1079 397 subscripti
1122 342 1438 387 ministeriales,
1481 341 1593 396 quod
1628 342 1662 381 si
1702 342 1795 396 ipse
1828 341 1915 382 dux
1947 342 2091 396 aliqua
2123 343 2347 384 occasione

164 414 492 468 promissionem
532 412 630 451 facti
665 412 858 452 violaret.
900 411 1012 465 quod
1055 412 1133 466 ipsi
1177 411 1422 451 commoniti
1455 410 1698 464 quindecim
1731 409 1885 451 diebus
1925 415 2023 451 ante
2055 411 2098 451 in
2131 411 2346 452 civitatem

164 483 403 535 Angustam
444 480 676 520 intrabunt.
719 493 933 533 nunqnam
979 479 1075 520 inde.
1109 480 1201 520 sine
1245 480 1418 520 licentia
1452 479 1610 519 domini
1653 479 1924 533 imperatoris
1954 480 2180 522 recessuri.
2242 479 2352 521 Sunt

164 562 307 590 antem
340 549 381 589 hi
416 549 738 589 ministeriales:
774 547 954 588 Sifridns
989 547 1129 602 Koph,
1163 548 1264 588 Otto
1298 548 1439 603 Koph,
1476 547 1578 588 Otto
1611 547 1745 598 Vuoz,
1780 547 2010 589 Hainrieus
2034 548 2170 597 Vuoz,
2207 548 2350 590 Ouon-

164 617 289 658 radus
324 617 504 671 dapifer.
539 616 640 657 Otto
673 615 724 656 de
758 615 886 657 Rore.
919 616 1183 657 Berhtoldus
1217 616 1267 656 de
1302 616 1583 671 Schiltperch,
1616 615 1834 657 Arnoldus
1867 616 1919 657 de
1954 617 2150 667 Camera‚
2183 617 2348 660 Ruodi-

165 700 293 740 gei-ns
343 686 393 725 dc
445 684 730 730 Sandiucella,
780 684 1059 725 Euerhardns
1099 685 1149 725 de
1182 684 1478 739 Wittlinspah,
1526 684 1804 725 Euerhardus
1846 684 1898 725 de
1931 684 2074 737 Curia,
2117 686 2350 728 Hainrious

165 755 216 795 de
250 754 445 795 Ruoden.

307 827 344 862 4.
384 822 439 862 Et
481 827 527 862 ut
568 822 697 862 etiam
738 822 870 862 maior
912 822 964 862 de
1005 822 1112 862 duce
1155 821 1326 862 domino
1367 822 1613 876 imperatori
1645 823 1853 863 securitas
1891 822 1976 873 fiat,
2019 823 2112 877 ipse
2144 823 2231 864 dux
2261 823 2352 866 XII

165 891 338 932 obsides
373 891 635 945 subscriptos
669 891 787 931 dabit
820 890 990 931 domino
1024 879 1288 945 imperatori„
1323 891 1393 945 qui
1425 905 1448 930 a
1480 891 1674 945 proximo
1709 891 1820 931 festo
1856 905 1986 946 pasce
2009 891 2061 932 ad
2088 891 2192 933 duos
2216 906 2351 934 annos

165 960 205 999 in
239 967 452 1013 potestate
487 969 610 999 crunt
642 959 803 999 domini
844 960 1128 1013 imperatoris,
1170 964 1213 999 et
1245 963 1359 1010 tunc.7
1403 959 1437 999 si
1471 959 1667 999 dominus
1707 959 1794 999 dux
1832 960 2163 1014 promissionem
2195 961 2354 1003 factam

165 1028 333 1068 domino
366 1028 618 1082 imperatori
651 1028 761 1068 bene
796 1028 1048 1068 servaverit.
1083 1027 1277 1068 dominus
1302 1028 1537 1082 imperator
1561 1028 1736 1069 obsides
1759 1028 1855 1069 illos
1879 1028 2036 1070 liberos
2061 1029 2158 1070 duci
2179 1030 2353 1078 reddet;

164 1096 234 1136 sed
269 1097 577 1151 promissiones
611 1102 652 1136 et
686 1097 926 1137 iuramenta
949 1096 1082 1150 ipsius
1106 1095 1228 1136 ducis
1254 1100 1297 1136 et
1319 1100 1405 1136 tam
1436 1096 1640 1137 nobilium
1663 1111 1792 1151 quam
1815 1097 2158 1138 ministerialium
2183 1112 2355 1154 semper

164 1166 281 1205 firma
316 1176 357 1205 ct
389 1165 652 1205 inviolabilia
686 1165 1012 1218 permanebunt.
1076 1164 1184 1205 Sunt
1205 1170 1349 1205 autem
1381 1165 1439 1205 hii
1463 1165 1655 1206 obsides:
1690 1165 1801 1206 filius
1825 1166 2067 1221 pincernae,
2101 1167 2214 1208 filius
2238 1166 2352 1208 Her-

164 1234 306 1274 manni
340 1233 479 1274 Pedis.
513 1234 623 1273 filins
658 1234 882 1275 Bartholdi
915 1234 967 1274 de
1001 1234 1347 1285 Vrowenhouen,
1380 1235 1494 1275 filius
1518 1234 1697 1275 Henrici
1730 1234 1782 1275 de
1806 1234 2207 1286 Kranechesberch‚
2240 1236 2352 1278 filius

165 1302 372 1343 Fridcrici
406 1302 455 1343 dc
491 1302 717 1345 Brunowo.
752 1303 862 1342 filius
898 1302 1091 1357 Gerungi
1125 1303 1177 1344 de
1211 1303 1365 1357 Berge,
1399 1303 1510 1343 filius
1544 1303 1737 1344 Heinrici
1770 1303 1983 1355 Dimonis‚
2014 1304 2129 1345 filius
2153 1303 2355 1346 Werneri

164 1372 216 1412 dc
250 1371 517 1411 Burchusen.
552 1371 664 1411 filius
690 1370 889 1418 Grinarii,
922 1371 1032 1412 filius
1057 1371 1273 1412 Cuonradi
1307 1371 1358 1412 de
1382 1371 1715 1426 Vriuntsperch‚
1747 1372 1860 1412 filius
1884 1372 2108 1414 Berhtoldi
2132 1372 2184 1414 de
2211 1372 2353 1414 Snait-

164 1439 260 1480 bah.
295 1440 404 1480 filius
440 1439 651 1480 Grimoldi
685 1439 737 1481 de
770 1439 1083 1480 Bullenhusen.

310 1512 346 1548 5.
388 1508 422 1548 E
456 1509 666 1549 contrario
701 1507 895 1549 dominus
936 1509 1168 1564 imperator
1200 1508 1299 1549 data
1330 1509 1414 1550 fide
1448 1509 1658 1564 promisit,
1700 1509 1812 1564 quod
1850 1510 1941 1565 ipse
1981 1524 2152 1566 semper
2184 1509 2355 1551 domino

164 1578 260 1619 duci
293 1578 387 1632 pius
421 1582 464 1618 et
506 1578 713 1632 propitius
748 1578 828 1618 erit
861 1577 1070 1628 dominus,
1113 1582 1155 1618 et
1195 1578 1237 1618 in
1271 1578 1483 1628 omnibus,
1526 1592 1607 1632 que
1645 1578 1850 1619 honorem
1883 1583 1926 1620 et
1956 1579 2190 1620 utilitatem
2219 1578 2356 1634 ipsius

164 1647 407 1702 respicient,
441 1645 636 1686 dominus
670 1646 902 1701 imperator
934 1646 1122 1700 benigno
1155 1647 1277 1687 vultu
1310 1661 1405 1687 eum
1441 1647 1722 1701 promovebit.

307 1715 418 1755 Acta
467 1720 564 1755 sunt
606 1720 748 1755 autem
795 1715 875 1755 hec
926 1729 1037 1755 anno
1085 1715 1259 1755 Domini
1300 1715 1523 1765 MCOXH,
1576 1716 1688 1770 apud
1740 1716 2055 1758 Franchenfort
2100 1716 2223 1760 XIII.
2256 1716 2356 1758 Kal.

166 1785 339 1839 Aprilis,
372 1783 604 1824 indictione
636 1783 732 1824 XV.

272 2169 356 2236 41.
410 2164 1367 2237 CONFOEDERATIO
1424 2165 1661 2237 CUM
1714 2167 2251 2240 ALBERTO

353 2281 1007 2352 MARCHIONE
1063 2281 2178 2354 BRANDENBURGENSI.

1093 2407 1235 2454 1212
1276 2408 1442 2466 (Aug.)

312 2549 449 2590 Antea
486 2549 528 2589 in
564 2548 806 2601 Oriqinibus
832 2549 1030 2602 Guelfiez's
1053 2549 1144 2599 ΙΙΙ,
1168 2551 1253 2590 812
1283 2549 1447 2598 editam,
1480 2549 1671 2590 collatam
1703 2563 1793 2591 eum
1823 2549 2056 2591 authentico
2082 2549 2128 2589 in
2150 2549 2360 2591 tabulario

167 2618 452 2660 serenissimae
478 2618 676 2671 familiae
705 2618 907 2669 lVeltieae,
951 2617 1060 2670 quod
1098 2630 1209 2658 mane
1240 2620 1300 2658 est
1334 2616 1606 2670 Guelferbyti,
1649 2621 1858 2659 asservato
1889 2618 2000 2659 dedit
2031 2617 2170 2660 Perta.
2228 2617 2359 2658 Auto-

166 2687 353 2738 smcphma
383 2686 514 2726 (lenem
545 2687 716 2726 eontulit
757 2687 910 2738 eolleqa
942 2686 1181 2736 Stec‘mlorff,
1221 2687 1293 2738 τμιιῖ
1331 2687 1636 2737 animadvertit,
1679 2688 1862 2740 siyillum
1886 2688 2075 2739 pedestre
2105 2686 2360 2728 onarehionis

169 2756 324 2795 lamma»
357 2755 661 2795 neembrsmaeeo
692 2755 933 2806 appendere.
970 2780 1018 2784 —
1052 2755 1245 2805 Belemer,
1278 2754 1377 2808 Ray.
1408 2757 1504 2807 imp.
1538 2755 1583 2806 V,
1605 2757 1701 2797 486.
2005 2754 2073 2808 (P.
2095 2756 2214 2809 220.)

315 2892 408 2932 Hec
444 2900 508 2932 cst
540 2891 675 2931 forma
709 2892 889 2942 unionis,
931 2906 1014 2946 qua
1047 2906 1091 2931 se
1125 2892 1321 2932 dominus
1355 2891 1456 2933 Otto
1489 2891 1782 2933 Romanorum
1814 2893 2048 2948 imperator
2078 2896 2121 2933 et
2150 2892 2358 2934 Albertus

172 2961 359 3001 marchio
392 2960 825 3015 Brandenburgensis
859 2960 1203 3001 confaederando
1238 2961 1507 3015 colligarunt,

324 3033 350 3068 1.
389 3029 620 3083 Imperator
652 3029 887 3070 marchioni
920 3029 1018 3069 data
1049 3029 1131 3070 fide
1165 3043 1293 3069 manu
1327 3030 1368 3069 in
1401 3044 1588 3080 manum,
1623 3030 1733 3070 sicut
1764 3030 2033 3085 imperialem
2056 3030 2359 3071 excellentiam

173 3097 473 3137 certitudinem
505 3097 628 3137 decet
660 3098 819 3147 facere⁷
852 3098 1058 3152 promisit,
1093 3112 1139 3137 se
1174 3097 1448 3138 mediatorem
1472 3098 1708 3138 studiosum
1742 3102 1784 3138 et
1816 3098 2036 3139 efficacem
2067 3099 2179 3139 inter
2210 3112 2358 3152 regem

172 3165 301 3214 Dae-ie
337 3175 377 3206 et
410 3165 547 3219 ipsum
579 3166 868 3206 marchionem
905 3171 946 3206 et
979 3164 1130 3206 Slavos
1164 3166 1369 3208 existere.
1433 3166 1477 3206 Si
1499 3180 1598 3206 vero
1629 3166 1817 3207 medium
1846 3166 2083 3207 marchioni
2108 3170 2357 3221 competens

172 3248 254 3273 non
296 3234 518 3274 invenerit.
558 3234 766 3288 promisit,
810 3235 901 3288 regi
934 3233 1096 3274 Daciae
1141 3235 1316 3289 suisque
1359 3234 1595 3275 fautoribus
1628 3234 1826 3276 dedicere
1861 3239 1902 3275 et
1941 3234 2177 3275 marchioni
2209 3238 2359 3275 contra

173 3301 289 3355 ipsos
324 3307 365 3341 et
398 3309 543 3341 contra
576 3315 742 3342 omnem
775 3302 994 3343 hominem
1026 3303 1194 3342 firmum
1228 3307 1270 3343 et
1302 3306 1504 3343 constans
1538 3303 1748 3343 auxilium
1781 3317 1877 3344 cum
1910 3303 2066 3344 effectu
2098 3306 2284 3357 portare.

316 3370 352 3410 2.
395 3369 428 3409 E
465 3378 611 3410 eontra
654 3371 843 3412 marchio
882 3371 1077 3425 promisit
1116 3371 1285 3412 domino
1324 3371 1571 3426 imperatori
1602 3372 1645 3411 in
1677 3371 1869 3412 terminis
1903 3371 1983 3412 sibi
2014 3371 2221 3421 finitimis,
2260 3385 2357 3426 pre-

173 3438 294 3491 cipue
327 3438 368 3477 in
403 3437 592 3478 saxonia
625 3442 666 3478 et
698 3437 947 3493 Thuringia.
981 3444 1128 3480 eontra
1161 3454 1332 3480 omnem
1365 3439 1583 3481 hominem
1616 3439 1668 3481 ad
1692 3435 2034 3480 conservandum
2058 3440 2095 3480 ei
2117 3439 2356 3494 imperium,

173 3515 376 3560 quantum
410 3506 519 3546 vires
552 3511 593 3546 et
625 3506 851 3548 facultates
890 3508 1025 3561 ipsius
1059 3508 1303 3557 admittunt,
1342 3508 1530 3549 fideliter
1568 3508 1740 3548 servire.
1803 3507 1924 3549 Idem
1957 3508 2085 3548 etiam
2117 3507 2203 3548 XX
2233 3507 2356 3548 fami-

173 3575 301 3614 liares
336 3574 602 3613 marchionis.
645 3588 821 3627 quorum
863 3576 1035 3616 nomina
1077 3577 1323 3632 subscripta
1366 3581 1478 3627 sunt,
1522 3576 1600 3617 sub
1645 3576 1781 3616 forma
1820 3576 2065 3631 subscripta
2096 3576 2358 3617 iuraverunt.

175 3641 219 3681 Si
266 3642 454 3682 marchio
501 3643 757 3696 promissum
804 3645 1046 3698 infregerit,
1095 3646 1328 3699 imperator
1365 3646 1506 3700 ipsum
1548 3658 1677 3700 super
1719 3645 1805 3685 voti
1846 3644 2077 3686 violatione
2117 3644 2356 3688 conveniet.

2391 907 2422 931 10

2392 1248 2421 1272 15

2393 1588 2426 1614 20

2393 2312 2425 2338 25

2395 2769 2428 2794 30

2394 3181 2426 3206 35

2394 3527 2428 3551 40
