2558 3970
113 891 128 915 5

95 1291 127 1315 10

92 1635 122 1660 15

82 2321 114 2348 25

82 2671 116 2698 30

79 3015 111 3041 35

715 141 954 176 FRIDERIC!
984 143 1028 177 ΙΙ.
1055 143 1485 181 CONSTITUTIONES.
1539 149 1635 183 1249.
1687 150 1843 186 N1-.273.
2297 159 2369 199 381

209 405 339 474 273.
394 398 1191 471 PROMULGATIO
1253 402 1646 476 LEGATI
1709 407 2343 481 GENERAMS

293 515 406 587 IN
451 512 1093 585 LOMBARDIA
1138 518 1205 585 A
1253 516 1695 589 LAMBRO
1741 521 2265 595 SUPERIUS.

1133 652 1275 699 1249.
1315 654 1421 700 Iun.

314 798 553 851 Repetimus
592 796 808 837 editionem
845 797 924 837 υἰνιῗ
955 797 1001 837 cl.
1034 796 1332 838 Winlaeelmann
1364 800 1482 840 ‘Acta
1515 801 1677 852 imperii
1710 802 1877 844 inedita'
1913 804 1976 850 ΙΙ,
2001 807 2066 854 55,
2100 820 2163 847 nr.
2189 809 2253 855 57,
2299 809 2373 860 qui

166 869 320 909 nititur
364 864 620 919 autoyrapho
663 864 868 905 tabularii
912 864 1191 905 Taurinense's
1234 866 1397 918 simmia
1436 867 1553 920 Dipl.
1599 870 1691 921 imp.
1716 871 1744 911 I
1771 885 1836 913 ην.
1859 874 1926 921 23,
1965 875 2032 913 cul
2069 875 2251 926 siyillum
2285 876 2373 927 filis

162 937 306 979 sericis
350 935 491 977 rubris
531 936 568 974 et
605 933 727 975 flavis
764 933 1014 985 appendam.
1082 934 1241 975 Forma
1271 936 1424 976 accedit
1461 939 1639 989 propius·
1669 939 1725 979 ad
1756 940 1998 981 mcmdatwn
2032 956 2160 993 supra
2195 956 2259 986 ην,
2285 945 2372 984 272

163 1005 330 1046 editum.
366 1029 418 1034 —
451 1001 914 1044 Huillard-Bresholles
953 1001 1024 1052 VI,
1050 1004 1144 1045 742.
1206 1003 1399 1054 Bo'lmwr,
1434 1005 1533 1058 Rea.
1568 1007 1666 1058 imp.
1700 1007 1743 1058 V,
1766 1011 1893 1051 3782.
1993 1010 2062 1063 (P.
2086 1010 2228 1057 (locst.)

309 1130 378 1172 Fr.
412 1130 494 1171 Dei
528 1129 669 1184 gratia
702 1128 998 1170 Romanorum
1033 1129 1268 1184 imperator
1301 1146 1474 1187 semper
1506 1139 1732 1188 augustus,
1769 1135 2006 1177 Ierusalem
2042 1143 2084 1178 et
2110 1138 2256 1179 Sicilie
2294 1154 2369 1181 rex

162 1201 340 1258 prelatis
373 1199 677 1247 ecclesiarum,
712 1197 1053 1247 marchionibus,
1089 1199 1334 1246 comitibus,
1370 1203 1591 1246 cattaniis.
1628 1205 1950 1255 vavassoribus,
1984 1206 2209 1257 nobilibus,
2247 1214 2368 1263 pote-

165 1269 363 1318 statibus,
397 1268 590 1309 consiliis
623 1273 665 1307 et
690 1267 945 1308 comunibus
980 1272 1021 1308 et
1053 1269 1267 1310 universis
1292 1284 1368 1324 per
1389 1270 1695 1313 Lombardiam
1720 1287 1743 1313 a
1767 1274 1940 1315 flumine
1963 1274 2138 1316 Lambri
2172 1278 2370 1332 superius

160 1337 426 1380 constitutis.
459 1336 662 1378 fidelibus
697 1336 806 1381 suis,
839 1337 1022 1390 gratiam
1058 1351 1179 1378 suam
1214 1343 1257 1378 et
1289 1339 1445 1380 bonam
1479 1341 1759 1382 voluntatem.

302 1413 360 1447 Ad
399 1411 613 1447 extollenda
651 1411 835 1445 iustorum
876 1411 1053 1456 preconia
1094 1415 1131 1447 et
1171 1413 1428 1457 reprimendas
1466 1415 1688 1451 insolentias
1729 1420 2045 1463 transgressorum
2087 1420 2317 1465 prospiciens
2350 1432 2368 1455 c

159 1482 238 1518 celo
272 1481 421 1517 iustitia
461 1481 581 1516 erexit
618 1480 657 1514 in
697 1480 846 1525 populis
884 1481 1124 1525 regnantium
1162 1482 1255 1516 solia
1300 1486 1336 1517 et
1379 1484 1611 1520 diversorum
1650 1486 1860 1532 principum
1894 1491 2114 1532 potestates,
2178 1488 2365 1523 Caruisset

157 1562 318 1596 namque
358 1550 521 1585 libenter
557 1550 719 1584 humana
753 1549 940 1585 condictio
981 1550 1069 1595 iugo
1109 1551 1265 1586 dominii
1305 1564 1372 1587 nec
1412 1553 1627 1589 libertatem
1660 1568 1679 1589 a
1713 1568 1761 1597 sc,
1803 1568 1914 1600 quam
1947 1557 2037 1601 ipsis
2069 1559 2202 1592 natura
2238 1560 2365 1593 contu-

158 1621 271 1664 lerat,
309 1620 479 1656 homines
511 1619 764 1661 abdicassent,
808 1619 880 1653 nisi
913 1619 1011 1664 quod
1044 1620 1231 1665 impunita
1264 1621 1417 1657 licentia
1451 1624 1630 1658 scelerum
1663 1624 1701 1658 in
1735 1625 1946 1660 evidentem
1979 1626 2182 1670 perniciem
2214 1627 2365 1662 humani

153 1690 302 1736 generis
342 1689 593 1731 redundabat,
635 1690 672 1723 et
711 1688 763 1723 sic
805 1700 849 1723 ex
888 1689 1114 1724 necessitate
1156 1690 1318 1734 quadam
1359 1692 1528 1737 oportuit
1568 1696 1742 1728 naturam
1776 1694 1925 1729 subesse
1964 1694 2108 1729 iustitie
2151 1698 2188 1729 et
2226 1696 2364 1731 servire

154 1759 292 1795 iudicio
324 1759 551 1795 libertatem.
613 1757 684 1793 Sed
715 1769 782 1793 nec
815 1758 961 1802 exquiri
995 1752 1168 1793 dec-uit2
1202 1760 1433 1796 extrinsecus
1466 1758 1577 1796 aliam
1612 1763 1774 1808 speciem
1807 1765 1987 1806 creature,
2021 1764 2080 1798 cui
2114 1776 2150 1798 se
2174 1775 2364 1809 represen-

153 1830 236 1864 tata
266 1840 333 1874 per
363 1827 554 1864 hominem
586 1827 735 1862 celest-is
767 1838 904 1873 ymago
937 1827 1140 1871 subiceret,
1175 1829 1262 1863 dum
1294 1829 1332 1864 in
1365 1831 1598 1867 reddictione
1632 1844 1763 1867 census
1795 1832 2033 1867 numismatis
2066 1833 2264 1878 imperium
2298 1845 2363 1879 pre

154 1898 289 1934 ceteris
320 1898 436 1943 figure
468 1896 664 1942 fastigium
695 1896 930 1941 presignivit.
993 1896 1064 1932 Sed
1096 1897 1207 1933 homo
1240 1899 1407 1944 prelatus
1442 1902 1499 1935 est
1531 1901 1693 1943 homini,
1738 1903 1779 1936 ut
1809 1901 2015 1947 gratiorem
2048 1902 2213 1937 efficeret
2245 1904 2364 1948 prela-

154 1968 278 2001 turam
318 1965 538 2011 idemptitas
580 1966 728 2011 speciei.
790 1967 1041 2002 Attendentes
1083 1967 1211 2013 igitur,
1253 1970 1354 2014 quod
1386 1982 1430 2005 ex
1468 1970 1674 2016 imperialis
1708 1971 1821 2007 officii
1859 1971 1979 2007 nostri
2009 1972 2153 2015 debito,
2188 1973 2287 2018 quod
2319 1984 2362 2009 ex

153 2035 282 2071 celesti
313 2035 595 2081 dispensatione
628 2035 875 2080 suscepimus,
910 2036 1154 2072 villicationis
1187 2040 1314 2073 nostre
1347 2039 1532 2075 rationem
1566 2053 1691 2076 sumus
1723 2041 1762 2075 in
1794 2040 1853 2075 die
1886 2040 2049 2076 districti
2082 2041 2214 2077 iudicis
2246 2042 2363 2078 reddi-

152 2105 238 2147 turi,
271 2116 364 2147 cum,
397 2104 583 2149 qualitate
615 2105 846 2140 diversorum
879 2106 1118 2151 negotiorum
1150 2110 1365 2143 nostrorum
1398 2111 1435 2143 et
1468 2109 1617 2154 imperii
1648 2122 1715 2155 per
1746 2109 1946 2145 nonnullas
1980 2112 2017 2145 et
2047 2110 2213 2146 diversas
2237 2114 2363 2157 partes

151 2174 364 2210 maiestatis
395 2177 523 2210 nostre
555 2175 786 2220 presentiam
817 2175 1029 2211 necessario
1061 2176 1289 2221 requirente,
1322 2177 1361 2212 in
1392 2178 1565 2223 partibus
1591 2174 1694 2228 ipsis
1720 2179 1858 2214 morari
1881 2179 2060 2215 continuo
2083 2180 2365 2225 presentialiter

150 2255 396 2289 nequeamus,
428 2256 475 2279 ne
507 2238 748 2279 maiestatis
781 2246 909 2280 nostre
940 2245 1104 2290 presidio
1138 2244 1180 2281 et
1211 2246 1359 2282 iustitia
1392 2243 1598 2284 careatis:
1633 2260 1716 2284 ecce
1749 2261 1816 2294 pro
1849 2249 2134 2294 recuperatione
2168 2253 2206 2285 et
2237 2250 2361 2286 defen-

151 2311 255 2348 sione
291 2314 506 2348 nostrorum
548 2314 586 2348 et
625 2313 774 2359 imperii
812 2313 951 2348 iurium
982 2316 1019 2349 et
1050 2315 1253 2359 honorum,
1287 2317 1574 2352 conservatione
1606 2317 1696 2353 boni
1727 2329 1770 2353 ac
1801 2318 1945 2363 pacifici
1979 2321 2099 2354 status
2133 2312 2294 2355 vestri*
2327 2322 2364 2354 et

150 2381 236 2416 viva
265 2393 401 2427 guerra
431 2381 572 2417 nostris
602 2381 806 2418 rebellibus
850 2382 1063 2427 inferenda,
1101 2378 1154 2420 de
1186 2379 1421 2431 fidelitate,
1465 2386 1651 2422 industria
1691 2390 1728 2423 et
1762 2382 2017 2423 strenuitate
2051 2382 2273 2423 Thomasii
2308 2382 2360 2423 (le

151 2443 371 2487 Sabaudia
404 2446 586 2498 coenitis,
621 2445 766 2487 dilect-i
800 2447 1112 2502 consanguinei
1146 2453 1188 2489 et
1222 2448 1361 2490 fidelis
1394 2451 1543 2501 nostri,
1577 2456 1623 2491 ab
1656 2459 1813 2502 experto
1847 2451 2041 2506 plenarie
2076 2451 2359 2493 confidentes.

148 2513 287 2568 ipsum
320 2518 513 2555 nostrum
537 2518 580 2556 et
603 2515 713 2556 sacri
735 2515 904 2571 imperii
926 2516 1059 2557 nostri
1083 2517 1334 2571 generalem
1365 2518 1555 2573 legatum
1579 2520 1620 2559 in
1644 2518 1836 2574 partibus
1867 2520 1970 2574 ipsis
1995 2525 2167 2561 duximus
2191 2527 2356 2561 statuen—

148 2588 246 2624 dum.
306 2582 400 2625 Nec
433 2596 531 2624 eum
565 2584 659 2625 sola
690 2585 824 2640 legati
858 2589 1073 2641 potestate
1099 2586 1296 2627 volumus
1321 2600 1418 2628 esse
1443 2592 1709 2639 contentum,
1744 2587 1819 2629 sed
1843 2588 1880 2629 ei
1906 2587 2143 2629 addicimus
2168 2588 2356 2629 officium

150 2651 396 2707 presidatus
409 2652 439 2703 3,
472 2659 719 2695 concedentes
751 2660 794 2695 ei
824 2672 968 2696 merum
999 2663 1037 2696 et
1068 2661 1229 2696 mixtum
1260 2661 1459 2707 imperium
1493 2664 1531 2697 et
1560 2663 1678 2708 gladii
1710 2665 1952 2708 potestatem.
2015 2662 2064 2697 Et
2085 2666 2125 2697 ut
2156 2663 2193 2697 in
2217 2663 2355 2698 facino-

145 2738 249 2762 rosos
280 2727 580 2765 animadvertere
614 2730 773 2773 valeat,
806 2731 1001 2776 purgando
1035 2725 1262 2766 comissam
1297 2725 1376 2766 Sibi
1410 2732 1654 2777 provinciam,
1687 2732 1725 2766 in
1758 2744 1820 2767 eos
1853 2732 2085 2777 specialiter,
2119 2732 2182 2776 qui
2216 2734 2355 2767 stratas

146 2798 184 2832 et
213 2796 352 2832 itinera
382 2797 534 2843 publica
565 2809 658 2833 ausu
689 2799 890 2834 temerario
923 2799 1065 2836 violare
1097 2803 1327 2846 presumunt.
1390 2800 1629 2844 criminales,
1672 2801 1799 2836 civiles
1832 2803 1869 2836 et
1901 2795 2106 2836 liberales*
2138 2801 2287 2836 audiat
2319 2804 2357 2836 et

147 2865 389 2901 determinet
419 2866 647 2911 questiones,
681 2879 840 2912 quarum
872 2868 1051 2914 cognitio,
1085 2869 1116 2904 si
1147 2881 1214 2905 nos
1238 2872 1431 2915 presentes
1455 2881 1629 2912 essemuS,
1663 2870 1709 2905 ad
1731 2871 1901 2905 nostrum
1930 2869 2109 2905 iudicium
2132 2869 2354 2915 pertineret,

145 2934 353 2979 puniendos
384 2935 578 2980 inquirens
610 2939 648 2972 et
679 2938 838 2983 puniens
870 2938 1083 2983 inquisitos.
1136 2940 1297 2975 Decreta
1319 2940 1451 2984 utique
1473 2940 1722 2985 interponat,
1756 2951 1828 2984 que
1856 2939 1894 2974 in
1917 2939 2209 2974 alienationibus
2232 2950 2353 2974 rerum

148 3004 485 3040 ecclesiasticarum
517 3007 555 3040 et
595 3006 782 3042 minorum
814 3018 857 3042 ac
889 3008 1146 3044 transactione
1178 3009 1445 3044 alimentorum
1478 3009 1680 3044 secundum
1721 3008 1906 3043 iustitiam
1939 3007 2129 3052 interponi
2161 3011 2352 3053 petuntur.

144 3071 194 3107 Et
223 3074 266 3108 ut
295 3073 504 3109 minoribus
536 3077 575 3109 et
604 3075 827 3119 maioribus,
868 3077 1002 3122 quibus
1034 3077 1265 3113 universalia
1296 3078 1378 3113 iura
1410 3080 1646 3120 succurrunt,
1681 3088 1792 3112 causa
1824 3077 1995 3122 cognita,
2028 3077 2280 3112 restitutionis
2313 3077 2351 3112 in

145 3141 334 3188 integrum
364 3142 587 3178 beneficium
617 3145 847 3190 largiatur,
880 3146 1030 3192 plenam
1055 3141 1135 3182 Sibi
1159 3147 1396 3182 concedimus
1419 3149 1662 3192 potestatem.
1714 3146 1772 3181 Ad
1795 3146 2025 3181 audientiam
2047 3157 2195 3191 quoque
2219 3141 2351 3195 ipsius

146 3210 422 3256 appellationes
454 3212 591 3248 deferri
622 3214 804 3257 volumus,
838 3226 930 3259 quas
963 3227 984 3249 a
1016 3215 1215 3250 sentent-iis
1238 3215 1512 3251 ordinariorum
1543 3215 1708 3251 iudicum
1730 3218 1767 3250 et
1789 3226 1916 3250 eorum
1940 3214 2116 3258 omnium,
2149 3215 2213 3260 qui
2244 3215 2350 3250 iuris-

144 3278 347 3315 dictionem
379 3280 425 3315 ab
457 3281 615 3327 imperio
646 3284 750 3318 nacti
783 3286 880 3327 sunt,
912 3284 1010 3319 infra
1042 3284 1235 3330 regionem
1266 3285 1384 3330 ipsam
1420 3287 1458 3320 et
1490 3285 1568 3320 eius
1600 3284 1780 3320 terminos
1813 3283 2016 3329 contigerit
2043 3284 2244 3329 interponi,
2278 3284 2351 3319 nisi

144 3347 241 3383 forte
272 3349 332 3384 vel
363 3361 473 3385 cause
504 3351 670 3396 qualitas
702 3353 762 3388 vel
793 3365 969 3389 numerus
1001 3353 1302 3399 appellationum
1332 3354 1404 3389 hoc
1435 3353 1604 3388 adimant
1626 3353 1852 3399 appellanti,
1885 3354 1928 3387 ut
1958 3355 2085 3388 tamen
2108 3364 2130 3387 a
2152 3353 2350 3389 sententiis

145 3411 233 3452 suis
275 3418 324 3452 ad
363 3418 596 3455 audientiam
633 3423 803 3457 nostram
842 3422 960 3458 libere
998 3423 1125 3458 valeat
1165 3423 1372 3468 provocari.
1436 3415 1621 3457 Creandi
1660 3428 1829 3470 quoque
1870 3414 2033 3457 iudices
2077 3420 2120 3457 et
2159 3415 2349 3457 notarios

144 3480 314 3535 plenam
356 3480 498 3523 eidem
537 3482 681 3538 legato
726 3485 986 3527 conferimus
1033 3490 1291 3542 potestatem
1308 3486 1340 3526 4.
1404 3485 1615 3532 Quocirca
1658 3484 1855 3526 fidelitati
1887 3488 2035 3526 vestre
2068 3483 2346 3540 precipiendo

278 3607 314 3651 1)
344 3606 397 3650 Cf.
425 3607 509 3652 Ray.
535 3608 617 3653 imp.
641 3609 681 3654 V,
701 3621 739 3654 p.
754 3615 850 3646 2181.
969 3612 1005 3656 2)
1031 3611 1114 3646 Hoc
1140 3610 1232 3655 sapit
1255 3609 1428 3645 mandata
1451 3621 1508 3645 νιν.
1527 3614 1601 3645 216.
1631 3613 1701 3644 217.
1727 3613 1802 3644 266.
1829 3613 1905 3643 270.
2013 3609 2048 3652 3)
2077 3606 2176 3642 Haec
2199 3607 2347 3651 sapiwnt

141 3662 312 3699 mandata
334 3675 392 3700 nr.
413 3669 491 3701 216.
509 3671 580 3702 217.
599 3672 672 3702 266.
789 3670 826 3713 4)
854 3669 954 3704 Haec
978 3670 1019 3703 in
1042 3669 1215 3703 mandato
1238 3679 1295 3703 nr.
1319 3672 1390 3703 217.
