2558 3970
14 1407 93 1432 uari.
118 1410 155 1431 ιτ.

40 1476 104 1507 Apr
124 1478 163 1499 13.

182 185 260 222 594
623 176 1027 212 CoNFoEDERATIO
1058 175 1190 210 PACIS
1217 175 1464 211 RHENANA.
1516 177 1614 211 1256.
1665 177 1729 212 Nr.
1744 177 1822 211 434.
1847 177 1924 213 435.

327 298 363 335 3.
397 293 590 333 Misimus
625 292 761 333 eciam
795 291 1055 345 sollempnes
1088 291 1266 331 nuncios
1299 295 1471 332 nostros
1505 291 1556 332 ad
1587 291 1819 346 principes,
1853 291 1906 331 ad
1930 305 2037 345 quos
2061 294 2230 346 spect-at
2254 291 2366 346 regis

183 364 351 404 electio.
387 366 587 415 rogantes
621 374 694 401 cos
726 360 924 409 sollicite,
957 363 1003 400 ut
1035 373 1111 414 pro
1136 359 1275 400 salute
1307 359 1442 400 tocius
1474 359 1612 414 patrie
1635 359 1677 400 in
1702 373 1831 400 unam
1852 359 2084 413 dignentur
2106 359 2367 401 concordare

184 444 424 485 personam.
460 443 511 469 ne
544 443 597 468 ex
631 442 776 470 corum
809 426 1023 468 discordia
1054 430 1203 468 sancte
1236 427 1354 481 pacis
1388 427 1639 481 negocium⁰
1672 428 1817 468 valeat
1847 427 2102 482 perturbari.

326 501 361 538 4.
397 497 632 538 Statuimus
667 497 801 538 eciam
835 497 911 536 sub
946 495 1090 536 debito
1124 495 1368 546 iuramenti,
1402 494 1515 550 quod
1548 495 1584 536 si
1616 495 1661 535 in
1693 494 1907 536 discordia
1938 495 2082 550 plures
2116 495 2240 536 electi
2274 496 2365 537 fuc-

185 568 277 606 rint.
312 566 415 605 nulli
448 579 593 605 eorum
626 566 667 605 in
701 565 887 619 aliquam
921 564 1139 604 civitatem
1172 563 1239 604 vel
1274 563 1448 618 opidum
1481 566 1628 618 pateat
1660 562 1836 614 aditusf,
1870 563 2121 604 fidelitatem
2143 563 2211 604 vel
2233 563 2367 605 servi-

183 636 292 675 cium
338 635 400 675 eis
442 633 690 674 nullomodo
734 633 1042 688 prestabimus,
1087 633 1290 673 victualia
1328 633 1391 674 eis
1432 646 1517 672 non
1557 632 1917 684 ministrabimus,
1962 635 2156 672 mutuum
2190 631 2252 672 eis
2284 646 2369 672 non

183 703 378 743 dabimus
412 716 489 742 nec
524 703 634 742 clam
668 702 733 743 vel
765 702 909 756 palam
942 700 1104 755 aliquid
1136 701 1243 755 ipsis
1276 701 1488 742 auxilium
1521 701 1743 742 faciemus.

326 774 363 813 5.
399 770 442 811 Si
476 774 619 811 autem
653 770 796 824 aliqua
832 770 979 810 civitas
1013 770 1080 811 vel
1113 769 1288 824 opidum
1322 783 1398 810 seu
1438 770 1574 811 eciam
1608 769 1849 823 singulares
1892 783 2078 824 persone
2110 773 2257 811 contra
2290 769 2370 811 hoc

184 844 388 879 statutum
423 846 465 879 et
497 838 814 879 ordinacionem
849 843 1062 885 nostram,
1096 838 1207 893 quod
1241 838 1365 887 absit,
1398 838 1561 893 aliquid
1594 838 1933 893 presumpserint
1963 842 2240 893 attemptare,
2275 853 2370 894 pre-

184 914 424 962 sumptores
458 907 701 947 huiusmodi
735 908 892 962 periuri
917 911 987 948 etss
1018 907 1199 948 infames
1222 921 1271 948 ac
1295 907 1525 948 violatores
1557 906 1655 948 fidei
1680 906 1984 956 censebuntur,
2018 910 2060 947 et
2083 910 2230 946 contra
2253 906 2371 961 ipsos

184 976 283 1016 tetis
318 976 477 1017 viribus
510 975 790 1030 procedemus
824 980 1042 1030 tamquam
1076 980 1224 1016 contra
1253 975 1482 1016 violatores
1514 975 1633 1030 pacis
1666 979 1709 1016 et
1738 979 1909 1016 nostros
1942 974 2139 1030 publicos
2162 973 2369 1016 inimicos.

187 1045 238 1084 Et
272 1045 350 1085 hee
385 1045 529 1085 omnia
562 1044 821 1085 unanimiter
854 1049 896 1085 ct
927 1044 1104 1084 firmiter
1133 1049 1218 1084 tam
1242 1044 1315 1084 diu
1339 1044 1620 1096 servabimus,
1654 1043 1792 1085 donec
1817 1044 1940 1085 nobis
1964 1057 2074 1084 unus
2097 1046 2374 1098 presentetur

184 1114 224 1153 in
257 1127 417 1167 regem.
451 1113 519 1167 qui
553 1113 604 1153 de
639 1114 728 1153 iure
763 1127 941 1167 regnum
963 1112 1202 1153 Romanum
1237 1112 1394 1153 debeat
1426 1113 1636 1165 obtinere,
1670 1113 1737 1153 cui
1770 1112 1822 1154 de
1847 1111 2048 1153 concordi
2082 1125 2299 1153 consensu
2332 1115 2375 1152 ct

183 1182 373 1222 unanimi
413 1182 592 1222 consilio
635 1186 854 1235 tamquam
894 1186 1040 1222 nostro
1074 1182 1165 1235 regi
1199 1186 1242 1222 et
1275 1180 1447 1222 domino
1480 1180 1734 1223 fidelitatem
1767 1185 1810 1222 et
1842 1181 2024 1222 servicia
2055 1179 2202 1222 debita
2232 1179 2374 1221 liben-

185 1251 350 1291 tissime
384 1250 605 1290 faciemus.

325 1322 361 1359 6.
396 1318 606 1359 Volumus
641 1318 789 1362 eciam.
824 1322 869 1358 ut
900 1319 974 1358 illa
1007 1322 1192 1373 quatuor
1222 1318 1446 1373 generalia
1476 1318 1687 1373 colloquia
1719 1317 1790 1358 diu
1824 1317 2017 1359 statutah
2048 1318 2171 1358 annis
2194 1317 2374 1372 singulis

185 1389 480 1429 observentur.
542 1386 727 1442 Propter
760 1387 1019 1442 colloquium
1054 1401 1175 1438 vero,
1221 1387 1335 1442 quod
1369 1401 1480 1428 nunc
1513 1387 1555 1427 in
1588 1387 1799 1442 preterita
1830 1386 2045 1428 dominica
2075 1386 2375 1428 Reminiscere

186 1456 414 1511 Moguncie
439 1456 693 1506 habebatur,
727 1455 997 1497 decrevimus
1022 1456 1126 1496 illud
1151 1457 1425 1510 colloquium,
1459 1455 1570 1510 quod
1595 1457 1636 1496 in
1659 1456 1824 1496 octavis
1848 1456 2006 1511 pasche
2030 1455 2191 1497 ibidem
2214 1455 2376 1496 habere

186 1525 431 1566 debuimus.
477 1538 560 1565 non
602 1525 763 1566 servari
805 1525 884 1565 hac
918 1525 1031 1575 vice,
1075 1524 1151 1566 sed
1192 1525 1234 1565 in
1268 1525 1391 1565 dictis
1425 1525 1589 1566 octavis
1621 1524 1782 1580 pasche
1815 1525 1895 1566 erit
1925 1525 1967 1565 in
1999 1529 2220 1580 posterum
2252 1524 2375 1565 annis

185 1595 362 1648 singulis
397 1593 733 1635 observandum:
777 1598 1040 1645 statuentes,
1074 1599 1120 1634 ut
1152 1608 1301 1635 omnes
1334 1594 1416 1646 illi,
1461 1594 1533 1648 qui
1566 1592 1620 1635 ad
1652 1592 1768 1634 dicta
1799 1593 2018 1648 colloquia
2048 1607 2133 1634 non
2165 1592 2375 1644 venerint,

186 1677 298 1717 pena
329 1662 476 1703 debita
508 1664 753 1717 puniantur.

332 1734 369 1773 7.
402 1731 457 1771 Et
489 1732 691 1786 quoniam
724 1731 895 1786 quidam
928 1732 1085 1772 milites
1119 1735 1162 1772 et
1185 1731 1256 1772 alii
1279 1732 1321 1772 in
1344 1731 1455 1772 villis
1482 1735 1525 1772 et
1547 1731 1652 1772 loeis
1676 1731 1771 1772 aliis
1795 1729 2038 1772 residentes
2062 1744 2214 1785 pacem
2236 1730 2379 1772 iurare

187 1815 269 1841 non
302 1804 452 1842 curant
486 1806 527 1841 et
559 1814 633 1855 pro
667 1801 1021 1841 corroboracione
1055 1804 1097 1841 et
1128 1801 1464 1842 conservacione
1503 1801 1622 1856 pacis
1654 1800 1808 1841 nolunt
1842 1799 1984 1840 facere
2018 1799 2164 1854 aliqua
2197 1799 2381 1841 servicia

188 1871 255 1911 vel
289 1870 460 1910 labores
493 1874 535 1910 ct
567 1874 710 1910 tamen
742 1870 891 1909 volunt
923 1883 1028 1924 pace
1061 1868 1265 1923 gaudere,
1301 1870 1544 1921 statuimus,
1578 1873 1624 1910 ut
1655 1869 1716 1910 illi
1748 1884 1774 1910 a
1805 1868 1923 1924 pacis
1953 1867 2176 1909 commodo
2208 1868 2379 1923 penitus

188 1940 272 1979 sint
305 1939 469 1979 exclusi
503 1952 582 1979 nec
613 1952 699 1992 pax
732 1937 965 1978 violabitur
995 1938 1038 1978 in
1070 1937 1248 1980 eisdem.

331 2009 367 2048 S.
401 2007 497 2048 IIoe
531 2010 739 2047 statutum
772 2006 910 2047 eciam
942 2006 1190 2047 renovando
1224 2007 1467 2058 statuimus,
1499 2011 1546 2048 ut
1578 2007 1683 2048 nulli
1717 2007 1986 2048 dominorum
2018 2005 2086 2047 vel
2116 2004 2376 2060 cuicunquei

188 2077 272 2116 alii.
307 2076 378 2130 qui
410 2074 635 2130 negocium
670 2079 816 2116 sancte
849 2075 968 2129 pacis
1000 2074 1284 2127 turbaverint,
1318 2079 1512 2116 mutuum
1544 2075 1671 2118 detur
1704 2076 1770 2116 vel
1803 2075 2010 2117 victualia
2041 2074 2094 2116 de
2128 2074 2378 2115 civitatibus

189 2145 254 2185 vel
288 2144 423 2199 opidis
456 2145 727 2198 aliquatenus
760 2144 1068 2185 ministrentur.

332 2216 368 2252 Ω.
409 2213 518 2253 Item
559 2213 808 2264 statuimus,
847 2217 895 2254 ut
935 2213 1132 2254 civitates
1172 2212 1214 2253 in
1253 2227 1402 2254 eorum
1439 2213 1653 2268 passagiis
1687 2217 1731 2255 et
1768 2213 1949 2254 navibus
1983 2212 2114 2254 talem
2145 2211 2380 2254 adhibeant

190 2281 429 2323 custodiam
465 2287 507 2323 et
540 2282 768 2333 cautelam,
802 2296 855 2323 ne
887 2281 1047 2323 ibidem
1080 2282 1286 2323 transitus
1319 2286 1467 2337 pateat
1497 2282 1694 2324 inimicis.

343 2354 398 2391 10.
432 2351 643 2391 Volumus
677 2351 834 2402 eciam,
874 2355 922 2391 ut
953 2350 1200 2405 expedicio,
1235 2365 1316 2405 que
1349 2351 1462 2406 apud
1495 2350 1748 2392 Coloniamk
1781 2365 1918 2406 nuper
1948 2350 2028 2391 fuit
2060 2349 2240 2402 indicta,
2282 2363 2379 2404 pro-

191 2434 359 2461 cessum
394 2420 563 2472 habeat,
597 2420 710 2461 sicut
743 2420 911 2460 exstitit
944 2424 1045 2460 tunc
1078 2419 1289 2461 condicta.

342 2491 402 2528 11.
436 2489 583 2530 Placet
616 2489 754 2530 eciam
786 2492 829 2529 et
860 2493 1028 2543 gratum
1063 2493 1130 2530 est
1174 2488 1313 2540 nobis,
1346 2492 1394 2529 ut
1425 2489 1592 2530 nobiles
1615 2492 1658 2530 et
1679 2488 1836 2529 domini
1870 2491 1984 2529 terre
2007 2487 2142 2528 libere
2165 2486 2382 2541 gaudeant

193 2558 279 2597 suis
314 2557 489 2607 iuribus,
527 2558 638 2598 sicut
671 2557 840 2599 debent.
1629 2574 1647 2589 ε

341 2627 399 2665 12.
441 2625 597 2667 Omnia
640 2627 774 2667 eciam
818 2630 999 2678 statuta,
1047 2640 1128 2682 que
1172 2627 1383 2668 hactenus
1429 2626 1623 2668 ordinata
1664 2626 1856 2677 fuerunt,
1901 2639 1997 2666 cum
2039 2625 2237 2666 omnibus
2268 2638 2381 2665 nunc

192 2695 385 2745 statutis,
431 2695 541 2735 sicut
589 2695 843 2747 iuravimus,
891 2696 1088 2737 volumus
1136 2695 1442 2737 inviolabiliter
1482 2695 1712 2737 observare
1757 2698 1798 2735 et
1838 2694 1880 2735 in
1923 2697 2179 2749 perpetuum
2220 2693 2380 2735 mutuis

192 2764 363 2804 auxiliis
397 2778 471 2804 nos
505 2764 748 2804 iuvabimus
782 2764 896 2805 bona
927 2764 1024 2807 fide.

335 2832 384 2872 In
426 2833 719 2872 testimonium
761 2838 905 2874 autem
945 2834 1132 2874 omnium
1177 2833 1469 2888 predictorum
1507 2836 1754 2888 presentem
1794 2832 1982 2873 litteram
2015 2831 2158 2886 sigillo
2192 2830 2380 2873 civitatis

193 2901 463 2954 Maguntine,
497 2914 579 2955 quo
614 2915 692 2941 nos
727 2903 857 2943 ceteri
890 2902 955 2942 usi
990 2902 1168 2953 sumusl,
1201 2902 1404 2944 duximus
1437 2901 1728 2943 muniendam.

335 2969 493 3009 Actum
526 2968 752 3024 Maguncie
792 2970 845 3011 ad
889 2972 1094 3026 generale
1136 2971 1396 3026 colloquium
1436 2972 1678 3021 civitatum,
1719 2982 1833 3010 anno
1864 2968 2036 3010 Domini
2069 2968 2304 3020 MCCLVI,
2338 2968 2380 3009 in

193 3037 260 3078 die
294 3038 418 3078 beate
453 3037 728 3080 Gerdrudisk.

291 3207 391 3249 4:35.
435 3208 750 3250 LITTERAE
778 3208 1371 3252 MOGUNTINENSIUM
1395 3209 1482 3251 AD
1514 3208 2024 3251 RATISPONENSES
2055 3207 2280 3250 DATAE.

1142 3279 1264 3319 1256.
1300 3278 1383 3320 Oct.
1406 3280 1446 3322 2.

337 3356 462 3396 Dedit
498 3358 558 3397 ri)-
590 3358 626 3398 (Z.
650 3357 923 3399 Ilernzccmzus
951 3358 1087 3399 Her-rc
1118 3372 1168 3398 cs)
1197 3358 1473 3412 autographo,
1504 3357 1612 3410 quod
1640 3359 1880 3399 asservatur
1909 3369 1997 3398 una
2026 3369 2116 3398 cum
2144 3369 2211 3398 nr.
2232 3358 2317 3396 436
2345 3359 2382 3398 et

201 3426 277 3462 1137
320 3424 361 3463 ln
402 3424 609 3465 tabulario
646 3426 763 3478 resstzo'
800 3426 1020 3468 Bawarici
1058 3426 1323 3479 Rcycnsbury
1367 3425 1780 3479 (Reichsstc‘tdtischcs
1809 3424 1988 3472 Archiv)
2030 3425 2154 3467 Fasc.
2183 3424 2220 3475 5,
2263 3424 2381 3466 cuius

197 3492 377 3543 se'qa'llum
403 3493 588 3545 pendens
619 3507 732 3535 nunc
762 3494 880 3535 deest.
915 3519 968 3523 —
1001 3494 1193 3544 Bahman
1225 3494 1324 3547 chy.
1355 3495 1453 3546 imp.
1486 3493 1530 3544 V,
1553 3494 1705 3536 11759.
2029 3491 2098 3546 (P.
2120 3494 2240 3543 381.)

333 3614 418 3649 434.
451 3619 481 3657 ρ)
509 3617 711 3661 11‹:g‹·[tiu1n]
741 3619 802 3651 L'o.
888 3619 917 3661 f)
944 3645 950 3651 .
972 3645 978 3651 .
999 3645 1005 3652 .
1024 3626 1078 3652 tus
1105 3632 1173 3657 υν.,·
1198 3621 1355 3653 introitus
1380 3620 1442 3652 Bo:
1466 3632 1529 3663 per
1554 3619 1796 3657 coniecturam;
1822 3617 1965 3661 adit[us]
1990 3618 2052 3651 Bo.
2147 3618 2180 3660 8)
2205 3618 2295 3652 deest
2320 3618 2382 3651 Bo.

198 3673 213 3696 h
256 3675 308 3705 <lie
337 3680 460 3705 statuto
487 3674 548 3705 lm.
666 3674 688 3716 i)
715 3677 880 3717 cuiusque
907 3677 967 3708 Βϋ,
1086 3675 1120 3718 k)
1146 3678 1200 3708 via,-
1226 3677 1353 3718 lessc‘bile
1379 3689 1428 3709 or.
1545 3675 1568 3716 l)
1596 3676 1648 3708 usi
1673 3687 1791 3708 sumus
1816 3676 1870 3707 via·
1896 3675 2044 3718 legibilia
2068 3687 2117 3708 or.

2412 915 2443 940 10

2415 1263 2445 1288 15

2414 1606 2448 1631 20

2415 1948 2448 1971 25

2416 2288 2450 2313 30

2417 2636 2450 2662 35

2416 2979 2450 3004 40

2416 3442 2449 3467 45
