2558 3970
183 167 263 206 492
633 159 836 194 ALFONSI
862 158 1000 192 REGIS
1027 156 1452 192 CONSTITUTIONES.
1503 157 1601 192 1256.
1650 157 1808 191 N1-.392.
1833 158 1910 191 393.

185 284 343 319 cartam
378 287 419 317 et
451 280 590 315 cartas
622 274 816 329 publicas
848 287 975 314 unam
1009 276 1052 313 et
1092 273 1238 327 plures
1271 275 1314 313 et
1347 272 1480 313 semel
1514 275 1556 313 et
1593 271 1754 326 pluries
1787 271 1972 313 scribere
2005 276 2048 313 et
2080 273 2356 314 confirmarel

183 356 223 387 et
258 348 294 386 iu
330 347 541 400 publicam
577 345 831 398 scripturam
865 342 1060 396 redigere
1094 345 1368 395 rogaverunt.

327 415 434 453 Acta
478 419 575 453 sunt
618 413 695 453 hec
737 412 878 452 onmia
920 412 961 451 in
1003 410 1105 450 villa
1146 410 1198 450 de
1241 410 1363 450 Seria.
1402 409 1454 450 de
1487 409 1683 464 Yspania
1726 410 1847 463 regni
1889 409 2077 451 Castelle
2120 410 2161 451 in
2200 411 2359 465 palatio

186 483 314 535 reguli
350 482 662 535 suprascripti¹¹¹
695 480 853 520 domini
885 479 998 533 regis
1031 479 1073 518 in
1104 479 1321 532 presentia
1352 492 1448 519 mea
1472 477 1633 518 Mathei
1665 478 1819 518 notarii
1851 478 2082 533 supradicti
2114 483 2157 519 et
2188 480 2230 519 in
2261 494 2358 533 pre-

185 551 318 589 sentia
352 550 618 589 dominorum
651 550 794 589 fratris
823 548 1031 602 Stephani
1065 547 1117 587 de
1150 547 1296 587 ordine
1329 547 1506 587 fratrum
1532 545 1854 586 Predicatorum
1877 546 2187 602 archiepiscopi
2211 547 2357 588 Turri-

184 618 300 657 taui¹¹
334 622 375 657 et
407 618 545 657 fratris
579 617 797 657 Laurentii
830 615 881 656 de
907 615 1153 669 Pol-tugalia
1184 615 1237 655 dc
1267 614 1411 655 ordine
1445 614 1623 655 fratrum
1647 614 1858 655 Minorum
1890 615 2179 669 penitentiarii
2203 615 2360 657 domini

184 700 293 740 pape
327 690 368 725 et
400 686 690 740 prosecutoris
725 684 862 725 crucis
896 684 1062 737 negocii
1096 684 1136 723 in
1170 687 1261 724 tota
1284 683 1475 738 Yspania
1509 687 1551 724 et
1575 683 1715 723 Suerii
1739 682 1857 724 Petri
1887 684 2079 739 episcopi
2103 683 2155 725 de
2178 684 2362 726 zamora

184 756 264 794 iam
300 754 400 794 dicti
434 753 591 794 domini
625 754 739 807 regis
782 753 932 792 notarii
967 756 1009 792 et
1043 751 1219 792 Garthie
1253 752 1370 792 Petri
1404 751 1693 792 archidiaconi
1727 751 2071 801 Marroechitani,
2104 753 2277 794 testium
2309 753 2363 794 ad

186 822 261 862 hec
295 822 540 876 specialiter
573 826 825 863 vocatorum
860 825 901 861 et
934 821 1189 868 electorum,
1222 820 1431 861 dominice
1464 820 1768 861 incarnationis
1799 834 1909 861 anno
1939 821 2168 863 millesimo
2201 822 2362 864 ducen-

186 891 337 931 tesimo
383 891 736 945 quinquagesimo
785 893 908 930 sexto
956 889 1190 930 secundum
1240 903 1408 929 cursum
1456 889 1682 929 Pisarumg
1729 892 1771 929 et
1815 889 2169 944 quinquagesimo
2217 891 2364 946 quinto

186 958 419 999 secundum
455 973 624 999 cursum
658 958 861 1013 Yspanie,
895 957 1127 998 indictione
1161 957 1494 1012 quartadecima.
1527 957 1845 1012 quintodecimo
1876 956 1973 999 Kal.
2007 958 2183 1014 Aprilis.

327 1029 389 1081 (ὃ.
416 1026 486 1072 N.)
550 1027 639 1081 Ego
672 1027 871 1068 Matheus
905 1026 1040 1066 Saluii
1073 1026 1284 1080 quondam
1318 1026 1448 1072 filius,
1482 1026 1640 1067 domini
1672 1026 1742 1068 Fr.
1775 1027 2039 1067 serenissimi
2073 1027 2363 1068 Romanorum

186 1096 454 1150 imperatoris
491 1097 701 1141 notarius,
743 1095 945 1150 predictis
984 1095 1179 1135 omnibus
1221 1095 1392 1135 interfui
1427 1099 1470 1135 ct
1510 1094 1589 1135 hec
1623 1095 1765 1135 omnia
1801 1099 1953 1149 rogatu
1991 1095 2169 1150 predicti
2205 1095 2364 1137 domini

187 1165 353 1204 Alfonsi
389 1165 427 1205 in
462 1164 751 1205 Romanorum
792 1177 937 1217 regem
977 1168 1019 1203 et
1052 1164 1091 1203 in
1134 1163 1437 1218 imperatorem
1481 1163 1608 1203 electi
1641 1167 1683 1203 et
1715 1163 1869 1219 prefati
1902 1164 2051 1204 sindiei
2084 1165 2136 1205 ad
2171 1166 2365 1206 veritatis

186 1235 431 1273 memoriam
466 1238 672 1288 perpetuo
707 1232 1044 1273 conservandam
1078 1232 1230 1287 scripsi
1264 1236 1307 1273 et
1339 1245 1433 1272 meo
1466 1231 1586 1286 signo
1620 1233 1905 1275 confirmavi0.

300 1425 401 1467 393.
440 1426 892 1468 PROMISSIONES
922 1426 1197 1468 ALFONSI
1227 1427 1313 1467 ET
1337 1427 1384 1467 N
1392 1427 1571 1469 UNTII
1596 1426 1977 1470 PISANORUM.
2030 1427 2161 1469 Mart.
2186 1430 2252 1471 18.

330 1507 399 1547 Er
429 1507 682 1559 autom-sapho
714 1507 915 1548 tabularii
936 1508 1040 1560 freyn
1062 1507 1236 1558 Pam,-
1266 1522 1301 1549 υ.
1333 1508 1389 1548 acl
1418 1521 1484 1550 nr.
1506 1509 1601 1550 392.
1637 1533 1690 1538 —
1721 1508 1913 1558 Bubonem,
1932 1508 2033 1562 ch.
2056 1509 2152 1561 imp.
2181 1509 2225 1561 V,
2243 1509 2367 1553 5485.

1991 1577 2061 1631 (P.
2084 1578 2226 1632 deest.)

329 1679 376 1719 In
419 1679 588 1719 nomine
627 1679 768 1719 Patris
814 1684 855 1720 et
893 1679 989 1720 Filii
1037 1685 1080 1720 et
1120 1680 1305 1736 Spiritus
1345 1681 1502 1731 sancti,
1547 1694 1688 1721 amen.
1807 1679 1869 1736 (1)
1911 1680 1999 1721 Nos
2039 1681 2246 1723 Alfonsus
2284 1682 2370 1724 Dei

188 1750 351 1803 gratiaa
383 1749 423 1788 in
448 1747 736 1788 Romanorum
768 1762 913 1802 regem
947 1753 988 1789 et
1020 1750 1062 1789 in
1086 1749 1388 1804 imperatorem
1413 1750 1591 1799 electus,
1624 1764 1701 1791 rex
1725 1749 1928 1801 Oastelle,
1962 1749 2117 1801 Toleti,
2147 1751 2365 1806 Legionis,

189 1817 418 1864 Gallethie,
455 1816 616 1860 Sibilie,
652 1816 865 1866 (ἴοι-(111110,
897 1816 1082 1857 Murscie
1118 1822 1161 1857 et
1185 1815 1355 1857 Gienne
1369 1817 1398 1868 ὓ,
1433 1822 1743 1870 cognoscentes
1776 1816 2051 1857 devotionem
2083 1817 2294 1859 sinceram
2327 1823 2371 1860 et

188 1887 285 1926 fidei
337 1887 585 1940 puritatem,
636 1899 761 1940 quam
802 1892 1006 1926 comune⁰
1045 1885 1243 1925 Pisarum
1286 1899 1389 1939 erga
1428 1884 1667 1925 Romanum
1717 1885 1946 1939 imperium
1984 1889 2027 1925 et
2068 1889 2369 1928 antecessores

188 1962 355 1995 nostros
394 1954 685 1994 Romanorum
733 1954 1013 2009 imperatores
1057 1958 1099 1994 et
1141 1954 1412 1994 maiestatem
1454 1958 1647 1994 nostram
1692 1967 1865 2008 semper
1908 1953 2058 1994 habuit
2097 1969 2172 2010 pre
2215 1956 2369 1996 ceteris

189 2025 433 2064 clariorem.
476 2028 518 2063 et
559 2023 734 2063 servitia
772 2037 928 2077 magna
967 2028 1009 2063 et
1051 2024 1246 2074 excelsa,
1288 2037 1370 2077 que
1410 2022 1619 2063 haetenus
1660 2023 1850 2078 prestitit
1891 2026 1933 2063 et
1972 2022 2014 2062 in
2052 2022 2208 2064 antead
2239 2023 2369 2066 dante

190 2093 372 2132 Domino
406 2091 583 2132 habebit
618 2096 659 2132 et
692 2092 924 2132 affectuose
956 2091 1167 2145 prestabit
1189 2091 1312 2132 nobis
1337 2094 1380 2132 et
1410 2092 1565 2132 nostris
1588 2091 1703 2143 filiis,
1735 2091 1806 2146 qui
1829 2091 1989 2131 honore
2020 2091 2186 2146 imperii
2209 2092 2368 2134 fuerint

191 2162 402 2202 decorati.
444 2162 721 2201 convenimus
765 2166 807 2201 et
845 2161 1131 2215 promittimus
1171 2161 1249 2201 tibi
1286 2160 1419 2200 nobili
1462 2160 1550 2200 viro
1584 2159 1781 2201 Bandino
1813 2159 1986 2200 Lances
2028 2159 2115 2200 filio
2153 2161 2368 2215 quondam

190 2230 374 2270 dominie
408 2229 615 2270 Guidonis
648 2229 819 2270 Lancee
852 2229 904 2270 de
938 2228 1110 2270 Casalei
1140 2229 1192 2270 de
1214 2229 1326 2270 Pisis
1360 2229 1593 2281 missatico7
1627 2229 1925 2281 ambaxiatori,
1958 2228 2122 2270 sindico
2153 2235 2195 2270 et
2216 2244 2367 2284 procu-

188 2300 314 2339 ratori
362 2299 551 2339 comunis
596 2299 815 2351 Pisarum⁷
865 2298 1097 2339 sindicatus
1142 2298 1313 2339 nomine
1360 2311 1436 2352 pro
1479 2298 1572 2352 ipso
1613 2298 1782 2338 comuni
1823 2301 1866 2338 et
1909 2298 2082 2339 civitate
2114 2297 2369 2340 Pisanorum

189 2367 422 2422 recipienti.
458 2367 570 2421 quod
604 2367 812 2409 faciemus
846 2372 888 2409 et
921 2367 1165 2408 curabimus
1197 2381 1272 2422 pro
1306 2371 1395 2408 toto
1420 2367 1642 2408 conamine
1676 2371 1719 2408 et
1749 2381 1878 2422 posse
1914 2370 2072 2417 nostro,
2103 2366 2215 2422 quod
2239 2367 2369 2410 dante

189 2435 370 2475 Domino
419 2436 594 2490 eiusque
636 2436 806 2477 favente
851 2436 1080 2477 clementia
1126 2436 1350 2491 imperium
1382 2435 1627 2476 Romanum
1669 2436 1845 2477 consilio
1891 2440 1934 2476 et
1973 2435 2132 2476 auxilio
2175 2437 2367 2478 comunis

189 2502 385 2543 Pis-arum
420 2508 462 2544 et
494 2504 672 2545 aliorum
706 2509 947 2546 nostrorum
981 2504 1170 2546 fidelium
1194 2504 1485 2545 obtinebimus
1519 2509 1561 2545 et
1592 2505 1966 2546 manutenebimus
1998 2505 2258 2546 universum.
2313 2504 2370 2547 Et

188 2572 298 2626 quod
338 2578 531 2628 tempore
572 2579 715 2615 nostre
755 2575 1041 2616 coronationis
1073 2574 1253 2615 Romam
1294 2575 1362 2615 vel
1400 2574 1454 2614 ad
1495 2573 1713 2614 dominum
1755 2588 1931 2629 papam,
1982 2573 2214 2614 secundum
2257 2573 2369 2629 quod

188 2641 367 2681 alterum
407 2643 542 2696 magis
576 2642 626 2683 dc
660 2644 835 2683 consilio
867 2647 1030 2693 nostro,
1070 2644 1206 2698 ipsius
1239 2644 1429 2684 comunis
1459 2643 1656 2684 Pisarum
1689 2647 1732 2683 et
1765 2643 1946 2684 aliorum
1979 2642 2169 2684 fidelium
2201 2644 2368 2699 imperii

189 2714 230 2749 et
263 2724 492 2764 regnorum
525 2715 768 2752 nostrorum
801 2711 1094 2767 processerits,
1135 2712 1357 2753 veniemus
1397 2712 1624 2766 magnifice
1656 2726 1706 2753 ac
1739 2715 1950 2766 potenter,
1990 2715 2037 2752 ut
2068 2715 2258 2753 nostram
2292 2712 2368 2754 de-

190 2778 326 2818 cuerit
358 2779 641 2820 maiestatem.
702 2780 759 2821 Et
792 2780 904 2835 quod
936 2780 989 2821 ad
1021 2781 1247 2836 imperium
1281 2781 1647 2822 manutenendum
1672 2786 1714 2822 et
1737 2780 1981 2835 augendum
2004 2781 2160 2821 erimus
2185 2781 2366 2823 studiosi

190 2860 265 2901 pro
300 2861 428 2901 posse
461 2852 603 2888 nostro
638 2853 680 2889 et
713 2863 887 2904 operam
922 2849 1119 2890 dabimus
1153 2849 1390 2892 efficacem.
1442 2849 1499 2890 Et
1521 2849 1634 2905 quod
1658 2849 1828 2904 imperii
1851 2848 2001 2891 fideles
2024 2853 2192 2891 nostros
2215 2864 2366 2892 manu—

189 2914 431 2955 tenebimus
474 2917 657 2968 iustitia,
700 2917 877 2958 comodo
921 2922 963 2959 et
1005 2918 1163 2959 honore
1197 2923 1240 2959 et
1281 2918 1476 2959 infideles
1511 2919 1835 2973 subiugabimus
1867 2919 1990 2959 nobis
2024 2919 2144 2960 iuxta
2174 2919 2364 2961 divinam

189 2984 425 3037 potentiam
459 2984 581 3025 nobis
614 2985 770 3026 datam.
890 2986 953 3041 (2)
987 2986 1043 3027 Et
1074 2987 1277 3042 precipue
1301 2987 1483 3028 Pisanos
1506 2991 1553 3028 ut
1576 2986 1852 3029 fidelissimos
1875 2987 2184 3028 honorabiliter
2206 2992 2368 3030 tracta-

191 3052 328 3092 bimus
373 3057 414 3093 et
455 3066 528 3093 eos
573 3068 627 3095 ex
672 3068 784 3094 nune
825 3055 903 3095 sub
943 3059 1086 3095 nostra
1125 3055 1335 3107 custodia,
1378 3056 1534 3106 tutela,
1573 3055 1838 3111 protectione
1879 3056 2078 3110 omnique
2119 3055 2366 3098 defensione

193 3121 420 3175 recipimus
454 3127 603 3163 contra
636 3137 804 3164 omnem
845 3138 1072 3178 personam
1104 3129 1146 3165 et
1178 3125 1331 3166 locum.
1395 3124 1450 3165 Et
1481 3138 1629 3166 omnes
1660 3138 1758 3165 suos
1790 3124 1974 3165 honores
2006 3128 2047 3164 et
2078 3125 2189 3175 iura,
2223 3124 2363 3180 digni-

193 3196 320 3239 tates.
352 3191 664 3243 possessiones7
696 3192 936 3247 privilegia,
969 3192 1103 3233 bonas
1136 3193 1481 3246 consuetudines,
1515 3194 1762 3234 comitatum
1796 3197 1839 3234 et
1862 3193 2100 3233 districtum
2134 3193 2195 3234 eis
2219 3207 2364 3235 serva-

191 3257 331 3298 bimus
366 3263 407 3299 et
440 3261 598 3300 servari
632 3261 838 3301 faciemus
873 3266 914 3302 et
945 3261 1241 3302 mandabimus
1274 3276 1349 3317 per
1382 3262 1587 3303 officiales
1619 3265 1804 3312 nostros,
1837 3265 1962 3315 prout
1992 3275 2104 3302 nunc
2137 3261 2299 3303 habent
2323 3267 2366 3303 et

192 3332 339 3366 tenent
386 3332 429 3366 et
475 3328 636 3368 eisdem
680 3342 704 3369 a
744 3328 852 3370 divis
884 3329 1174 3371 Romanorum
1218 3320 1689 3385 imperatoribus'sunt
1728 3342 1951 3379 concessa,
1998 3333 2040 3370 et
2077 3344 2132 3371 ex
2170 3343 2281 3371 nunc
2314 3344 2365 3371 ea

192 3395 331 3434 omnia
366 3397 619 3437 auctoritate
654 3411 735 3451 qua
769 3398 982 3452 fungimur
1018 3400 1314 3440 confirmamus
1347 3403 1388 3439 et
1430 3403 1621 3454 tempore
1653 3402 1796 3444 nostre
1831 3398 2064 3452 imperialis
2098 3411 2253 3438 corone
2286 3412 2364 3453 per

326 3519 410 3554 392.
442 3519 466 3563 ¹)
499 3513 630 3553 firmare
657 3534 706 3554 or.
813 3523 855 3565 ΠΥ)
882 3515 920 3555 ft}
948 3536 1017 3562 or.;
1040 3537 1068 3558 ¹1⁷.
1088 3525 1131 3558 N.
1150 3525 1193 3558 A.
1212 3524 1315 3567 XVI,
1335 3529 1403 3559 505
1427 3532 1494 3559 not.
1510 3528 1540 3559 2.
1634 3524 1668 3566 ῃ)
1694 3525 1823 3557 tfiritafi
1849 3535 1897 3555 or.
1991 3524 2023 3565 0)
2049 3515 2180 3556 firmani
2206 3535 2256 3557 or.

326 3588 410 3622 393.
448 3594 478 3630 ³)
504 3591 568 3630 ἔνι-ἶ
593 3600 720 3631 semper
747 3602 795 3623 or.
882 3590 913 3633 b)
939 3593 1091 3635 Codube,
1118 3592 1247 3627 Msil’cie
1272 3600 1304 3626 et
1328 3593 1438 3627 Gffinc
1462 3606 1512 3628 or.
1605 3594 1634 3635 c)
1660 3595 1718 3626 060
1743 3593 1868 3625 similia
1892 3604 2020 3635 semper
2037 3604 2085 3626 or.
2174 3590 2207 3636 ¹¹)
2232 3594 2296 3624 affl
2314 3603 2363 3626 or.

190 3651 218 3685 e)
245 3646 302 3677 dni
329 3647 454 3678 ,similia
479 3658 608 3688 semper
633 3659 681 3678 or.
802 3646 834 3690 s)
860 3660 923 3680 ποτε
948 3650 1030 3681 utile
1055 3651 1108 3681 hie
1133 3652 1175 3682 ab
1200 3651 1251 3683 ed.
1278 3652 1398 3684 <addita
1423 3652 1510 3685 deest
1535 3663 1584 3684 or.

2402 909 2434 933 10

2398 1252 2430 1276 15

2407 1760 2441 1786 20

2405 2100 2437 2125 25

2405 2452 2438 2478 30

2403 3146 2437 3171 40

2399 3532 2437 3557 45
