2558 3970
74 900 106 925 10

74 1249 104 1273 15

73 1938 104 1964 25

73 2282 106 2307 ³0

73 2627 105 2654 ³5

79 3318 112 3344 45

0 3645 112 3694 {50

0 3709 56 3724 ,.

693 151 933 186 FRIDERICI
960 153 1001 186 ΙΙ.
1030 152 1461 188 ΟΟΝὸΤΙΤυΊῚΟΧκΙὸ.
1515 155 1608 188 12211.
1662 155 1794 189 Ν1.98.
2270 160 2345 197 123

282 267 321 305 5.
355 264 464 305 Item
498 279 754 320 quocunque
788 271 984 322 tempore
1017 267 1215 308 dominus
1249 270 1480 324 imperator
1513 276 1554 309 ot
1589 269 1786 310 dominus
1822 285 1896 311 rex
1932 271 2041 311 filius
2076 284 2177 310 suus
2211 276 2343 310 totam

146 347 355 375 summam
387 335 569 389 pecunie
604 334 863 389 supradicte,
898 335 1101 377 videlicet
1134 338 1447 392 quinquaginta
1479 337 1561 378 duo
1595 340 1711 379 milia
1744 353 2006 384 marcarum,
2047 340 2345 394 persolverint,

145 403 234 444 sive
280 402 333 444 de
374 403 578 458 pecunia,
626 417 708 458 que
759 409 930 445 extorta
976 405 1104 446 fuerit
1147 420 1171 446 a
1215 407 1391 461 regibus
1436 407 1586 451 Datie,
1633 409 1721 449 sive
1766 422 1840 463 per
1872 410 2085 464 propriam
2121 411 2345 464 pecuniam

145 471 304 512 domini
337 472 611 527 imperatoris
645 477 689 513 et
721 471 883 513 domini
919 474 1047 527 regis,
1081 488 1159 515 seu
1193 489 1269 529 per
1301 475 1495 519 obsides.
1532 491 1606 517 scu
1638 491 1895 532 quocunque
1929 478 2012 518 alio
2046 478 2170 518 modo
2204 479 2346 518 comiti

143 539 197 581 H.
232 539 284 581 (19
317 540 487 582 Zwerin
521 540 649 582 fuerit
681 541 966 591 satisfactum,
1007 548 1107 583 tunc
1150 544 1416 597 presentabit
1460 559 1585 597 reges
1628 545 1756 586 Datic
1800 547 1970 587 domino
2015 548 2260 602 imperatori
2305 554 2346 587 ct

143 607 315 649 domino
357 610 447 664 regi
486 609 620 652 libere
661 615 705 652 ct
745 610 946 651 absolute
995 617 1038 652 et
1076 612 1166 652 sinc
1208 613 1319 653 malo
1361 615 1533 667 ingenio
1577 614 1629 654 ad
1675 614 1917 655 faciendum
1958 622 2000 656 et
2032 615 2344 670 ‹lispmwndnm

142 677 343 732 quicquid
375 679 437 718 eis
471 678 697 733 placuerit,
731 679 789 719 ita
820 683 964 719 tamen
999 679 1112 734 quod
1145 681 1287 721 cautio
1329 681 1401 721 fiat
1435 683 1580 722 comiti
1624 682 1678 722 11.
1711 683 1764 722 ‹le
1798 683 1965 723 Zwerin
2001 690 2042 723 et
2075 686 2224 724 ninivis
2259 686 2346 725 suis

141 747 196 789 ad
251 746 475 788 arbitrium
528 747 787 802 venerabilis
837 746 1111 789 Coloniensis
1160 749 1473 806 archiepisc-opi
1530 756 1572 789 ct
1620 752 1822 791 comitum
1881 752 1932 791 (1(·
1982 752 2259 808 llari-ttispurv
2305 759 2345 793 ot

143 816 313 857 comitis
355 814 402 857 C.
435 815 489 857 (19
521 816 816 871 chensteine
857 822 900 858 ct
942 818 1109 858 comitis
1143 817 1319 859 Volradi
1363 818 1416 859 de
1461 818 1767 867 Tannenberc,
1812 820 2057 861 Bernhardi
2102 821 2153 861 (lc
2198 822 2345 861 llorst-

142 885 276 927 maria
307 890 350 926 et
383 883 608 926 Gvnzelini
642 885 845 941 dapiferi,
885 890 932 926 ut
964 887 1214 941 priusquam
1259 901 1384 941 reges
1418 887 1547 928 Datie
1580 902 1602 927 a
1638 889 1890 943 captivitato
1929 890 2095 944 imperii
2129 890 2345 929 dimittan-

141 958 223 1004 tur,
255 954 329 995 fiat
361 955 585 1006 securitas,
619 968 701 1009 que
735 950 945 1010 iwrpheide
979 961 1172 1002 vocatur,
1207 957 1350 997 comiti
1387 956 1441 999 ΙΙ.
1475 957 1527 998 (19
1561 957 1730 998 Zwerin
1767 963 1809 997 ct
1842 959 1992 998 amicis
2027 959 2128 1000 suis.
2164 967 2204 998 et
2238 959 2348 1013 quod

140 1024 258 1079 prius
292 1037 369 1064 rex
394 1022 522 1064 Datie
556 1023 746 1065 dimittat
778 1028 820 1064 et
855 1025 1047 1079 resignet
1070 1030 1243 1068 terram.
1269 1039 1353 1080 quc
1377 1031 1443 1066 est
1468 1026 1573 1066 citra
1601 1027 1760 1066 flumen
1796 1026 1907 1080 quod
1933 1026 2063 1067 Eidra
2093 1029 2346 1068 nominatur.

278 1095 316 1133 (3.
352 1092 460 1132 [tem
501 1092 638 1132 iunior
679 1106 754 1133 rex
798 1092 927 1134 Datie
975 1093 1102 1134 datus
1136 1099 1201 1134 cst
1242 1095 1280 1134 in
1322 1099 1579 1149 potestatem
1622 1096 1788 1150 imperii
1833 1095 2091 1136 detinendus
2133 1097 2171 1137 in
2208 1104 2348 1136 (rastro

139 1162 418 1217 Harttispurc
460 1161 538 1202 sub
587 1161 784 1202 custodia
830 1167 873 1203 et
919 1162 1127 1203 fidelitate
1175 1163 1340 1204 comitis
1385 1163 1624 1205 IIcrmanni
1659 1163 1710 1204 de
1760 1163 2038 1219 Harttispure
2087 1171 2129 1204 et
2177 1166 2346 1206 comitis

141 1230 336 1272 Heinrici
367 1230 510 1271 fratris
544 1230 623 1281 sui,
656 1231 823 1271 comitis
854 1230 996 1272 Adolfi
1029 1230 1082 1272 (19
1116 1231 1435 1273 Schowenburc
1470 1236 1512 1273 et
1549 1232 1711 1273 domini
1750 1232 1973 1273 Livthardi
2015 1233 2067 1274 (19
2109 1234 2346 1275 Mcinhcrs-

139 1300 253 1342 heim
301 1304 344 1341 et
393 1299 576 1342 aliorum
614 1300 929 1352 castrensium,
980 1300 1323 1342 ministerialium
1379 1302 1544 1356 imperii
1601 1301 1758 1342 ibidem
1803 1303 2156 1343 conmorantium.
2240 1304 2347 1344 Itoni

141 1369 284 1410 senior
321 1382 399 1410 rex
437 1368 566 1410 Datie
608 1369 848 1410 remanebit
880 1370 922 1410 in
961 1373 1180 1424 potestate
1215 1370 1384 1424 imperii
1418 1375 1460 1410 et
1492 1369 1533 1409 in
1568 1370 1766 1411 manibus
1800 1376 1844 1411 ct
1876 1371 2150 1412 in'custodia
2184 1372 2348 1412 comitis

138 1438 196 1480 H.
228 1437 282 1479 de
314 1438 502 1489 Zwerin,
536 1452 759 1494 quousque
801 1438 998 1480 dominus
1043 1438 1315 1480 Coloniensis
1360 1439 1709 1494 archiepiscopus
1754 1444 1796 1479 ct
1839 1439 2085 1494 sepedictus
2120 1455 2262 1481 comes
2296 1441 2348 1480 (11·

141 1508 310 1549 Zwerin
342 1507 588 1562 intelligant
620 1511 664 1549 ct
696 1508 1020 1563 expergiantur.
1054 1509 1088 1548 si
1122 1508 1286 1563 possint
1319 1522 1445 1563 reges
1479 1508 1608 1549 Datie
1643 1507 1845 1549 inducere
1879 1509 1932 1549 ad
1965 1508 2122 1550 domini
2159 1510 2344 1564 impera-

141 1578 245 1619 toris
278 1581 322 1618 et
352 1575 515 1618 domini
547 1577 662 1632 regis
695 1578 900 1632 gratiani,
941 1577 1247 1632 acquirendam
1281 1582 1370 1617 tuin
1404 1591 1481 1631 pcr
1517 1577 1767 1632 pecuniam,
1801 1582 1888 1618 tum
1922 1593 1999 1633 per
2032 1579 2347 1619 restitutionem

140 1650 372 1697 terrarum,
412 1659 517 1700 quas
565 1645 746 1701 imperio
774 1647 1089 1697 abstulerunt,
1134 1651 1178 1688 et
1215 1647 1312 1687 aliis
1355 1646 1684 1701 quibuscunque
1730 1647 1880 1688 modis.
1943 1647 2066 1695 Quod
2107 1649 2138 1687 si
2175 1648 2348 1688 efficere

138 1729 225 1757 non
263 1719 461 1771 possunt,
506 1718 606 1756 tunc
652 1716 852 1757 relictum
893 1720 959 1757 est
1000 1716 1175 1757 arbitrio
1227 1721 1269 1756 et
1310 1715 1411 1757 fidei
1455 1715 1618 1756 domini
1652 1714 1925 1757 Coloniensis
1959 1717 2272 1772 archiepiscopi
2309 1721 2350 1756 ct

139 1784 306 1826 comitis
348 1784 404 1826 H.
437 1783 490 1825 de
522 1784 692 1826 Zwerin
733 1789 776 1826 et
808 1786 976 1826 comitis
1008 1785 1189 1826 Volradi
1235 1785 1289 1826 de
1331 1785 1639 1827 Tannenberc.
1673 1790 1814 1826 utrum
1854 1791 1895 1827 ct
1934 1786 2103 1842 quando
2145 1785 2349 1840 expediat

139 1853 311 1895 domino
350 1854 601 1909 imperatori
640 1859 683 1894 et
721 1853 893 1895 domino
931 1855 1023 1909 regi
1062 1868 1111 1896 ac
1156 1855 1286 1896 etiam
1328 1855 1470 1895 comiti
1510 1854 1567 1897 H.
1601 1854 1653 1895 dc
1697 1854 1886 1906 Zwerin,
1927 1855 2040 1910 quod
2084 1856 2227 1896 senior
2274 1870 2348 1895 rex

141 1922 271 1964 Datie
304 1922 485 1964 (lucatur
517 1922 793 1978 Harttispurc
836 1924 915 1964 sub
950 1924 1189 1965 custodiam
1235 1923 1527 1979 predictorum
1561 1928 1603 1965 ct
1636 1923 1688 1964 ad
1722 1923 1973 1965 mandatum
2007 1925 2274 1979 imperatoris
2308 1929 2351 1963 ct

139 1993 276 2048 regis,
326 1997 373 2034 ut
410 1991 654 2048 predictum
695 1998 783 2045 est,
830 1998 873 2034 et
920 1993 1034 2035 filius
1084 1993 1318 2035 reducatur
1361 1993 1441 2034 sub
1486 1993 1724 2034 custodiam
1773 1993 1940 2034 comitis
1986 1992 2043 2035 H.
2078 1994 2130 2034 de
2167 1994 2348 2034 Zwerin.

141 2061 282 2118 Super
313 2075 395 2117 quo
428 2061 463 2103 si
496 2061 759 2103 concordare
793 2076 875 2103 non
908 2067 1091 2118 possunt
1124 2063 1483 2118 archiepiscopus
1517 2061 1792 2103 Coloniensis
1827 2067 1869 2103 et
1903 2076 2047 2104 comes
2081 2063 2134 2103 de
2167 2063 2346 2113 Zwerin,

138 2135 241 2173 tunc
274 2145 370 2172 cum
403 2131 506 2187 ipsis
538 2131 707 2172 duobus
739 2131 934 2187 deputati
967 2136 1066 2172 sunt
1097 2131 1378 2173 Bernhardus
1411 2132 1464 2173 de
1488 2131 1775 2178 Horstmaria,
1810 2145 1951 2172 comes
1985 2131 2262 2173 Hermannus
2298 2131 2348 2172 de

139 2200 439 2256 Harttispurc.
487 2213 631 2241 comes
667 2199 883 2242 Volradus
935 2200 988 2241 (19
1040 2200 1346 2242 Tannenberc.
1400 2213 1542 2242 comes
1601 2198 1825 2242 Cinradus
1881 2199 1933 2241 (19
1984 2200 2253 2255 Regenstein
2308 2207 2349 2240 ct

143 2269 408 2312 Gvnzelinus
433 2268 610 2324 dapifer,
644 2274 687 2310 et
717 2269 921 2325 quicquid
952 2270 1015 2310 illi
1048 2274 1216 2326 septem
1240 2270 1514 2312 decreverint
1535 2271 1603 2311 vel
1637 2284 1716 2311 sex
1749 2284 1804 2310 ex
1837 2269 1919 2310 illis
1953 2269 2125 2310 domino
2160 2270 2343 2325 impera-

141 2338 223 2379 tori
255 2343 298 2379 et
330 2337 502 2380 domino
534 2339 628 2393 regi
660 2342 704 2380 et
736 2338 867 2380 etiam
901 2339 1048 2380 comiti
1089 2339 1144 2381 H.
1179 2339 1232 2380 de
1264 2339 1433 2380 Zwerin
1466 2340 1606 2395 magis
1640 2338 1848 2394 expedire
1892 2352 2022 2393 super
2059 2338 2131 2378 illa
2164 2338 2347 2378 transla-

138 2407 256 2449 tione
289 2411 332 2448 et
362 2407 579 2448 locatione
612 2421 764 2462 regum
797 2407 940 2459 Datie,
973 2407 1055 2449 hoc
1088 2409 1252 2449 servari
1285 2408 1429 2450 debet.

281 2478 316 2518 7.
350 2475 462 2517 Item
496 2475 550 2517 (19
582 2476 744 2517 auxilio
777 2476 1069 2531 conquirendo
1093 2477 1266 2519 domino
1300 2477 1552 2533 imperatori
1586 2480 1629 2517 et
1652 2475 1823 2517 domino
1857 2477 1949 2531 regi
1983 2480 2026 2518 et
2049 2476 2180 2518 etiam
2206 2475 2348 2516 comiti

139 2544 197 2586 H.
230 2543 283 2586 de
317 2544 486 2586 Zwerin
519 2549 563 2586 et
595 2545 746 2586 amicis
780 2545 867 2586 suis
901 2559 1032 2600 super
1064 2546 1259 2602 predicto
1294 2547 1475 2601 negocio
1517 2549 1665 2587 contra
1706 2559 1833 2599 reges
1878 2544 2008 2586 Datie
2054 2546 2114 2586 sic
2149 2550 2215 2585 est
2248 2558 2346 2585 con-

142 2618 338 2666 ventum,
380 2613 493 2668 quod
533 2613 731 2655 dominus
765 2613 1040 2656 Coloniensis
1082 2615 1434 2671 archiepiscopus
1475 2620 1518 2656 et
1559 2628 1704 2655 comes
1747 2613 1803 2655 H.
1839 2613 1891 2655 (19
1925 2614 2094 2655 Zwerin
2127 2618 2169 2654 et
2202 2627 2346 2654 comcs

141 2681 193 2723 V.
227 2682 280 2723 de
313 2681 600 2724 Tannenberc
643 2687 686 2724 et
718 2696 864 2724 comes
906 2683 953 2724 O.
987 2683 1038 2724 de
1071 2684 1361 2739 Regenstein,
1395 2684 1592 2724 dominus
1635 2683 1683 2724 B.
1719 2683 1772 2724 de
1805 2683 2078 2724 Horstmaria
2111 2687 2153 2723 et
2185 2681 2346 2722 Dictho

140 2750 193 2792 de
224 2750 498 2806 Rauinspurc
539 2753 764 2808 acquirent
802 2753 1081 2795 auxiliatores
1122 2759 1164 2795 et
1212 2753 1402 2795 fautores
1442 2753 1494 2794 ad
1536 2753 1615 2795 hoc
1649 2753 1878 2808 negocium
1920 2752 2220 2808 expedientes,
2256 2751 2346 2790 sivo

142 2820 228 2861 sint
269 2820 330 2861 illi
370 2820 423 2862 (19
464 2820 709 2874 Brvnswic,
749 2822 839 2863 sive
877 2836 987 2877 puer
1026 2822 1077 2864 de
1111 2822 1363 2875 Lvneburc,
1397 2823 1487 2864 sive
1519 2822 1642 2878 pueri
1675 2821 1729 2862 de
1761 2820 2092 2871 Brandenburc,
2130 2821 2218 2861 sive
2253 2819 2345 2873 qui-

143 2902 311 2944 cunque
344 2889 432 2942 alii,
465 2890 537 2945 qui
570 2889 806 2946 expediant
839 2890 893 2931 ad
925 2891 1004 2932 hoc
1035 2892 1216 2939 factum;
1251 2892 1286 2933 si
1320 2896 1464 2933 autem
1497 2891 1581 2942 illi,
1627 2890 1700 2945 qui
1742 2890 1993 2945 acquirendi
2027 2894 2125 2930 sunt
2156 2888 2341 2929 auxilia-

142 2961 260 3000 tores
291 2962 335 3000 et
364 2959 556 3000 fautores
588 2960 641 3001 ad
673 2959 754 3000 hoc
787 2960 1018 3014 negocium
1053 2960 1291 3002 secundum
1315 2961 1538 3003 consilium
1573 2958 1880 3015 predictorum,
1913 2964 1960 3000 ut
1991 2958 2230 3014 predictum
2265 2961 2344 3003 est,

142 3026 268 3067 nimis
306 3040 351 3068 se
388 3026 572 3069 reddant
612 3028 812 3079 difficiles
850 3033 893 3070 et
934 3043 1078 3080 caros,
1119 3034 1220 3072 tunc
1261 3030 1438 3071 arbitrio
1479 3029 1712 3071 eorundem
1746 3033 1914 3084 septem
1947 3028 2144 3069 relictum
2180 3032 2268 3072 est,
2302 3028 2345 3067 in

141 3108 269 3150 quem
300 3095 475 3137 modum
506 3097 603 3138 loco
637 3097 834 3139 eiusdem
866 3099 1019 3139 auxilii
1053 3099 1199 3140 comiti
1231 3099 1287 3140 H.
1321 3099 1374 3140 de
1407 3098 1577 3139 Zwerin
1611 3098 1733 3139 aliter
1766 3096 1963 3138 satisfiat.

278 3165 316 3206 8.
350 3164 538 3207 Demum
572 3166 607 3207 si
639 3166 838 3208 dominus
871 3167 1106 3223 imperator
1138 3173 1181 3209 et
1212 3168 1409 3210 dominus
1443 3182 1521 3210 rex
1561 3172 1699 3208 terras
1732 3166 1903 3221 imperii
1935 3165 2289 3221 recuperaverint
2322 3179 2345 3204 a

141 3233 313 3289 regibus
350 3233 481 3276 Datie
518 3248 596 3290 per
639 3249 842 3290 guerram
881 3237 952 3278 vel
985 3251 1062 3292 per
1092 3241 1268 3292 pactum
1302 3238 1392 3278 sive
1426 3250 1682 3292 quocunque
1717 3236 1800 3276 alio
1833 3234 1971 3285 modo,
2005 3238 2108 3275 tunc
2140 3234 2344 3289 precipue

146 3301 230 3357 ipsi
261 3303 406 3344 comiti
435 3302 488 3344 de
521 3303 713 3356 Zwerin,
746 3306 890 3359 pueris
923 3305 976 3347 de
1008 3305 1337 3358 Brandenburc,
1370 3305 1516 3346 comiti
1548 3304 1704 3346 Adolfo
1739 3303 1792 3345 de
1824 3303 1974 3354 Dasle,
2008 3303 2152 3344 comiti
2186 3301 2342 3343 Adolfo

144 3370 198 3413 de
231 3371 551 3414 Schowenburc
584 3377 629 3414 et
659 3373 755 3414 aliis
789 3375 1124 3429 consanguineis
1156 3376 1324 3416 comitis
1356 3375 1413 3417 H.
1447 3374 1500 3416 de
1533 3373 1704 3415 Zwerin
1743 3377 1787 3414 et
1827 3385 1975 3414 eorum
2008 3371 2245 3413 heredibus
2278 3384 2344 3411 ca.

145 3452 226 3494 que
259 3444 558 3482 antecessores
592 3455 741 3483 eorum
772 3441 1019 3485 habuerunt
1051 3448 1093 3485 et
1125 3444 1167 3484 in
1201 3443 1356 3499 quibus
1396 3444 1478 3499 ipsi
1516 3443 1582 3483 ius
1615 3442 1798 3493 habent,
1840 3442 2123 3483 restituentur
2155 3440 2207 3481 ad
2241 3454 2341 3481 con-

145 3508 288 3550 silium
320 3509 531 3565 sepedicti
563 3511 730 3552 comitis
760 3511 816 3555 H.
850 3511 903 3553 de
937 3512 1121 3565 Zwerin,
1154 3527 1207 3554 ea
1239 3512 1506 3563 condicione,
1539 3516 1586 3552 ut
1619 3526 1642 3552 e
1675 3523 1882 3552 converso
1913 3509 2010 3564 ipsi,
2047 3509 2199 3563 quibus
2233 3513 2344 3549 terre

146 3589 293 3619 eorum
329 3579 703 3634 recuperabuntur
742 3585 786 3621 et
823 3581 1124 3634 restituentur,
1169 3582 1350 3637 imperio
1390 3581 1666 3623 subserviant
1706 3579 1760 3620 ad
1798 3580 1937 3635 ipsam
1969 3582 2127 3619 terram
2160 3590 2341 3632 recupe-

146 3645 339 3699 randam,
371 3647 482 3689 sicut
513 3649 736 3704 proprium
769 3648 950 3704 diligant
981 3651 1253 3692 commodum
1286 3655 1330 3692 et
1362 3650 1617 3706 profectum.

2005 3719 2069 3754 16*
