2558 3970
240 158 319 194 214
716 152 958 186 FRIDERICI
986 153 1029 186 11.
1056 150 1487 186 CONSTITUTIONES.
1537 151 1635 185 1232.
1685 151 1747 185 Nr.
1769 152 1843 185 172.
1871 152 1945 186 173.

382 267 449 307 Fr.
483 267 564 307 Dei
597 267 735 319 gratia
767 266 1061 306 Romanorum
1094 267 1327 320 imperator
1359 280 1531 320 semper
1562 269 1783 319 augustus
1815 266 2053 308 Ierusalem
2087 269 2131 307 et
2155 266 2300 307 Sicilie
2324 280 2414 307 rex,

238 335 393 374 Notum
429 335 605 374 facimus
640 335 849 373 universis
883 334 1049 388 imperii
1084 333 1282 374 fidelibus
1316 338 1401 374 tam
1436 333 1707 387 presentibus
1731 347 1856 388 quam
1889 333 2056 384 futuris,
2090 334 2201 388 quod
2233 334 2415 374 dilectus

240 404 434 456 princeps
469 410 614 443 noster
647 402 994 455 osnaburgensis
1027 402 1254 456 episcopus
1287 403 1328 442 in
1361 401 1588 455 sollempni
1621 401 1828 441 Ravenne
1862 401 1979 442 curia
2010 402 2271 456 principibus
2305 402 2415 442 assi-

239 470 451 510 stentibus
485 484 626 510 coram
661 470 783 510 nobis
822 470 1044 524 proposuit
1081 469 1353 523 requirendo:
1397 470 1431 509 si
1463 470 1557 523 quis
1596 468 1706 509 infra
1738 469 1922 510 minores
1956 484 2090 511 annos
2122 470 2286 524 positus
2321 483 2415 510 cum

237 538 377 592 aliquo
411 539 729 592 consanguineo
763 551 838 578 suo
871 537 984 578 bona
1016 552 1091 593 pro
1125 537 1309 578 indiviso
1341 537 1574 592 possideat,
1607 536 1763 577 deinde
1796 537 1850 577 ad
1872 538 2110 592 legitimam
2134 541 2294 579 etatem
2317 551 2414 593 per-

238 607 415 647 veniens
449 613 491 647 et
523 606 563 646 id
597 620 737 646 coram
771 606 907 646 iudice
948 606 1134 661 probans
1168 605 1418 647 divisionem
1451 606 1641 659 ipsorum
1681 604 1886 645 bonorum
1920 606 2092 660 petierit
2125 606 2415 661 optinendam,

236 681 277 713 et
302 676 647 728 consanguineus
681 673 958 718 contradicat,
992 675 1027 714 si
1059 674 1188 715 fuerit
1210 674 1360 714 divisio
1395 673 1676 728 pronunciata
1706 686 1782 727 per
1815 673 2015 725 iudicem,
2047 678 2213 714 tantum
2236 675 2340 715 iuris
2362 688 2418 715 ex

236 743 305 783 illa
342 745 554 784 sententia
588 743 738 783 iudicis
773 747 1072 797 consequatur,
1105 748 1262 797 quanto
1288 743 1323 783 si
1346 743 1397 783 de
1422 742 1635 782 communi
1658 742 1842 796 partium
1865 742 1987 783 fieret
2009 742 2241 785 voluntate.
2293 741 2416 790 Quod

236 811 467 852 eorundem
501 812 738 866 principum
772 811 961 852 dictante
985 812 1194 852 sententia
1220 811 1361 851 extitit
1382 810 1679 865 approbatum.
1786 810 1897 851 Item
1929 811 2064 866 petiit,
2100 811 2135 851 si
2157 811 2293 852 libero
2317 825 2414 853 cen-

236 881 344 920 suali
378 881 487 921 bona
520 880 742 921 censualia
775 880 854 920 sibi
888 880 1041 920 collata
1073 881 1113 920 in
1146 879 1362 920 hominem
1396 879 1652 920 conditionis
1684 879 1859 919 alterius
1892 879 2021 920 liceat
2053 878 2213 933 absque
2247 879 2414 920 comitis

235 950 299 989 vel
343 949 601 989 conferentis
635 949 854 989 voluntate
899 948 1145 989 transferre.
1216 948 1352 1002 Super
1385 961 1466 1001 quo
1500 947 1807 988 sententiatum
1840 951 1923 997 est,
1966 961 2050 988 non
2082 948 2226 988 licere.
2288 947 2413 989 Unde

234 1017 285 1057 ad
319 1017 442 1057 huius
476 1018 536 1057 rei
568 1017 816 1057 memoriam
848 1030 1025 1070 presens
1059 1017 1261 1070 scriptum
1295 1016 1386 1056 fieri
1417 1016 1612 1065 fecimus,
1648 1015 1787 1069 sigillo
1817 1018 1963 1055 nostro
1997 1015 2220 1056 munitum.

372 1085 509 1125 Huius
551 1086 608 1125 rei
652 1089 785 1124 testes
825 1089 940 1124 sunt:
981 1084 1030 1125 Β.
1065 1084 1307 1139 patriarcha
1337 1083 1660 1138 Aquilegensis,
1693 1083 2079 1137 Magdeburgensis
2113 1087 2155 1123 et
2185 1083 2418 1125 Ravennas

232 1154 556 1209 ar*1,³liiepiscopi.
590 1153 638 1193 E.
663 1153 1100 1206 Bambimbergensis,
1136 1152 1177 1193 S.
1206 1152 1539 1207 Ratisponensis
1572 1152 1805 1206 imperialis
1837 1152 1946 1192 aule·
1968 1152 2264 1203 cancellarius,
2289 1151 2418 1192 War-

233 1223 467 1265 watiensis.
501 1223 769 1263 Brixinensis
803 1227 844 1262 et
874 1222 1066 1276 Reginus
1099 1222 1307 1276 episcopi:
1340 1221 1428 1261 dux
1461 1220 1668 1271 Saxonie‚
1702 1220 1789 1261 dux
1822 1220 2028 1271 Meranie‚
2061 1220 2150 1261 dux
2180 1219 2418 1271 Karinthie‚

232 1306 373 1332 eomes
408 1291 462 1331 H.
487 1291 538 1333 de
563 1291 876 1340 XValdebureh,
912 1304 1056 1331 comes
1090 1290 1143 1330 H.
1178 1290 1229 1330 de
1263 1289 1524 1341 Ortenberc‚
1558 1303 1701 1330 comes
1730 1289 1910 1330 Adolfus
1943 1288 1995 1330 de
2027 1289 2242 1342 Holsatia‚
2276 1288 2416 1330 Gozo-

231 1361 362 1400 linus.
397 1366 438 1399 et
470 1360 541 1400 alii
575 1373 701 1413 quam
736 1360 895 1414 plures.

372 1428 480 1468 Acta
516 1433 612 1467 sunt
644 1428 722 1468 hec
755 1442 864 1468 anno
899 1428 1110 1469 dominice
1142 1428 1443 1468 incarnationis
1477 1425 1797 1477 MOCXXXH,
1836 1440 1984 1467 mense
2018 1426 2163 1478 Madii‚
2196 1427 2249 1469 V.
2281 1426 2416 1468 indic-

230 1499 357 1537 tione.
392 1498 629 1551 imperante
663 1496 832 1537 domino
864 1501 1008 1538 nostro
1031 1496 1247 1538 Friderico
1269 1496 1351 1537 Dei
1374 1496 1512 1550 gratia
1542 1496 1818 1535 invictissimo
1840 1495 2134 1536 Romanorum
2157 1495 2416 1551 imperatore

231 1580 400 1620 semper
433 1569 634 1619 augusto,
668 1564 903 1606 Ierusalem
939 1570 981 1605 et
1014 1565 1161 1606 Sicilie
1196 1579 1318 1620 rege,
1352 1579 1462 1606 anno
1495 1564 1678 1605 Romani
1709 1565 1832 1618 regni
1865 1565 1956 1605 eius
1989 1564 2261 1615 duodecimo,
2295 1564 2417 1618 regni

232 1634 468 1675 Ierusalem
502 1633 702 1688 septimo.
737 1635 858 1687 regni
892 1648 993 1675 vero
1028 1634 1173 1675 Sicilie
1214 1634 1432 1674 tricesimo
1466 1636 1638 1688 quarto;
1674 1633 1860 1673 feliciter
1891 1646 2030 1674 amen.

375 1703 488 1743 Data.
520 1701 631 1755 apud
665 1701 841 1742 Portum
874 1703 1050 1749 Naonis,
1083 1717 1208 1753 anno,
1243 1716 1390 1743 mense
1425 1706 1467 1742 et
1500 1701 1730 1742 indictione
1762 1701 2024 1756 prescriptis,

511 2109 638 2176 153.
690 2106 1314 2177 SENTENTIA
1367 2107 1513 2177 DE
1568 2106 2137 2177 MEROATIS

322 2207 1140 2279 INSTITUENDIS
1194 2209 1327 2280 ET
1381 2209 2301 2280 TRANSFERENDIS.

1184 2333 1326 2380 1232
1364 2334 1474 2380 Mai.

371 2465 496 2506 Dedit
544 2467 607 2507 vir
653 2467 701 2508 cl.
741 2466 1011 2508 IVattmzbaclc
1056 2480 1106 2507 cx·
1145 2466 1400 2520 autographo
1439 2466 1641 2508 tabularii
1680 2465 2024 2516 Vindobonensis,
2069 2467 2186 2507 cuius
2230 2465 2413 2518 siqillum

228 2534 413 2586 deperiit.
448 2561 499 2564 —
531 2535 983 2577 Huillard-Bre‘holles
1014 2535 1044 2576 I
1052 2535 1095 2585 V,
1117 2536 1214 2578 357.
1275 2535 1467 2586 Bo'hnwr,
1499 2535 1599 2589 Ray.
1630 2536 1726 2587 imp.
1754 2534 1798 2585 V,
1821 2534 1943 2576 1985.
2035 2533 2106 2588 (P.
2130 2534 2273 2583 deest.)

342 2651 640 2701 'Friderieusa
681 2660 763 2701 Dei
810 2661 947 2715 gratia
988 2661 1279 2702 Romanorum
1325 2662 1560 2716 imperator
1608 2674 1779 2715 semper
1816 2663 2044 2714 augustus,
2091 2659 2332 2701 Ierusalem
2373 2663 2416 2700 et

231 2728 374 2768 Sicilie
418 2743 507 2769 rex.
578 2729 661 2769 Per
708 2743 886 2783 presens
934 2730 1139 2784 scriptum
1178 2734 1325 2770 notum
1366 2729 1547 2770 facimus
1579 2729 1789 2770 universis
1821 2728 2018 2768 fidelibus
2051 2729 2210 2768 nostris
2242 2728 2413 2783 imperii

228 2805 313 2836 tam
360 2797 635 2851 presentibus
676 2811 802 2851 quam
848 2797 1023 2847 futuris,
1071 2798 1182 2852 quod
1222 2798 1343 2838 nobis
1388 2802 1493 2852 aput
1533 2797 1711 2838 Portum
1754 2796 1919 2838 Naonis
1962 2797 2123 2837 curiam
2165 2796 2412 2851 regentibus

228 2865 493 2917 generalem,
540 2864 825 2905 assidentibus
872 2865 992 2906 nobis
1036 2866 1301 2920 principibus
1346 2866 1502 2906 nostris
1545 2866 1616 2920 qui
1653 2865 1813 2906 ibidem
1854 2870 2078 2920 presentes
2119 2865 2316 2916 aderant,
2362 2863 2414 2905 ad

229 2933 912 2985 querimoniam..venerabilis
960 2933 1128 2975 abbatis
1177 2934 1321 2975 Sancti
1368 2933 1492 2974 Pauli
1539 2934 1581 2974 in
1628 2932 1797 2974 Lavent
1846 2933 2174 2988 Salzburgensis
2230 2933 2414 2974 diocesis

230 3002 538 3041 sententiatum
572 3002 715 3042 extitit
748 3015 823 3056 per
857 3001 1049 3042 eosdem:
1093 3002 1206 3056 quod
1238 3002 1286 3042 B.
1320 3002 1407 3043 dux
1438 3001 1669 3042 Karinthie
1701 3001 1884 3043 dilectus
1923 3002 2120 3057 princeps
2154 3006 2298 3042 noster
2329 3015 2412 3042 non

230 3068 407 3109 haberet
448 3075 707 3124 potestatem
747 3070 998 3110 instituendi
1044 3070 1180 3110 forum
1228 3071 1270 3110 in
1311 3071 1400 3111 solo
1441 3071 1689 3111 monasterii
1734 3070 1987 3124 supradieti3
2036 3075 2078 3111 et
2117 3070 2230 3125 quod
2274 3070 2415 3111 eidem

231 3135 373 3176 abbati
416 3137 565 3179 liceret
611 3139 752 3179 locare
795 3143 837 3178 et
876 3138 1107 3179 transferre
1150 3138 1287 3179 forum
1326 3140 1368 3179 in
1408 3139 1499 3179 solo
1544 3152 1619 3179 sue
1660 3139 1844 3180 ecclesie
1877 3138 1948 3178 ubi
1981 3138 2126 3180 vellet.
2187 3137 2254 3178 Ad
2287 3137 2411 3178 huius

230 3212 371 3244 autem
416 3206 475 3245 rei
517 3207 765 3247 memoriam
806 3211 849 3246 et
887 3211 1141 3261 perpetuam
1179 3206 1425 3247 firmitatem
1465 3220 1643 3261 presens
1677 3206 1882 3261 scriptum
1920 3206 2009 3246 fieri
2042 3206 2241 3246 iussimus
2273 3205 2406 3246 maie·

233 3273 352 3312 statis
387 3281 529 3315 nostre
564 3275 702 3329 sigillo
736 3275 958 3315 munitum.

374 3341 530 3381 Datum
565 3348 667 3396 aput
699 3342 874 3382 Portum
907 3342 1091 3393 Naonis,
1134 3356 1243 3383 anno
1277 3342 1486 3383 dominice
1518 3343 1821 3383 incarnationis
1854 3342 2083 3383 millesimo
2116 3341 2411 3382 ducentesimo

230 3409 445 3448 tricesimo
480 3411 681 3461 secundo,
715 3424 862 3451 mense
895 3410 1041 3461 Madii,
1075 3412 1221 3465 quinte
1254 3411 1516 3453 indictionis.

369 3510 450 3543 173.
486 3517 516 3551 ³)
544 3513 671 3545 litterae
698 3514 859 3554 capitales
884 3525 933 3545 or.

2455 887 2487 912 10

2457 1234 2488 1259 15

2455 1577 2488 1602 20

2452 2362 2484 2388 25

2448 3148 2480 3174 35

2445 3517 2478 3542 40
