2558 3970
98 950 129 974 11)

99 1301 129 1325 1⁵

96 1643 130 1668 20

96 1991 129 2017 25

98 2337 132 2362 30

99 2681 131 2707 35

101 3401 134 3427 45

580 202 831 237 MANFREDI
860 203 996 237 luctus·
1025 202 1249 237 El‘ls'l'om
1279 203 1342 236 Al)
1371 204 1612 238 nummos:
1664 206 1760 239 1265.
1804 205 1961 240 N1·.-1·.›4.
2286 210 2358 246 561

168 317 369 372 provise⁰
400 317 600 358 lascivief
630 319 750 359 vanis
785 318 1038 367 rumoribus,
1072 318 1264 359 I'arisius
1295 333 1371 360 seu
1398 318 1594 359 Bononio
1620 320 1748 359 scolis
1780 334 1908 374 parvo
1933 325 2126 376 tempore
2151 320 2363 360 studendo

167 385 416 436 didicimus,
459 390 547 427 tum
582 387 682 442 quia
723 387 958 428 eorundem
992 401 1041 428 ac
1084 388 1274 442 ipsorum
1309 388 1539 428 cuiuslibet
1575 403 1656 428 non
1692 389 1937 442 ignoramus
1971 390 2237 445 potenciam.
2278 393 2364 429 tum

167 454 268 509 quia
308 454 464 495 similig
504 455 708 497 ferventis
752 456 1022 497 incitaeionis
1070 456 1304 511 precipne¹¹
1343 471 1418 511 per
1455 457 1778 511 antig1·adnni³·¹
1821 463 1861 498 et
1903 458 2059 498 deinde
2105 472 2180 513 per
2221 473 2364 512 regem

170 521 463 574 Guilielmum,
498 524 610 565 viros
633 523 915 566 Germanicos
942 525 1088 579 utique
1113 538 1164 565 ae
1189 525 1391 565 excelsos
1416 525 1643 580 plurimum
1670 530 1711 565 et
1736 526 1956 568 facundos.
1990 527 2198 567 adversus
2224 527 2367 567 divum

166 595 397 646 augustum
439 592 678 647 genitorem
719 598 911 634 nostrum
954 593 1164 634 hactenus
1198 592 1393 634 Romana
1434 594 1617 634 ecelesia
1661 594 1890 636 insudavit.
2010 596 2074 649 (tn
2109 595 2268 636 Verum
2316 610 2367 636 ne.

166 660 298 716 impia
339 660 414 702 illa
463 665 600 702 mater
645 661 697 703 de
741 676 817 704 sue
858 662 1008 703 illicite
1057 661 1259 717 superbie
1303 662 1478 702 lascivia
1519 662 1730 716 glorietur
1771 668 1813 704 et
1855 665 1918 704 sui
1963 665 2118 705 ferocis
2159 679 2368 705 excessus

166 729 326 771 malum
366 743 448 770 non
491 734 686 773 transeat
725 731 890 786 absque
933 745 1066 786 pena,
1109 745 1204 771 cum
1248 732 1344 785 lege
1389 731 1529 771 [ulia2
1574 732 1849 786 predicantek
1889 735 2014 788 ‘pena
2057 734 2181 774 unius
2227 739 2365 774 metus

167 798 324 840 debeat
364 813 460 840 esse
503 799 762 851 multorum',
805 800 858 842 ad
902 799 1258 855 puplicandamk·
1292 800 1589 854 cognicionem
1632 816 1707 842 sne
1741 803 1999 856 appa1·en‹·ie
2035 803 2292 857 imponentis
2327 808 2369 843 et

166 868 502 910 conculcandam
551 868 797 925 superbiam
843 883 918 910 sue
969 868 1150 919 fraudis,
1195 874 1279 909 tam
1324 869 1494 910 eontra¹
1538 876 1679 910 nostre
1727 871 1966 911 maiestatis
2001 873 2200 926 preconia
2235 886 2361 926 quam

167 938 304 979 tocius
348 938 585 994 reipuplice
625 943 784 980 statum
829 938 988 979 dudum
1023 942 1229 993 concepte
1262 938 1520 993 asperrime,
1564 939 1604 978 in
1637 939 1801 992 gremio
1837 940 1901 979 sui
1937 939 2046 985 nidi,
2091 939 2292 980 videlieet
2327 940 2364 980 in

164 1006 421 1062 patrimonio
465 1007 603 1048 sancti
644 1007 782 1060 Petri,
825 1007 878 1048 ad
923 1011 1058 1049 terras
1102 1007 1281 1047 illustris
1323 1007 1399 1047 viri
1441 1007 1559 1048 Petri
1600 1006 1653 1048 (10
1688 1007 1824 1048 Vico³
1868 1007 2011 1048 dilecti
2057 1008 2194 1049 fidelis
2237 1010 2369 1049 nostri

165 1076 563 1117 victoriosissimam
597 1080 743 1118 nostre
777 1076 1022 1118 serenitatis
1057 1075 1337 1131 maysnadam
1372 1076 1413 1116 in
1448 1075 1643 1117 eiusdem
1675 1076 1858 1118 ecclesie
1886 1077 2078 1117 Romane
2105 1077 2238 1117 oeulis
2265 1078 2370 1117 satis

166 1152 338 1201 prope¹¹¹
371 1144 623 1194 direximus,
657 1150 702 1187 ut
734 1161 828 1187 cum
862 1146 975 1188 dicte
1010 1150 1156 1187 nostre
1190 1146 1373 1186 milicie¹¹
1396 1145 1676 1187 Theotonieis
1709 1146 1762 1187 dc
1797 1147 1925 1187 iuris⁰
1959 1146 2155 1201 apicibus
2180 1146 2372 1202 disputet

165 1219 209 1256 et
249 1214 496 1256 contendat.
613 1214 707 1271 (10)
753 1215 808 1256 Et
851 1217 930 1266 sic,
974 1215 1131 1257 dilecte
1173 1219 1348 1256 nostrc¹¹
1394 1215 1507 1256 alme
1543 1214 1673 1255 Urbis
1717 1215 1886 1267 dilecti,
1927 1215 2075 1270 ntique
2117 1230 2194 1270 per
2226 1220 2371 1256 nostre

167 1283 368 1339 potencie
414 1282 639 1325 dexteram
674 1288 817 1325 vestro
860 1284 1036 1339 antiquo
1080 1283 1194 1324 felici
1237 1283 1367 1324 statui
1409 1283 1702 1335 restaurandi,
1752 1284 1863 1324 sicut
1896 1290 1939 1325 et
1971 1299 2048 1324 nos
2081 1285 2301 1339 cupimus,
2339 1286 2371 1324 si

163 1359 352 1394 vestram
384 1353 585 1394 excitatis
618 1354 889 1403 memoriam,
923 1354 1151 1394 invenietis
1185 1353 1429 1394 essenciam
1463 1353 1679 1393 veritatis:
1715 1353 2051 1394 illustrissimam
2086 1354 2366 1408 magnificen-

165 1422 276 1463 ciam
298 1426 488 1463 nostram
512 1426 630 1463 tanto
655 1422 964 1464 vehemencius
986 1421 1163 1462 maximi
1186 1422 1320 1462 nostri
1345 1421 1506 1476 vigoris
1531 1422 1807 1477 potenciores
1832 1436 2005 1477 semper
2032 1423 2371 1477 reassumpsisse

163 1504 394 1547 processus
428 1495 471 1532 et
503 1491 675 1546 spiritus
707 1495 858 1533 contra
891 1491 1066 1546 impiam
1098 1491 1234 1532 diram
1268 1495 1451 1532 matrem
1480 1505 1530 1532 ac
1554 1505 1656 1532 suos
1682 1491 1915 1546 complices
1940 1495 1983 1532 et
2006 1492 2201 1533 fautores
2226 1492 2368 1533 euius-

164 1574 248 1616 que
296 1560 489 1615 generis,
538 1560 751 1612 nacionis,
798 1565 959 1615 quanto
1000 1561 1134 1615 ipsius
1178 1560 1364 1601 ecclesie
1409 1560 1617 1601 ferventis
1663 1560 1923 1601 temeritatis
1970 1560 2152 1602 audacia
2197 1576 2369 1602 suorum

166 1631 401 1672 satellitum
424 1635 633 1686 apparatu
657 1632 834 1687 suisque
858 1630 1123 1686 agressibus,
1158 1630 1472 1672 retrocedentis
1497 1631 1637 1672 cancri
1661 1636 1857 1683 naturam
1889 1630 2165 1681 habentibus,
2202 1645 2368 1672 necnon

166 1700 484 1741 sentenciarum
517 1704 646 1756 atque
678 1714 961 1755 processuum
994 1700 1084 1741 suis
1117 1700 1493 1742 fulminaeionibus
1517 1705 1664 1742 contra
1696 1704 1839 1741 nostre
1874 1701 2074 1756 potencie
2106 1700 2253 1755 apices
2288 1701 2371 1741 fre-

165 1768 372 1824 quencius
413 1769 648 1811 insultavit.
779 1770 873 1825 (11)
916 1769 1168 1810 Prelibataq
1210 1783 1395 1825 namque
1437 1769 1663 1812 audiencie
1705 1774 1777 1811 tue
1818 1768 1938 1810 ideor
1983 1768 2231 1810 denotanda
2277 1784 2372 1824 pre-

165 1837 385 1889 vidimus⁸,
427 1837 678 1880 felicissima
715 1838 820 1880 urbs
858 1839 1019 1891 Roma,
1061 1839 1207 1880 mundi
1239 1853 1289 1880 ac
1328 1839 1497 1895 imperii
1531 1839 1670 1895 capud
1703 1853 1873 1881 necnon
1906 1842 2186 1880 sacrosancte
2223 1839 2374 1879 matris

165 1908 351 1950 ecclesie
383 1907 726 1960 fundamentum,
759 1912 805 1949 ut
838 1913 910 1950 tue
943 1908 1238 1964 ymaginative
1272 1908 1459 1950 discrete
1484 1909 1692 1950 memorie
1718 1908 1913 1964 partibus
1937 1907 2156 1960 excitatis,
2190 1907 2371 1948 circum-

167 1980 316 2033 specte
339 1977 504 2019 astucie
527 1977 919 2033 indignacionibuS,
953 1979 1129 2033 argutet
1150 1978 1404 2020 subtilitatis
1427 1978 1651 2020 intellectu
1676 1978 1906 2033 perspicuo
1930 1991 2098 2018 necnon
2122 1977 2372 2018 intellectus

168 2045 457 2089 sollicitudine
497 2046 818 2089 animadvertas
861 2047 1074 2103 qualibet,
1118 2048 1215 2103 quis
1256 2047 1416 2088 dudum
1464 2047 1623 2089 fueritu
1670 2047 1916 2102 excogitate
1958 2046 2189 2087 caliditatis
2231 2050 2373 2087 motus

165 2116 360 2158 Romane
399 2116 584 2158 ecclesie
624 2116 908 2172 prelatorum,
951 2122 998 2158 ut
1030 2117 1268 2159 maiestatis
1301 2121 1446 2158 nostre
1480 2117 1684 2172 gloriam,
1727 2117 1881 2167 vitam,
1927 2116 2181 2157 felicissimo
2217 2129 2368 2170 propo-

168 2185 251 2227 sito
284 2185 337 2228 de
370 2186 535 2226 calamo
569 2186 705 2227 nostri
738 2185 878 2227 cordis
912 2187 1113 2242 ascripto,
1145 2190 1284 2228 status
1314 2187 1485 2242 imperii
1519 2200 1569 2227 ac
1592 2185 1829 2241 reipuplice
1855 2184 2143 2235 restaurandi,
2177 2184 2376 2226 turbaret

168 2259 212 2297 et
249 2255 407 2296 turbet.
527 2253 619 2310 (12)
662 2254 919 2311 Respondet
958 2255 1000 2296 in
1046 2259 1248 2311 promptu
1289 2255 1342 2297 ab
1388 2254 1664 2296 inferioribus
1709 2259 1820 2296 terre
1864 2254 2021 2296 sitibus
2062 2253 2373 2295 dolorosissimi

168 2325 340 2381 plantus
363 2323 522 2366 stridor
544 2329 793 2381 conceptus,
827 2339 904 2381 per
927 2325 1117 2366 mediosv
1151 2324 1392 2366 emanando
1418 2328 1586 2366 meatus
1611 2324 1653 2365 in
1677 2324 1907 2380 superficie
1932 2323 2052 2365 arida
2063 2330 2100 2375 W,
2135 2322 2374 2364 ululatibus

166 2394 363 2450 magnis¹
403 2395 615 2446 clamans,
656 2397 702 2435 ut
741 2395 857 2436 salus
897 2393 1062 2446 mundi,
1105 2393 1314 2449 templum
1355 2393 1548 2445 iusticie,
1594 2393 1762 2448 imperii
1806 2392 1994 2448 dignitas
2035 2406 2119 2434 non
2160 2396 2372 2447 resurgat.

167 2463 356 2516 Clamat,
400 2463 559 2505 clamat
589 2464 735 2519 itaque
777 2464 913 2505 tocius
946 2463 1062 2505 orbis
1095 2469 1295 2504 amarusy
1327 2462 1548 2503 anelitatis
1581 2476 1606 2503 a
1639 2469 1775 2503 venaz
1808 2461 1947 2503 cordis
1981 2461 2252 2502 decurrentis
2286 2462 2371 2502 sin-

165 2533 311 2587 gultus
353 2546 433 2574 nec
471 2533 658 2589 tepescit
697 2533 916 2588 sanguinis
948 2532 1155 2588 producio
1194 2531 1471 2573 lacrimarum
1502 2545 1582 2587 per
1613 2531 1852 2586 quamlibet
1885 2530 2032 2572 mundi
2066 2535 2262 2586 partemss
2295 2545 2372 2572 sue

167 2602 346 2658 querule
387 2602 581 2644 intestini
614 2616 663 2644 ac
695 2602 952 2659 inpacientis
985 2601 1146 2643 doloris
1179 2600 1531 2656 decapillacionis
1565 2600 1704 2657 capud
1736 2600 1975 2642 devolvens
2011 2604 2053 2641 et
2086 2600 2165 2641 ait:
2210 2598 2260 2640 ‘O
2297 2613 2372 2640 vos

168 2684 322 2713 omnes
352 2671 423 2727 qui
455 2671 644 2712 transitis
677 2686 755 2728 per
787 2672 918 2723 viam,
954 2685 1029 2712 vos
1063 2671 1213 2727 populi
1246 2671 1483 2723 christiani,
1517 2669 1728 2712 attendite
1762 2673 1805 2711 et
1837 2668 1996 2720 videte,
2031 2669 2067 2710 si
2100 2668 2221 2710 dolor
2253 2682 2373 2710 meus

167 2744 234 2782 est
263 2740 374 2782 sicut
401 2740 530 2782 tuusb
553 2740 699 2782 dolor-4
724 2741 914 2783 etfletus
937 2755 1060 2783 meus
1084 2741 1284 2783 fletibusc
1306 2738 1590 2783 incolendus'.
1644 2737 1915 2781 Contradicit
1939 2738 2053 2780 enim
2078 2738 2210 2793 impia
2232 2737 2372 2778 factad

167 2812 320 2860 mater,
352 2822 434 2865 que
466 2809 676 2852 hactenus
709 2810 847 2852 omnis
879 2811 1118 2852 sanctitatis
1143 2810 1322 2866 speculo
1345 2809 1635 2866 prefulgebat,
1667 2807 1835 2863 imperii
1859 2807 1969 2848 sacri
1995 2807 2203 2849 affectare
2227 2821 2371 2848 resur-

167 2878 413 2920 reccionem
445 2893 522 2934 per
553 2880 744 2935 singulas
775 2883 923 2936 partes
955 2880 1094 2932 orbis,
1133 2883 1182 2921 ut
1213 2879 1325 2933 sola,
1358 2886 1462 2921 suoe
1495 2878 1670 2920 viduata
1703 2880 1923 2928 consorte,
1957 2876 2110 2917 latenti
2144 2889 2219 2917 sue
2253 2876 2372 2930 cupi-

168 2947 315 2990 ditatis
359 2947 515 2990 insidia
557 2947 759 3004 quicquid
800 2952 866 2990 est
909 2949 952 2990 in
988 2948 1094 2991 orbe
1127 2948 1348 3004 degluciat
1381 2952 1424 2990 et
1454 2947 1711 3003 lugubribus
1743 2945 2008 2987 indumentis
2044 2943 2114 2986 ets
2143 2948 2260 2986 tecta
2292 2944 2371 2986 sub

170 3015 383 3059 velamine
417 3017 643 3070 castitatis,
675 3018 719 3058 in
750 3022 902 3074 aperto
935 3021 982 3059 ut
1013 3017 1142 3060 vidua
1172 3018 1345 3074 plorans
1378 3017 1532 3068 virum,
1565 3017 1608 3058 in
1641 3013 1916 3066 abscondito,
1949 3018 1995 3054 ut
2028 3013 2198 3068 singula
2229 3013 2370 3069 possi-

169 3084 290 3140 deat,
331 3085 385 3128 de
422 3086 555 3142 ipsius
598 3086 720 3129 obitu
761 3087 979 3142 glorietur.
1100 3086 1194 3142 (13)
1225 3086 1418 3128 Prodeat
1449 3100 1552 3141 ergo
1587 3100 1610 3127 e
1643 3085 1736 3126 celo
1770 3083 1942 3125 iusticia
1975 3087 2018 3124 et
2049 3082 2200 3137 puniat
2231 3081 2369 3123 delin-

170 3159 366 3211 quenteS,
399 3156 634 3212 quoniame
664 3156 831 3198 iusticie
864 3159 1040 3197 vetante
1073 3155 1284 3198 docimine
1318 3156 1405 3197 suis
1438 3154 1646 3197 altaribus
1680 3153 1876 3195 imminet
1915 3151 2162 3207 prophanus
2185 3151 2371 3192 avaricie

307 3280 394 3317 424.
431 3282 462 3326 θ)
499 3282 688 3327 perverse?
820 3281 852 3322 f)
890 3283 1017 3316 lascive
1042 3283 1082 3316 P.
1221 3282 1256 3324 8)
1292 3283 1354 3315 filii
1383 3282 1414 3315 0
1440 3282 1530 3315 male
1539 3294 1549 3320 ;
1587 3281 1804 3314 desideratur
1842 3289 1974 3311 nomen.
2112 3276 2146 3320 h)
2184 3278 2374 3321 principio?

168 3340 193 3383 i)
218 3341 240 3375 i.
258 3352 286 3374 e.
311 3342 552 3384 affligi-avium,
577 3341 819 3384 lantgravium.
912 3339 946 3381 k)
971 3341 1180 3383 predictante
1203 3340 1244 3372 P.
1338 3338 1394 3381 k¹⁶)
1420 3339 1668 3383 puplicandum
1693 3350 1718 3371 c.
1814 3334 1839 3378 l)
1865 3336 1955 3368 deest
1975 3336 2009 3368 G.
2076 3330 2079 3331 ⁷
2105 3336 2147 3375 m)
2174 3336 2309 3378 puplice
2337 3336 2370 3369 C.

169 3397 204 3441 n)
229 3399 363 3432 malicie
386 3398 426 3432 P.
509 3397 542 3441 ⁰)
568 3399 615 3431 sic
630 3399 676 3437 P;
700 3399 784 3431 viris
810 3398 851 3437 C;
884 3409 932 3430 an
956 3397 1151 3440 leyendum:
1174 3397 1299 3430 milicie
1324 3398 1407 3430 viris
1433 3398 1473 3430 de
1498 3396 1719 3430 Theotonicis
1743 3393 1922 3438 apicibus?
1999 3393 2032 3434 1¹)
2059 3392 2173 3426 dilecti
2198 3394 2304 3426 nostri
2329 3394 2370 3426 P.

170 3455 204 3500 q)
229 3457 400 3490 Prelibate
416 3456 456 3490 P.
549 3457 578 3499 1“)
604 3457 674 3489 iam
694 3456 732 3489 P.
828 3457 855 3498 ³)
882 3455 1092 3499 providimus
1112 3455 1147 3488 0.
1241 3454 1267 3498 t)
1293 3455 1410 3498 arguit
1425 3455 1467 3488 P.
1554 3454 1587 3493 ιι)
1613 3453 1678 3486 fuit
1695 3464 1722 3484 ο.
1809 3451 1842 3491 V)
1868 3451 2014 3483 medicos
2033 3449 2071 3482 P.
2156 3450 2195 3491 W)
2222 3451 2313 3484 aride
2331 3451 2370 3484 P.

170 3513 204 3556 x)
230 3515 340 3556 magis
365 3514 406 3546 P.
514 3513 547 3556 δ’)
573 3519 706 3547 amatus
729 3512 768 3545 P.
880 3512 909 3554 z)
935 3523 1047 3545 auena
1071 3512 1110 3545 P.
1219 3510 1251 3555 θ’)
1283 3524 1343 3556 pro
1367 3513 1520 3555 qualibet
1544 3511 1661 3544 mundi
1685 3515 1782 3553 parte
1808 3508 1844 3541 Ο.
1957 3506 1990 3549 b)
2016 3519 2101 3540 suus
2129 3508 2163 3540 C.
2267 3509 2297 3550 ⁰)
2324 3520 2372 3541 an

170 3571 398 3615 supplendum
422 3571 516 3604 tuis?
633 3570 665 3613 d)
692 3576 810 3604 sancta
835 3571 875 3604 P.
993 3569 1023 3612 e)
1049 3581 1114 3603 sua
1139 3595 1146 3602 .
1167 3596 1174 3603 .
1195 3594 1203 3602 .
1223 3595 1229 3602 .
1257 3569 1294 3603 C.
1411 3568 1444 3612 f)
1470 3570 1561 3603 deest
1587 3569 1622 3602 C.
1739 3566 1774 3608 g)
1799 3577 1905 3608 quum
1930 3566 2020 3598 male
2047 3565 2080 3598 Ο.

309 3673 344 3715 1)
378 3672 402 3706 i.
420 3683 446 3708 e.
473 3671 754 3717 landifflavium,
785 3671 1002 3707 Heinricum,
1031 3671 1232 3715 antireyem.
1373 3671 1410 3716 2)
1442 3681 1469 3705 c.
1485 3677 1502 3706 1
1532 3670 1567 3705 O.
1587 3670 1619 3704 Ι.
1638 3676 1668 3713 9,
1682 3673 1726 3703 27
1747 3669 1807 3712 (=
1831 3678 1858 3702 ο.
1876 3672 1898 3703 3
1926 3666 1963 3702 G.
1985 3666 2046 3703 Th.
2067 3672 2097 3710 9,
2113 3670 2158 3701 27
2179 3666 2226 3701 ad
2249 3667 2270 3701 l.
2298 3666 2370 3701 Iul.

103 3734 138 3759 ⁵⁰
171 3728 479 3773 repetundarum).
597 3730 632 3773 3)
659 3729 712 3772 Cf.
739 3729 906 3774 Bo'hmer,
934 3729 1020 3774 Ray.
1046 3729 1129 3773 imp.
1152 3728 1191 3773 V,
1209 3733 1328 3765 14062.
1354 3734 1474 3764 14072.
1589 3728 1625 3772 4)
1653 3727 1708 3770 Cf.
1739 3726 1871 3762 Thren.
1889 3731 1917 3770 1,
1932 3729 1982 3760 12.

308 3803 359 3828 u..
385 3803 665 3827 CONSTlTUTIONEs
681 3804 713 3827 11.
2052 3787 2095 3821 71
