2558 3970
104 913 136 938 10

104 1257 137 1282 15

105 1952 137 1978 25

107 2295 140 2322 30

109 2647 140 2674 ³5

111 2991 145 3016 40

721 161 930 196 OTTONlS
956 161 1018 196 IV.
1044 160 1476 196 CONSTI'I'UTIONES.
1531 162 1628 195 1209.
1678 161 1741 195 Nr.
1761 161 1814 194 32.
2319 167 2365 204 41

170 279 308 321 aliter¹¹
340 284 621 330 presumpserit,
660 284 815 329 duplum
847 286 1046 328 conponat,
1089 286 1120 316 vl
1165 282 1193 316 si
1228 282 1395 317 nesciens
1439 283 1706 327 pignoravmit,
1752 282 1905 326 prebeat
1938 286 2222 321 sau-ramentum,
2256 288 2288 317 et
2325 284 2369 318 sit

170 355 314 390 solutus
346 346 574 399 pignusquei
605 353 749 388 salvum
780 352 968 388 restituat.

317 414 410 471 (17)
443 421 492 456 Et
522 421 593 456 hoc
624 421 734 456 stetit
764 421 808 456 de
840 421 985 466 capulo,
1018 420 1117 464 quod
1150 419 1421 461 Rivoaltcnses,
1456 420 1786 460 Mutanmucmm,
1821 419 2076 461 Albionensos,
2110 420 2373 460 'rore-Aleuas,

170 493 416 529 Amianenses
457 493 627 528 fecerunt
665 495 765 528 retro
796 492 843 526 ab
883 491 991 526 annis
1022 490 1167 525 multis:
1208 490 1373 525 habeant
1405 490 1595 524 licentiam
1638 488 1795 523 l'aueicndi
1830 488 2029 522 secundum
2063 488 2255 532 antiquam
2290 500 2371 523 von-

171 561 418 604 suetudinem,
452 561 529 596 sive
561 572 627 606 per
658 561 812 596 flumina
843 560 921 595 sive.
953 572 1019 605 per
1050 552 1191 593 mai-ek.

316 623 410 679 (18)
447 629 668 674 Equilenses
702 642 787 665 vero
821 628 987 674 capulari
1020 627 1159 663 debent
1192 627 1229 661 in
1273 626 1354 671 ripa
1395 625 1512 659 sancti
1547 625 1703 660 Zenonis
1738 636 1852 668 usquc
1886 624 1921 658 in
1964 627 2098 659 fossum
2134 618 2373 660 Μοίιιιιιηιινί1

1052 697 1079 714 ¹¹¹
1127 708 1273 731 omnem
1312 695 1483 729 arborem
1521 697 1559 728 et
1605 694 1763 737 vegerv¹¹
1807 693 1844 727 iu
1876 706 1980 727 carro
2024 696 2115 728 aut⁰
2149 694 2193 728 ml
2227 694 2373 733 collum,

171 701 210 735 et
247 698 445 735 Gentionis
489 698 691 734 secundum
734 697 1043 733 consuetudinem

170 768 354 812 quantum
385 766 456 801 sibi
487 766 688 812 placuerit;
722 768 760 802 et
791 766 984 801 habeant¹¹
1016 764 1209 800 licentiam
1242 764 1402 809 pecudes
1435 763 1471 797 in
1505 762 1596 807 ipsis
1629 761 1761 796 linibus
1794 774 1945 806 pascere
1980 762 2035 796 vel
2068 762 2248 807 pabulari.

318 828 409 883 (19)
451 836 505 870 De
543 835 677 870 finibus
710 834 885 869 Civitatis
924 845 1019 868 nove
1051 833 1264 875 statuimuffi
1307 835 1349 867 ut
1379 831 1608 872 terminatio,
1641 843 1713 874 que
1745 842 1766 864 a
1799 832 1966 875 tempore
2000 830 2245 865 Liutbrandi⁴⁴
2280 830 2376 875 regis

171 905 272 940 facta
311 907 369 940 est
411 904 510 939 inter
539 904 829 939 Paulutionem'
869 903 1000 938 ducem
1042 904 1080 937 et
1111 901 1329 936 Marcellum
1361 900 1581 946 magistrum
1622 899 1794 940 militum,
1834 898 2009 943 deinceps
2050 912 2198 933 munere
2230 900 2375 940 ‹Mu-zu,

169 973 208 1009 id
239 975 297 1009 est
327 973 396 1009 de⁸
426 973 540 1008 Plaue
571 972 712 1008 maiore
745 984 861 1017 usque
893 971 931 1006 in
962 971 1115 1007 Plauem
1147 970 1301 1012 siccam;
1342 969 1502 1015 pecudes
1534 980 1682 1013 quoque
1715 970 1753 1003 et
1783 979 1916 1012 greges
1948 980 2029 1002 cum
2063 968 2263 1003 securitate
2297 981 2375 1013 pas-

170 1054 253 1079 cere
284 1042 433 1078 debent.

317 1105 407 1160 (20)
441 1111 643 1157 Caprula-ni
676 1123 762 1146 vero
795 1110 833 1144 in
865 1110 960 1145 silva
993 1104 1264 1152 Foroiuliana‘,
1297 1108 1360 1143 ubi
1392 1120 1538 1152 semper
1570 1106 1853 1151 capillaverunt,
1887 1106 2061 1150 capulare
2097 1105 2244 1140 debent.

318 1172 412 1230 (21)
455 1179 637 1216 Similiter
668 1179 877 1216 Gradenses
919 1178 1121 1215 secundum
1162 1177 1357 1223 antiquam
1398 1175 1706 1212 consuetudinem
1751 1174 1786 1208 in
1828 1174 1930 1208 silvis
1965 1174 2170 1209 Foroiulii'¹
2203 1174 2374 1219 capulum

174 1249 327 1285 faciant.

315 1311 410 1368 (22)
450 1316 719 1354 Confirmamus
757 1318 873 1354 etiam
915 1317 1128 1359 Lauretum,
1179 1316 1258 1358 ΠΗ,
1301 1317 1485 1360 quantum
1523 1325 1622 1358 aqua
1663 1313 1761 1347 salsa
1799 1311 1978 1349 continet,
2021 1323 2146 1346 eorum
2189 1311 2381 1346 subiaceat

172 1387 367 1433 potestati.

317 1448 411 1505 (23)
449 1455 498 1491 Et
535 1456 659 1491 nullus
696 1455 871 1501 princeps
905 1455 962 1491 vel
1001 1467 1144 1500 pauper
1185 1454 1349 1498 aliquem
1383 1452 1603 1488 Veneticum
1635 1450 1859 1496 distringere
1899 1452 1964 1484 aut
1997 1450 2149 1495 legemw
2183 1450 2302 1484 facere
2335 1449 2379 1482 de

172 1525 300 1570 aliqua
330 1525 461 1560 habita
493 1524 707 1560 substantia
738 1526 804 1559 aut
835 1524 881 1559 ad
912 1524 1096 1569 placitum
1117 1524 1262 1566 ducere,
1296 1523 1367 1557 nisi
1398 1522 1435 1557 in
1458 1521 1649 1567 presentia
1670 1521 1819 1555 illorum
1842 1519 1956 1561 (lucis,
1990 1521 2055 1554 aut
2078 1519 2220 1553 fodrum
2246 1518 2377 1553 tollor<¹

173 1595 218 1630 de
249 1594 399 1630 illorum
432 1594 553 1637 terris,
595 1606 666 1639 que
698 1594 737 1628 in
767 1595 897 1629 nostro
929 1596 1017 1629 sunt
1047 1593 1217 1639 imperio,
1257 1594 1322 1627 aut
1353 1592 1519 1626 bannum
1551 1590 1703 1625 mittere
1736 1591 1813 1623 tam
1845 1588 2006 1623 dominis
2049 1587 2308 1622 habitantibus
2343 1586 2377 1621 in

171 1663 359 1700 Venetiax
391 1674 502 1708 quam
535 1663 581 1699 de
610 1663 760 1698 illorum
791 1662 1006 1698 hominibus
1038 1662 1263 1706 ubicumque
1296 1659 1557 1695 habitantibus
1587 1658 1774 1693 iusticiam
1797 1657 1961 1701 aliquam
1987 1656 2154 1701 accipere
2178 1659 2378 1701 presumat,

175 1733 250 1770 nisi
280 1733 319 1768 in
350 1732 543 1778 presentia
573 1732 809 1768 dominorum
841 1743 1004 1767 suorum.

315 1795 411 1852 (24)
448 1801 728 1845 Confirmamus,
769 1802 812 1836 ut
855 1811 942 1846 pars
982 1800 1083 1846 parti
1120 1800 1165 1835 de
1206 1799 1327 1835 causis
1359 1797 1610 1839 ecclesiarum,
1652 1796 1963 1832 monasteriorum
2007 1795 2244 1831 omnimodoy
2278 1795 2379 1830 iusti-

174 1871 270 1907 ciam
302 1871 449 1907 fatiatz.

318 1933 412 1990 (25)
444 1941 637 1983 Volumus,
680 1943 722 1976 ut
760 1952 828 1986 pro
866 1952 940 1975 una
981 1939 1076 1974 libra
1111 1938 1347 1975 denariorum
1391 1938 1449 1973 vel
1486 1949 1559 1973 uno
1592 1937 1742 1973 homine
1782 1936 2092 1977 saci·an1entum⁸‚
2136 1938 2173 1970 ct
2205 1935 2233 1969 si
2266 1946 2381 1979 usque

172 2009 220 2044 ad
250 2003 407 2044 XIICimb
439 2009 554 2045 libras
585 2009 826 2045 denariorum
849 2008 1116 2045 Veneticorum
1138 2001 1267 2043 XIIeim
1300 2006 1411 2042 electi
1442 2006 1628 2041 iuratores
1660 2006 1863 2047 addantur;
1897 2017 1983 2040 nam
2015 2005 2071 2039 sic
2103 2005 2202 2039 ultra
2225 1997 2382 2038 XllCimb

172 2078 287 2114 libras
319 2079 466 2124 questio
499 2079 600 2114 facta
630 2079 756 2122 fuerit,
789 2079 974 2114 iuratores
1006 2078 1107 2112 ultra
1137 2069 1302 2112 XHeimb
1333 2087 1410 2111 non
1441 2068 1660 2110 accedantd.

321 2141 415 2198 (26)
447 2148 656 2184 Statuimus
688 2148 804 2184 etiam
835 2148 880 2184 de
911 2146 1143 2193 pignoribus,
1184 2157 1255 2191 que
1287 2145 1388 2180 inter
1417 2146 1544 2189 partes
1577 2144 1679 2179 facta
1709 2144 1859 2186 fuerint,
1893 2145 1944 2185 ut,
1978 2143 2008 2177 si
2040 2154 2114 2187 qua
2144 2142 2188 2177 de
2217 2141 2269 2176 eis
2299 2153 2381 2176 con-

173 2217 295 2253 tentio
327 2219 412 2253 orta
441 2217 566 2261 fuerit,
598 2217 656 2253 illi
686 2217 876 2253 tribuatur
907 2216 1106 2252 arbitrium
1136 2214 1295 2257 iurandi,
1328 2213 1393 2259 qui
1423 2213 1560 2260 pignus
1591 2213 1777 2255 habuerit,
1810 2212 1904 2248 solie
1936 2212 2015 2247 sine
2048 2211 2187 2246 electis.

321 2279 414 2336 (27)
447 2288 501 2323 De
534 2281 794 2323 cautionibusf
823 2299 911 2322 vero
943 2286 1086 2321 similig
1116 2285 1227 2321 modo
1260 2285 1406 2330 agatur.

319 2348 413 2406 (28)
445 2350 651 2392 Promisith
692 2358 847 2392 cunctus
890 2357 1047 2392 ducatus
1086 2346 1372 2390 Venetieorun]i
1409 2352 1517 2388 nobis
1559 2354 1598 2388 et
1641 2350 1915 2387 successoribus
1960 2349 2098 2385 nostris
2140 2342 2237 2394 prok
2274 2348 2383 2383 huius

174 2425 361 2471 pactionis
393 2426 517 2462 federe
548 2426 764 2462 annualiter
795 2426 897 2462 omni
927 2437 1055 2461 mense
1077 2423 1216 2460 Martio
1248 2415 1484 2469 persolvere¹
1517 2421 1632 2456 libras
1663 2420 1903 2456 denariorum
1935 2431 2083 2454 suorum
2106 2419 2133 2453 L
2165 2419 2202 2453 et
2226 2416 2381 2452 totidem

175 2494 290 2530 libras
321 2494 462 2540 piperis
495 2497 534 2530 et
562 2507 679 2530 unum
708 2495 877 2541 pallium.

321 2563 360 2599 Si
390 2564 474 2609 quis
504 2564 622 2610 igitur
652 2565 727 2600 dux
758 2565 817 2600 vel
847 2563 1026 2606 marchio,
1055 2574 1189 2606 comes,
1222 2561 1428 2597 vicecomes
1459 2561 1526 2595 aut
1557 2558 1686 2604 aliqua
1707 2569 1844 2604 magna
1866 2557 1923 2592 vel
1946 2568 2062 2602 parva
2092 2567 2252 2601 persona
2273 2554 2382 2589 huius

177 2635 305 2670 nostre
336 2627 496 2682 regalis
528 2633 666 2680 pagine
695 2634 858 2670 violator
889 2632 1107 2674 extiteritm,
1140 2630 1240 2676 quod
1270 2629 1424 2665 minime
1457 2627 1640 2664 credimus
1672 2628 1850 2670 futurum,
1883 2626 1978 2661 sciat
2005 2637 2042 2660 se
2076 2622 2382 2669 conpositurumn

176 2714 244 2748 pro
275 2714 374 2748 pena
405 2702 487 2738 auri
519 2703 653 2748 optimi
683 2703 798 2738 libras
827 2703 940 2746 mille,
972 2701 1216 2737 medietatem
1247 2699 1360 2734 fischo
1393 2696 1580 2743 imperiali
1619 2698 1657 2732 et
1687 2696 1929 2732 medietatem
1961 2694 2046 2729 duci
2077 2694 2109 2728 V
2111 2692 2380 2729 eneticorumO.

177 2770 284 2814 Quod
315 2773 357 2807 ut
389 2771 511 2807 verius
543 2773 717 2808 credatur
748 2775 786 2808 et
817 2772 864 2807 ab
897 2771 1068 2808 omnibus
1100 2768 1320 2815 diligentius
1353 2768 1582 2809 observetur,
1614 2767 1712 2801 hanc
1742 2765 1920 2811 paginam
1951 2763 2236 2799 corroborantes
2267 2760 2381 2806 sigilli

177 2840 297 2876 nostri
327 2841 561 2887 inpressione
591 2842 767 2877 iussimus
798 2841 983 2888 insigniri.

321 2903 465 2945 Huius
497 2905 559 2946 rei
599 2909 736 2946 testes
769 2910 914 2946 suntl‘:
959 2904 1196 2945 Albertusq
1235 2899 1628 2956 Magdeburgensis
1669 2896 2032 2952 archiepiscopus,
2067 2894 2168 2935 Otto
2203 2892 2382 2933 Vuirce-

182 2971 434 3028 burgensisr
465 2976 710 3029 episcopus,
744 2973 929 3015 sifridus
952 2970 1271 3027 Augustensis³
1305 2969 1549 3024 episcopus,
1582 2966 1882 3008 Ludeuuicust
1906 2964 1992 3004 dux
2014 2962 2246 3005 Bauuarie,
2278 2961 2381 3001 Ber-

180 3041 340 3083 nardus
373 3042 461 3084 dux
491 3043 737 3094 Karinthie,
780 3042 882 3084 Otto
916 3042 1003 3083 dux
1037 3040 1273 3090 MeranieU,
1306 3037 1430 3079 ΑΖον
1461 3036 1649 3078 marchio
1684 3034 1895 3081 Estemsis,
1940 3046 2085 3074 comes
2120 3032 2382 3071 Artmannus

320 3178 384 3214 32·
409 3179 443 3222 h)
461 3181 689 3223 supplendum
706 3186 753 3214 est.
769 3182 896 3219 facere3
924 3181 967 3223 cf.
986 3179 1131 3212 Pactum
1153 3177 1281 3210 Ottonis
1296 3176 1351 3217 II,
1368 3181 1444 3208 tom.
1459 3174 1485 3206 Ι
1482 3199 1491 3214 ,
1509 3185 1546 3216 p.
1562 3175 1605 3205 42
1621 3185 1655 3205 n.
1670 3173 1691 3205 i.
1769 3170 1793 3213 i)
1820 3172 1944 3214 pignus
1959 3169 2048 3212 quod
2064 3169 2092 3200 1.
2163 3166 2197 3209 k)
2215 3168 2385 3210 sequentia

180 3236 281 3269 etiam
306 3238 464 3280 Zeyzmtur
487 3238 524 3271 in
548 3238 653 3271 Libro
680 3238 802 3271 blanco
817 3238 888 3281 fol.
907 3235 977 3270 49'.
1118 3234 1142 3277 1)
1167 3234 1381 3268 Metarnauei
1407 3231 1436 3264 1.
1567 3230 1609 3272 ¹¹¹)
1636 3234 1669 3263 et
1693 3229 1773 3262 add.
1801 3227 1833 3260 3.
1973 3227 2005 3267 n)
2030 3227 2100 3258 arb.
2127 3236 2267 3268 evegere
2297 3225 2323 3256 1.
2348 3223 2384 3261 2;

181 3295 251 3327 arb.
277 3295 400 3328 vehere
425 3294 457 3328 3.
598 3294 632 3336 0)
664 3296 736 3328 sive
763 3294 794 3328 2.
820 3294 853 3328 3.
994 3294 1026 3336 1))
1051 3294 1177 3326 habeat
1206 3292 1233 3325 1.
1376 3289 1409 3332 (1)
1436 3288 1647 3321 Lioitbrandi
1674 3286 1709 3325 1;
1742 3285 1965 3318 Lottobrandi
1990 3284 2021 3316 2.
2048 3283 2078 3316 3.
2219 3282 2247 3325 r)
2273 3282 2384 3314 Pauli-

115 3359 147 3384 45
183 3353 309 3386 tionem
334 3351 364 3385 2.
390 3351 422 3386 3.
587 3352 614 3396 Β)
639 3354 728 3386 idem
752 3354 787 3386 in
815 3352 851 3394 13
876 3354 963 3386 idest
987 3353 1022 3385 in
1048 3351 1080 3385 2.
1107 3351 1138 3384 3.
1301 3348 1327 3391 t)
1352 3347 1571 3381 Foraiuliana
1598 3345 1627 3378 1.
1655 3344 1687 3377 3.
1848 3343 1882 3383 Π)
1908 3341 2031 3374 Fouuli
2058 3340 2087 3373 1.
2238 3338 2270 3378 v)
2297 3343 2328 3371 et
2353 3338 2382 3370 3.

181 3408 222 3452 W)
247 3410 360 3454 legere
387 3409 416 3442 1·
556 3409 592 3452 Χ)
616 3412 737 3444 Venet.
767 3410 803 3452 l;
829 3411 980 3443 Venetiis
1004 3408 1037 3442 2.
1064 3408 1096 3442 3.
1237 3409 1270 3448 y)
1297 3405 1488 3439 omnimoda
1514 3403 1543 3436 1.
1675 3402 1705 3442 z)
1734 3401 1858 3433 fatiant
1882 3398 1913 3432 3.
2032 3401 2062 3433 θ’)
2090 3396 2315 3439 supplendum
2340 3400 2387 3427 est

181 3468 258 3507 fiat3
285 3469 328 3511 cf.
354 3458 498 3501 Paetum
515 3469 674 3502 Heinrici
699 3468 734 3510 V,
760 3474 836 3501 tom.
851 3468 883 3509 I,
900 3478 938 3509 p.
954 3470 1021 3500 155
1045 3479 1079 3499 π.
1098 3478 1128 3499 o.
1207 3463 1241 3505 b)
1268 3461 1392 3496 xvcim
1411 3460 1441 3494 1.
1459 3459 1492 3493 2.
1510 3458 1542 3492 3.
1615 3458 1644 3498 c)
1671 3469 1733 3490 om.
1751 3455 1794 3507 3—
1855 3454 1886 3497 d)
1911 3456 2050 3488 accedat
2070 3454 2097 3487 1.
2169 3454 2200 3494 θ’)
2218 3464 2279 3485 om.
2298 3452 2329 3483 ⁴2.
2346 3451 2384 3487 ὃς

180 3524 218 3557 i‘n
242 3525 315 3557 cod.
345 3523 374 3558 1.
409 3525 555 3567 positum
591 3531 640 3558 est
667 3531 749 3567 post
783 3524 930 3558 iurandi.
1071 3521 1100 3564 f)
1133 3521 1350 3564 captionibus
1377 3518 1406 3551 1.
1432 3517 1463 3550 2.
1489 3516 1521 3549 3.
1678 3515 1712 3557 8)
1743 3515 1816 3547 scili
1845 3513 1873 3545 1.
2014 3511 2045 3553 h)
2071 3512 2172 3544 etiam
2197 3510 2277 3542 add.
2297 3508 2327 3541 2.
2353 3508 2383 3539 .3.

183 3579 208 3624 i)
233 3582 352 3615 Venet.
379 3581 414 3622 1;
452 3583 595 3616 Venetie
619 3581 650 3615 2.
674 3581 706 3615 3.
871 3579 906 3622 k)
932 3593 990 3624 per
1014 3580 1046 3613 3.
1198 3577 1223 3620 1)
1259 3588 1323 3610 om.
1351 3576 1379 3608 1.
1405 3574 1437 3608 2.
1461 3574 1493 3607 3.
1634 3572 1676 3613 m)
1701 3572 1813 3604 extitit
1840 3570 1868 3602 1.
2014 3570 2046 3610 ¹1)
2072 3568 2326 3610 canpositurum
2355 3564 2383 3597 1.

116 3645 150 3671 ⁵⁰
185 3636 218 3681 ⁰)
243 3639 362 3673 Venet.
388 3638 427 3678 1;
456 3639 595 3672 venetie
620 3638 652 3672 2.
678 3638 708 3672 3.
827 3637 860 3678 Ρ)
885 3649 1004 3671 sumus
1031 3637 1058 3669 l.
1156 3626 1190 3676 (ᾗ)
1216 3635 1372 3667 Albeltus
1396 3631 1428 3665 2.
1454 3631 1486 3665 3.
1586 3629 1615 3670 r)
1642 3627 1944 3670 Uuircebergensis
1968 3625 1999 3658 3.
2095 3623 2121 3666 Β)
2148 3624 2328 3666 Augustffi.
2347 3619 2382 3660 2;

185 3697 465 3739 Augustiniensis
490 3695 521 3729 3.
640 3696 668 3738 t)
693 3697 896 3730 Luduuicus
921 3695 952 3729 3.
1070 3693 1104 3735 u)
1130 3695 1248 3726 Man-n.
1273 3690 1304 3725 2.
1330 3691 1361 3723 3.
1485 3687 1518 3730 v)
1544 3689 1634 3720 Azzo
1659 3686 1690 3719 3.

322 3770 370 3794 ιι..
399 3768 685 3792 CONSTlTU'rloNEs
702 3769 734 3792 11.
2092 3742 2113 3776 6
