2558 3970
227 179 307 216 470
635 176 882 211 WILHELMI
910 177 1047 211 REGIS
1073 176 1500 210 CONSTITUTIONES.
1553 176 1650 212 1253.
1700 178 1762 212 Nr.
1780 178 1985 214 363—365.

229 288 472 328 cess-oribus
506 288 676 341 regibus
710 295 751 329 et
784 291 1110 344 imperatoribus
1143 291 1247 345 ipsis
1280 290 1446 331 indulta
1468 295 1629 332 temere
1653 292 1892 337 venientes,
1926 295 2186 337 servientem
2209 297 2402 339 Heinrici

226 358 277 396 «Ν
311 356 479 396 l‘'¹'01'is²²
520 363 710 403 canonici
755 360 912 400 Sancte
957 359 1105 399 Crucis
1149 360 1189 399 in
1230 359 1391 399 Leodio
1434 373 1509 414 pro
1556 374 1631 399 suo
1671 360 1788 401 libito
1828 362 2191 404 abiudicaverunt.
2261 364 2403 412 Quare

227 428 300 467 tihi
342 431 379 469 in
424 432 626 474 fidelitate
671 430 793 470 nobis
837 428 981 468 debita
1027 428 1207 467 firmiter
1252 427 1527 482 precipiendo
1570 428 1842 479 mandamus,
1891 431 2088 484 quatinus
2131 434 2289 474 vocatis
2332 436 2403 488 qui

224 505 380 543 suerint
413 502 605 543 vocandi.
639 500 862 539 veritatem
898 511 1027 551 super
1060 496 1282 550 premissis
1316 496 1545 549 diligenter
1578 497 1780 551 inquiras,
1815 503 1857 538 et
1891 500 1924 539 si
1959 500 2016 540 ita
2049 514 2146 542 csse
2176 501 2403 551 inveneris,

225 582 268 612 tu
294 572 579 626 predictorum
606 568 874 609 scabinorum
901 566 1156 606 sententiam
1181 565 1436 605 auctoritate
1461 570 1607 604 nostra
1630 566 1768 606 irrites
1791 571 1832 606 et
1855 568 2014 608 nullam
2040 582 2133 609 esse
2156 569 2403 621 denuncies,

226 642 379 681 latores
419 639 610 694 predicte
651 637 863 678 sententie
902 648 1009 689 pena
1045 633 1191 673 debita
1231 633 1461 688 puniendo.
1523 633 1769 675 Predictum
1811 636 2070 677 servientem
2103 637 2404 679 nichilominus

224 709 435 749 sententia
471 706 663 762 predicta
694 704 808 744 ullob
843 703 968 744 modo
1002 702 1124 755 ligari
1155 702 1384 743 denunties
1408 707 1450 742 et
1474 702 1613 756 ipsum
1641 702 1693 742 ad
1718 717 1866 744 omnes
1897 709 2018 745 actus
2042 706 2288 760 legitumos,
2321 721 2403 748 non

223 779 422 818 obstante
455 775 741 831 predictorum
777 773 1047 813 scabinorum
1082 772 1311 814 sententia.
1346 771 1478 811 facias
1511 774 1554 811 ct
1586 771 1764 812 mandes
1797 772 1977 815 admitti.

365 845 522 885 Datum
557 843 755 884 Traiecti.
790 842 852 882 Id.
886 841 1087 894 Augusti.
1121 839 1355 880 indictione
1388 839 1627 881 undecima.

221 1039 322 1081 364.
348 1038 698 1081 SENTENTIA
725 1035 965 1079 (fioNTJzA
987 1034 1237 1077 INDICIA
1260 1032 1677 1075 SCABJNORUM
1693 1034 2400 1079 EXCOMMUNICATORUM.

1215 1103 1324 1155 Any.
1350 1105 1416 1144 13.

364 1188 487 1229 Dedit
518 1186 660 1227 Arndt
696 1201 715 1223 cr
752 1185 982 1225 cartulario
1014 1183 1199 1224 Ilmmux
1237 1196 1302 1224 nr.
1332 1183 1426 1234 145,
1466 1183 1583 1223 cetius
1619 1185 1847 1236 exemplari
1887 1196 1987 1225 usas
2023 1188 2082 1225 cst
2109 1185 2405 1228 Winltelmcmn

220 1258 336 1298 :lrta
371 1257 533 1308 imperii
567 1255 732 1296 iizcde'la'
766 1254 800 1303 L
823 1254 905 1293 445
936 1266 1001 1293 nr.
1027 1253 1121 1294 ³549.
1156 1277 1208 1282 ——
1240 1251 1433 1302 Bolmncr,
1469 1251 1567 1305 Rey.
1602 1253 1698 1305 inm.
1724 1253 1768 1304 V,
1791 1254 1913 1296 5162.
2024 1254 2096 1307 (P.
2118 1254 2261 1309 deest.)

363 1382 608 1423 willelmus
632 1381 713 1422 Dei
747 1381 883 1435 gratia
907 1380 1200 1420 Romanorum
1233 1393 1311 1420 rex
1343 1392 1511 1434 semper
1533 1383 1744 1434 augustus
1768 1380 1982 1421 universis
2012 1381 2179 1436 imperii
2201 1381 2402 1424 fidelibus

219 1461 443 1507 presentes
488 1452 654 1492 litteras
701 1450 854 1490 visuris
899 1449 1081 1503 gratiam
1126 1462 1246 1489 suam
1292 1452 1334 1488 et
1381 1461 1506 1488 omne
1548 1447 1719 1488 bonum.
1838 1449 2177 1491 Universitatem
2216 1453 2402 1492 vestram

221 1522 327 1561 scire
361 1521 576 1561 volumus.
621 1519 731 1574 quod
774 1519 895 1559 nobis
927 1533 1002 1573 pro
1041 1517 1242 1558 tribunali
1277 1517 1389 1572 apud
1422 1516 1670 1557 Traiectum
1704 1517 1952 1560 sedentibus
1994 1519 2207 1574 quesitum
2240 1519 2402 1561 extitit:

219 1600 358 1630 utrum
392 1590 602 1630 sententie
635 1590 721 1630 late
755 1603 779 1629 a
810 1588 996 1629 scabinis
1020 1588 1086 1628 vel
1118 1587 1459 1641 quibuscumque
1491 1586 1586 1626 aliis
1620 1591 1716 1641 post
1750 1588 2204 1629 excommunicationis
2227 1592 2401 1630 senten-

218 1660 317 1699 tiam
368 1659 408 1698 in
450 1672 522 1699 eos
570 1659 886 1712 promulgatam
927 1657 1010 1697 vim
1059 1657 1247 1711 aliquam
1293 1655 1503 1696 deberent
1544 1655 1707 1697 habere
1750 1657 1816 1697 vel
1862 1657 2120 1699 firmitatem.
2182 1657 2250 1698 Ad
2291 1657 2403 1712 quod

220 1742 472 1782 responsum
518 1727 661 1767 extitit
703 1740 846 1767 coram
890 1725 1014 1766 nobis
1056 1738 1130 1780 per
1171 1724 1450 1765 sententiam:
1495 1724 1608 1779 quod
1652 1724 1897 1765 huiusmodi
1940 1726 2152 1767 sententie
2194 1730 2290 1781 post
2327 1740 2403 1768 ex-

219 1796 617 1836 communicationis
651 1796 907 1836 sententiam
942 1796 1027 1835 late
1061 1808 1140 1835 nec
1174 1794 1258 1834 vim
1292 1794 1482 1835 habeant
1512 1807 1592 1834 nec
1625 1794 1885 1836 firmitatem.
1946 1794 2073 1836 Unde
2104 1808 2181 1836 nos
2214 1796 2399 1836 auctori-

216 1873 304 1905 tate
345 1866 461 1919 regia
500 1865 712 1919 predictas
754 1865 991 1906 sententias
1032 1864 1175 1904 taliter
1213 1867 1261 1903 ut
1300 1862 1459 1904 dictum
1501 1867 1565 1904 est
1608 1862 1718 1904 latas
1759 1877 2013 1904 revocamus
2053 1868 2096 1904 et
2134 1863 2274 1904 nullas
2309 1878 2403 1905 esse

218 1935 387 1988 penitus
421 1934 747 1975 denunciamus.

367 2003 545 2043 Datum³¹
579 2002 691 2058 apud
725 2002 989 2054 Traiectum,
1025 2000 1127 2041 Idus
1162 2000 1374 2054 Augusti,
1408 1999 1644 2041 indictione
1674 1999 1750 2041 XI.

449 2196 550 2239 365.
591 2196 964 2239 MANDATUM
989 2196 1076 2237 AD
1108 2194 1473 2238 EPISGOPUM
1496 2194 1917 2238 LEODIENSEM.
1969 2196 2076 2248 Aug).
2101 2198 2166 2238 13.

357 2277 484 2319 Dedit
514 2277 655 2318 Arndt
693 2291 713 2317 e
753 2277 982 2318 cartulario
1015 2276 1200 2318 Henaux
1230 2289 1296 2318 nr.
1321 2278 1421 2326 144,
1460 2276 1578 2316 euius
1619 2277 1848 2330 exemplari
1885 2289 1986 2318 ‘ocsus
2023 2279 2081 2317 est
2109 2275 2402 2318 Winkelmamz

216 2348 242 2387 l.
267 2362 296 2388 τ’.
320 2350 401 2387 445
434 2361 500 2390 nr.
524 2348 617 2388 550.
652 2372 704 2376 —
736 2346 929 2397 Balenae»,
961 2345 1061 2399 Rcy.
1095 2346 1190 2398 imp.
1224 2346 1268 2397 V,
1292 2347 1419 2388 5163.
2027 2343 2097 2398 (P.
2119 2345 2261 2395 deest.)

359 2463 602 2505 willelmus
634 2464 714 2506 Dei
755 2465 892 2519 gratia
924 2464 1217 2505 Romanorum
1260 2478 1337 2505 rex
1376 2478 1546 2518 semper
1586 2467 1797 2518 augustus
1836 2463 2077 2504 venerabili
2116 2462 2253 2503 electo
2285 2461 2397 2503 Leo-

215 2531 363 2573 diensi.
397 2534 579 2589 principi
613 2538 655 2574 et
687 2534 1008 2588 consanguineo
1041 2547 1115 2573 suo
1147 2533 1389 2583 karissimo,
1422 2533 1608 2587 gratiam
1642 2546 1763 2573 suam
1797 2536 1840 2573 et
1871 2545 1994 2572 omne
2027 2531 2200 2573 bonum.

357 2601 530 2642 Maioris
570 2603 754 2644 ecclesie
795 2617 843 2643 ac
887 2603 1067 2643 aliarum
1101 2603 1383 2643 ecclesiarum
1414 2601 1721 2643 Leodiensium
1755 2601 1932 2656 prelatis
1966 2605 2008 2641 et
2040 2599 2240 2655 capitulis
2273 2612 2396 2640 acee-

215 2670 355 2723 pimus
389 2671 774 2725 conquerentibus,
808 2671 918 2726 quod
953 2671 1116 2711 scabini
1148 2671 1416 2712 Leodienses
1449 2675 1545 2726 post
1578 2669 2033 2712 excommunicationis
2065 2669 2323 2709 sententiam
2355 2668 2397 2708 in

216 2739 328 2792 ipsos
362 2740 674 2794 promulgatam
709 2741 968 2781 servientem
1002 2739 1198 2781 Heinrici
1232 2740 1283 2780 de
1316 2740 1518 2781 Foriresa
1550 2739 1774 2781 canonicib
1808 2738 1967 2779 Sancte
1992 2736 2140 2778 Crucis
2171 2738 2213 2778 in
2237 2736 2397 2778 Leodio

214 2821 288 2860 pro
323 2820 397 2847 suo
430 2807 552 2848 libito
585 2808 951 2850 abiudicaverunt.
1015 2807 1158 2854 Quare
1192 2807 1271 2847 tibi
1302 2808 1345 2847 in
1367 2807 1576 2848 fidelitate
1600 2808 1722 2848 nobis
1747 2806 1894 2848 debita
1915 2806 2096 2847 firmiter
2117 2805 2396 2861 precipiendo

214 2875 486 2916 mandamus.
527 2877 726 2931 quatinus
759 2878 922 2918 vocatis
955 2877 1025 2932 qui
1059 2877 1217 2917 fuerint
1249 2876 1452 2922 vocandi,
1492 2877 1717 2918 veritatem
1751 2889 1880 2931 super
1909 2875 2130 2930 premissis
2165 2874 2398 2930 diligenter

215 2944 400 2997 inquiras
445 2950 486 2985 ct
528 2946 561 2985 si
603 2946 661 2986 ita
703 2959 798 2987 esse
840 2946 1073 2991 inveneris,
1119 2950 1165 2985 tu
1205 2944 1493 3000 predictorum
1533 2945 1806 2986 scabinorum
1847 2944 2107 2985 sententiam
2140 2943 2395 2985 auctoritate

215 3021 359 3053 nostra
391 3013 532 3053 irrites
566 3017 608 3053 et
631 3014 790 3055 nullam
814 3028 909 3055 esse
934 3014 1177 3064 denuncies,
1211 3014 1371 3055 latores
1400 3013 1594 3069 predicte
1619 3013 1834 3054 sententie
1860 3027 1972 3068 pena
1994 3012 2139 3053 debita
2160 3012 2391 3067 puniendo.

215 3081 459 3122 Predictum
493 3083 752 3124 servientem
792 3083 1094 3124 nichilominus
1129 3083 1344 3124 sententia
1383 3083 1576 3138 predicta
1618 3083 1734 3123 nullo
1772 3081 1896 3122 modo
1928 3081 2050 3136 ligari
2083 3080 2318 3122 denuncies
2352 3085 2395 3122 et

214 3150 350 3204 ipsum
385 3150 436 3190 ad
471 3165 616 3192 omnes
640 3156 761 3192 actus
794 3152 1020 3207 legitimos,
1054 3166 1138 3192 non
1162 3152 1358 3193 obstante
1383 3152 1673 3206 predictorum
1699 3151 1968 3192 scabinorum
1993 3150 2222 3201 sententia,
2257 3149 2390 3190 facias

217 3228 256 3257 ct
288 3218 464 3259 mandes
499 3219 678 3260 admitti.

357 3286 539 3327 Datumc
572 3287 771 3339 Traiecti,
806 3287 909 3328 Idus
942 3288 1142 3343 Augusti,
1175 3288 1407 3330 indictione
1440 3288 1685 3330 undecima.

349 3410 433 3445 363.
467 3417 497 3452 a)
524 3424 578 3445 seu
608 3415 712 3445 Frons
738 3426 806 3451 0‘1‘.,·
830 3415 1079 3447 emendandum
1104 3425 1172 3447 esse
1196 3415 1327 3447 ridetur
1352 3414 1534 3447 secundum
1558 3414 1885 3454 ur.366.·xl‹*e1·rires.
1983 3413 2012 3454 b)
2037 3414 2084 3446 sic
2109 3426 2158 3446 or.

348 3479 432 3512 364.
468 3486 499 3522 a)
527 3483 615 3514 Data
641 3494 667 3514 e.

348 3547 432 3581 365.
465 3555 493 3587 ³)
520 3562 565 3580 an
591 3550 760 3582 Feri-ires?
784 3563 812 3583 r.
841 3563 892 3584 nr.
911 3554 985 3583 366.
1103 3550 1135 3593 ¹¹)
1161 3552 1362 3584 canonicum
1389 3564 1414 3584 c.
1532 3552 1562 3593 ⁰)
1590 3553 1679 3584 Data
1707 3562 1732 3584 c,

2443 1058 2474 1082 10

2442 1459 2472 1483 15

2441 1810 2473 1834 20

2439 2288 2471 2312 25

2436 2685 2468 2711 30

2432 3027 2464 3053 35

2431 3422 2464 3447 40
