2558 3970
121 899 154 924 10

119 1242 151 1267 15

115 1586 149 1612 20

113 1936 145 1963 25

113 2283 146 2310 30

111 2629 142 2655 35

107 3289 139 3315 45

108 3617 142 3643 5⁰

728 149 970 185 FRIDERICI
999 151 1045 186 Il.
1071 152 1503 187 CONS'I‘I'I‘U'I'IONES.
1556 155 1651 189 1239.
1702 155 1764 190 Nr.
1781 156 1859 191 215.
2311 163 2392 201 205,

196 264 433 319 requisivit,
467 265 578 320 quod
613 269 759 306 contra
791 265 1025 315 Romanos,
1059 281 1166 321 quos
1200 267 1279 308 sibi
1315 269 1408 308 iura
1440 270 1623 310 ecclesie
1658 271 1941 313 subtrassisse
1974 274 2160 317 dicebat..
2195 282 2394 330 potenter

193 332 430 388 procedere
453 333 725 383 deberemus,
759 333 950 388 iniquum
975 334 1043 374 in⁰
1067 334 1189 374 nobis
1215 340 1431 390 reputans,
1457 337 1570 391 quod
1595 337 1764 379 domum
1791 346 1981 382 nostram
2006 348 2047 381 et
2073 344 2390 397 possessionem

193 403 374 453 avitam,
415 417 543 458 quam
577 403 698 444 nobis
731 402 968 444 infidelium
1004 408 1244 444 nostrorum
1279 405 1460 445 rebellio
1495 406 1656 447 furiosa
1691 409 1977 462 pret-luserat.
2013 412 2194 452 viriliter
2228 413 2392 465 ingredi

193 471 458 521 nitebamur,
502 471 616 528 quod
658 472 846 513 iustumv
893 471 1137 513 crediderat
1182 473 1223 512 in
1269 472 1497 516 Romanis.
1544 476 1613 529 qui
1662 477 1770 530 patri
1808 478 1870 517 vel
1905 492 1985 518 avo
2020 494 2094 520 seu
2139 481 2390 534 parentibus

195 542 284 583 suis
316 542 358 583 in
391 542 509 583 nullo
542 556 719 598 prorsus
753 542 1012 583 exstiterant
1035 542 1227 596 obligati.
1295 542 1494 584 Adiecit‘¹
1529 550 1726 599 preterea
1751 547 1790 586 in
1824 548 1978 588 litteris
2003 549 2246 592 antedictis.
2279 550 2390 604 quod

191 609 244 652 de
276 611 459 666 negocio
483 610 743 652 Lombardie
778 611 818 652 in
852 611 992 666 ipsum
1025 611 1217 666 precissc
1254 611 1347 651 sine
1371 611 1612 654 adiectione
1636 616 1842 669 temporis
1866 624 1907 656 et
1934 617 2202 659 conditioner
2234 618 2391 673 aliqua.

190 678 307 720 nullo
339 679 431 720 iure
465 683 508 720 et
540 679 704 721 honore
743 679 909 734 imperii
942 683 1188 724 reservato,
1231 681 1583 735 compromittere
1618 681 1897 727 deberemus.
1940 699 2013 739 per
2045 686 2154 740 quod
2191 688 2279 727 vel‘·
2314 702 2390 727 nos

189 747 231 788 in
264 751 519 803 perpetuum
553 761 577 788 a
616 747 717 788 iuris
760 748 893 788 nostri
937 747 1166 789 cuiuslibet
1212 749 1539 803 prosecutione2
1572 751 1857 805 suspenderet
1892 755 1957 794 vel
2005 755 2068 795 ius
2103 763 2143 795 et
2186 756 2389 797 honorem

190 816 360 872 imperii
401 816 536 858 libere
577 817 823 858 suffocaret.
945 816 1040 870 (11)
1082 816 1207 863 Quod
1240 831 1334 857 cum
1378 818 1502 858 nobis
1537 832 1616 859 nee
1660 825 1902 861 nostrorum
1937 823 2118 863 consilia
2153 825 2387 880 principum

193 898 273 926 nec
305 885 610 940 preteritorum
643 884 968 941 dispendiorum
1003 886 1211 926 memoria
1243 885 1491 932 suaderent,
1526 887 1578 927 ad
1612 892 1729 928 artes
1764 889 1870 930 alins
1903 891 2175 945 postmodum
2210 909 2255 931 se
2290 909 2386 934 von-

186 953 338 1005 vertit,
372 954 548 996 mittens
581 954 706 995 nobis
739 953 942 995 obvium¹¹
977 954 1018 994 in
1052 954 1324 995 vestimentis
1357 954 1499 996 albisv
1534 956 1678 1011 lupum
1715 972 1937 1013 rapacem,
1972 961 2217 1015 episi-opimi
2256 962 2388 1002 l'ene-

187 1022 456 1063 strinumw·¹.
518 1021 602 1065 Per
634 1037 781 1078 quem,
822 1022 937 1079 apud
970 1037 1047 1064 nos
1087 1023 1243 1064 litteris
1276 1025 1526 1079 apostolicis
1559 1025 1612 1066 de
1648 1027 1734 1066 vita
1767 1029 2041 1070 sanctissima
2074 1030 2390 1072 comendatum.

186 1091 458 1134 Placenciam
491 1092 615 1134 nobis
649 1092 867 1134 subditam
900 1096 943 1134 et
975 1093 1132 1133 nostris
1165 1093 1350 1134 amicam
1384 1093 1436 1134 ad
1468 1094 1666 1136 factionis
1692 1096 2031 1139 Mediolanensis
2055 1100 2243 1154 periuria
2268 1115 2388 1141 revo-

188 1161 381 1211 cavit⁸23
422 1176 499 1217 per
530 1162 700 1217 ipsumy
731 1161 910 1202 firmiter
941 1161 1220 1212 exstimansz,
1254 1163 1314 1203 sic
1347 1163 1654 1205 universaliter
1687 1169 1729 1206 et
1762 1166 1801 1206 in
1836 1171 1997 1208 totum¹¹
2034 1168 2184 1209 fideles
2219 1174 2388 1210 nostros

192 1233 409 1282 evertere,
442 1234 490 1271 ut
519 1244 751 1286 processus
783 1234 954 1271 nostros
986 1230 1028 1270 in
1061 1229 1216 1271 Italiab
1249 1231 1424 1286 penitus
1457 1237 1698 1275 enervaret.
1817 1234 1912 1290 (12)
1947 1236 2042 1282 Qua
2076 1251 2172 1292 spe,
2207 1238 2390 1279 facient(-

186 1297 354 1340 divinac
386 1298 624 1355 potentiad,
656 1313 739 1354 que
773 1313 897 1340 suum
921 1302 1068 1340 tuetur
1091 1299 1331 1355 imperium,
1366 1301 1540 1341 omnino
1564 1302 1811 1353 frustratus,
1845 1305 2130 1347 clamantibus
2155 1307 2267 1362 apud
2293 1322 2388 1349 eum

185 1369 411 1411 rebellium
444 1373 685 1411 nostrorum
718 1369 969 1421 incendiis0‚
1003 1368 1419 1425 depopulationibus
1452 1371 1620 1412 rerums
1650 1376 1692 1413 et
1726 1374 1943 1427 stragibus
1969 1375 2245 1426 occissorum,
2280 1384 2390 1431 que*³

183 1439 323 1494 ipsum
355 1437 407 1480 de
440 1438 541 1480 data
573 1439 636 1480 eis
669 1438 921 1480 rebellionis
955 1451 1109 1479 secura
1151 1437 1307 1480 fiducia
1339 1453 1507 1480 necnon
1541 1439 1593 1481 de
1629 1439 1711 1482 fide
1745 1443 1943 1493 mentita,
1985 1443 2097 1498 quod
2131 1449 2278 1485 eontra
2311 1460 2388 1486 nos

185 1510 229 1548 et
259 1507 488 1563 imperium
528 1508 634 1563 ipsis
667 1508 872 1549 assistere
912 1507 1202 1563 promisisset,
1247 1508 1432 1563 publicis
1466 1508 1644 1550 vocibus
1685 1511 1949 1564 arguebant,
1995 1513 2095 1567 quia
2128 1513 2247 1554 iuxta
2280 1515 2387 1569 peti-

186 1575 355 1618 cionem
390 1577 580 1631 ipsorum
622 1577 871 1618 occassione
912 1576 1110 1632 predicta
1143 1577 1520 1619 excommunicare
1555 1578 1664 1619 nos¹¹
1697 1579 1827 1620 iustei
1861 1595 1944 1621 non
1977 1585 2164 1635 poterat.
2208 1583 2386 1638 impedi-

182 1649 330 1687 menta
362 1645 630 1687 clandestina
660 1646 816 1687 nostris
855 1645 1129 1701 processibus
1171 1645 1362 1700 undique
1404 1647 1674 1701 preparavit,
1719 1648 1885 1690 litteras
1919 1654 1960 1690 et
2001 1651 2168 1704 legatos
2201 1666 2276 1706 per
2308 1652 2385 1692 im-

181 1714 349 1770 perium
372 1718 416 1757 et
437 1714 599 1770 ubique
623 1729 700 1771 per
723 1715 886 1767 orbem,
919 1719 966 1755 ut
989 1728 1270 1770 quoscunque
1294 1719 1446 1770 posset
1468 1730 1493 1756 a
1515 1715 1597 1757 fide
1621 1720 1665 1758 et
1688 1717 1949 1760 affectionek
1974 1724 2123 1761 nostra
2146 1720 2388 1766 seduceret.

182 1783 451 1826 destinando.
570 1783 666 1841 (13)
711 1784 805 1832 Que
854 1785 998 1825 omnia
1044 1798 1140 1826 cum
1188 1788 1433 1826 nostrorum
1481 1784 1672 1826 fidelium
1717 1786 1822 1827 fides
1865 1792 1907 1829 ct
1948 1789 2182 1830 amicorum
2215 1790 2388 1831 affectio

184 1854 493 1896 conscientiam
539 1857 732 1895 nostram
775 1854 909 1894 latere
953 1867 1038 1895 non
1077 1855 1263 1903 vellent,
1307 1854 1507 1896 nolentes
1550 1855 1692 1897 adhuc
1725 1856 1859 1897 vinci¹
1892 1872 1917 1898 a
1950 1858 2062 1899 malo
2096 1858 2169 1899 sed
2204 1859 2243 1899 in
2278 1859 2387 1900 bono

182 1923 343 1964 malum
375 1924 547 1965 vincere
580 1923 821 1978 cupientes.
857 1923 1104 1979 solempnes
1137 1924 1318 1964 nuncios
1352 1927 1520 1965 nostros
1553 1923 1633 1965 ΒΡ]
1657 1925 1984 1967 venerabilem¹¹
2006 1927 2387 1969 Panormitanum⁰

180 1992 568 2048 archiepiscopum,
602 1991 928 2034 Florentinum3
961 1996 1004 2034 et
1027 1992 1275 2047 Reginum*
1309 1993 1548 2048 episcopos,
1581 1995 1836 2049 magistrum
1865 1995 1935 2037 ΤΡ
1959 1996 2012 2037 de
2037 1997 2200 2038 Suessa
2234 2012 2386 2051 magne

179 2065 327 2102 nostre
372 2062 516 2103 curieq
560 2061 745 2103 iudicem
789 2066 833 2103 et
874 2061 1129 2116 magistrum
1173 2061 1243 2103 R.r
1275 2061 1618 2103 PorcastrelamS
1658 2064 1934 2118 capelanum,
1977 2064 2193 2107 dillectost
2236 2066 2386 2108 fideles

181 2134 368 2181 nostros,
410 2130 464 2171 ad
497 2130 646 2172 sedem
679 2130 961 2186 apostolicam
994 2130 1195 2172 duximus
1227 2130 1510 2172 destinandos
1528 2133 1556 2172 5.
1619 2132 1787 2179 Quibus
1820 2157 1874 2162 —
1907 2134 2054 2176 oblata
2087 2135 2165 2176 sibi
2201 2150 2279 2191 per
2311 2150 2386 2177 eos

181 2212 238 2240 ex
270 2203 393 2255 parte
426 2203 575 2241 nostra
605 2199 870 2242 devocioneu
903 2198 1154 2241 omnimoda
1186 2204 1230 2241 et
1262 2200 1450 2241 unionev
1482 2203 1671 2242 tractata
1694 2206 1843 2243 contra
1866 2203 2102 2245 hereticam
2128 2205 2385 2259 pravitatem

182 2282 260 2324 pro
293 2268 591 2310 ecclesiastica
622 2269 838 2319 libertate,
872 2268 925 2311 de
957 2268 1244 2310 reformandis
1279 2268 1466 2310 ecclesie
1500 2274 1544 2311 et
1577 2271 1747 2326 imperii
1781 2271 1961 2323 iuribus,
1996 2272 2154 2313 dudum
2180 2273 2384 2314 internos

180 2341 224 2379 et
256 2338 485 2380 ecclesiam
525 2339 755 2394 expetitaw
789 2363 840 2368 --
872 2352 1064 2380 summus
1106 2338 1302 2394 pontifex
1343 2337 1396 2379 de
1439 2340 1713 2393 presencium
1752 2341 1932 2382 fratrum
1979 2355 2151 2382 suorum
2195 2343 2383 2384 consilio.

178 2407 397 2462 legatione
431 2411 578 2449 nostra
608 2408 651 2448 in
683 2408 884 2450 omnibus
917 2408 1006 2450 suis
1041 2407 1275 2463 capitulisX
1307 2412 1573 2464 acceptatay,
1614 2423 1693 2464 per
1725 2410 1903 2452 eosdem
1937 2415 1980 2451 et
2012 2411 2381 2467 arehiepiscopum

178 2476 484 2518 Mesanensem
497 2478 527 2529 θ,
559 2491 687 2532 quem
719 2477 772 2519 ad
805 2491 885 2518 nos
917 2491 993 2532 pro
1026 2481 1173 2533 partez
1205 2491 1283 2518 sua
1314 2478 1519 2518 nuncium
1553 2477 1799 2530 destinavit,
1835 2480 2085 2520 excelencie
2118 2485 2260 2522 nostre
2286 2495 2381 2536 pro-

179 2545 308 2597 misit,
342 2545 456 2601 quod
489 2547 651 2588 cessari
683 2546 937 2588 mandaret³
967 2546 1127 2602 ubique
1160 2547 1352 2587 locorum
1376 2546 1429 2587 ab
1460 2546 1780 2602 impedimentis
1805 2548 2016 2598 omnibus,
2051 2563 2132 2603 que
2156 2564 2200 2590 se
2225 2551 2381 2591 nostris

179 2615 456 2671 processibus
500 2615 711 2657 obiecisse
753 2629 896 2657 coram
938 2615 1140 2656 fratribus
1184 2616 1271 2656 suis
1305 2619 1348 2657 et
1380 2616 1547 2657 nunciis
1581 2616 1741 2657 nostris
1774 2616 1856 2657 fuit
1887 2617 2115 2659 manifeste
2148 2618 2381 2669 confessus,

177 2687 304 2739 prout
336 2683 414 2726 hec
437 2685 581 2726 omnia
602 2699 681 2740 per
701 2685 1016 2727 testimoniales
1041 2684 1284 2726 antistitum
1314 2684 1580 2739 prefatorum
1602 2685 1823 2726 omniumb
1856 2686 2002 2727 literas
2026 2687 2379 2729 manifestissime

179 2753 524 2809 comprobantur.
645 2753 740 2810 (14)
774 2753 883 2795 Cum
915 2768 1001 2810 qua
1032 2754 1341 2809 responssione
1375 2754 1542 2801 nunciis
1575 2755 1735 2795 nostris
1769 2758 1838 2796 ctc
1871 2770 1948 2796 suo
1981 2755 2035 2796 ad
2068 2760 2258 2796 nostram
2282 2771 2378 2811 pre—

178 2822 367 2863 senciam
400 2822 694 2875 redeuntibus,
726 2824 974 2879 priusquam
1007 2837 1083 2878 per
1115 2827 1204 2864 tres
1238 2807 1375 2864 dietas
1409 2837 1434 2863 a
1465 2823 1582 2864 curia
1615 2823 1912 2869 recessissent,
1947 2824 2008 2864 eis
2033 2825 2205 2864 omnino
2229 2825 2378 2865 celatis

317 2935 404 2972 215.
436 2937 467 2978 ⁰)
494 2943 546 2971 est
564 2938 591 2971 1.
689 2938 721 2981 p)
747 2939 897 2981 sequitur
922 2939 960 2972 in
978 2938 994 2971 1
1021 2950 1085 2972 voae
1110 2944 1147 2970 ut
1170 2939 1304 2972 videtur
1329 2939 1559 2971 desideratum
1583 2939 1653 2971 iam
1680 2938 1799 2971 deleta.
1895 2940 1927 2979 ἰ)
1954 2939 2099 2971 Adiectit
2120 2939 2145 2971 l.
2225 2940 2252 2982 r)
2279 2952 2379 2984 cong-

180 2994 306 3028 dit-ione
334 2994 370 3034 13
395 2995 620 3029 conductione
645 2995 678 3030 ⁴2.
795 2996 823 3039 8)
848 3008 907 3040 per
932 2995 961 3028 1.
1080 2996 1106 3037 t)
1132 3008 1222 3039 pros.
1249 2996 1370 3029 cuiusl.
1396 2994 1427 3028 3.
1565 2996 1599 3037 u)
1626 2997 1740 3028 ovium
1768 2995 1796 3029 1.
1824 2995 1855 3028 4.
1974 2996 2006 3036 V)
2032 3009 2120 3029 corr.
2146 2997 2181 3029 in
2207 2998 2322 3029 ovium
2346 2996 2376 3030 3.

175 3052 216 3094 W)
248 3053 486 3086 Prenestinum
510 3052 548 3092 23
585 3055 843 3087 Penestrensem
869 3053 899 3087 3.
1042 3051 1076 3097 x)
1113 3065 1183 3087 rev.
1209 3065 1276 3097 per.
1304 3053 1335 3086 3.
1475 3053 1507 3093 y)
1539 3065 1617 3086 eum
1642 3053 1674 3086 3.
1817 3053 1847 3094 z)
1885 3054 2054 3086 extimans
2082 3054 2118 3092 23
2159 3055 2319 3086 estimans
2345 3054 2376 3087 3.

176 3107 209 3152 a)
234 3114 369 3143 tantum
394 3109 425 3143 3.
520 3109 552 3152 b)
578 3112 728 3144 Ytaliam
753 3110 785 3144 3.
881 3111 911 3153 θ)
935 3111 1084 3153 sequitur
1109 3111 1143 3143 ἱη
1165 3110 1181 3143 1
1207 3111 1395 3143 clemencia
1419 3111 1488 3143 ἱαηι
1505 3110 1649 3143 deletum
1657 3121 1667 3148 ‚·
1692 3110 1876 3142 clemencia
1903 3116 2005 3152 atque
2025 3110 2105 3142 add.
2126 3110 2157 3143 5.
2254 3110 2287 3152 d)
2314 3112 2378 3144 ‹zle-

176 3168 309 3200 meneia
332 3166 364 3200 3.
482 3167 512 3211 θ)
538 3169 680 3202 iucediis
707 3168 736 3201 1.
854 3167 884 3211 f)
912 3180 1045 3202 reorum
1070 3168 1102 3201 2.
1221 3167 1254 3210 g)
1280 3169 1371 3210 quod
1396 3166 1428 3200 2.
1548 3166 1580 3207 ¹¹)
1607 3179 1668 3200 nos
1694 3178 1766 3199 exc.
1793 3167 1825 3199 3.
1920 3166 1943 3209 ἰ)
1970 3168 2063 3200 iuxte
2092 3166 2119 3200 l.
2214 3167 2248 3211 k)
2273 3180 2379 3202 asser-

177 3225 273 3258 cione
297 3223 329 3258 3.
444 3224 471 3267 1)
495 3222 565 3259 vici
592 3225 621 3258 l.
763 3225 806 3269 m)
834 3227 924 3260 deest
948 3225 988 3268 33
1027 3226 1213 3259 Berardum
1239 3225 1270 3258 5.
1385 3228 1419 3267 ¹1)
1446 3225 1658 3258 venerabiles
1683 3224 1714 3256 3.
1836 3224 1866 3265 0)
1895 3222 1967 3257 l’afi
1994 3223 2028 3264 1;
2057 3227 2314 3259 Panomitanum
2340 3226 2377 3265 2;

176 3283 516 3316 Panormitanensem
541 3282 573 3316 3.
712 3283 746 3327 1³)
780 3285 934 3318 Tadeum
959 3284 996 3322 53
1035 3283 1208 3316 Taddeum
1234 3295 1274 3315 ea:
1298 3295 1388 3316 corr.
1414 3281 1446 3315 3.
1589 3281 1622 3322 (1)
1657 3282 1751 3314 curie
1776 3286 1889 3313 nostre
1913 3281 1945 3314 ⁶2.
2085 3283 2113 3323 r)
2140 3284 2320 3326 Rogerium
2347 3285 2378 3317 5.

177 3338 205 3382 Β)
230 3340 475 3373 Porcastellam
492 3339 534 3382 3;
559 3341 818 3374 Poreastrellam
836 3340 874 3380 4;
900 3342 1148 3375 Poreastellum
1165 3341 1202 3379 ὃς
1229 3341 1320 3373 deest
1336 3338 1358 3372 2
1383 3340 1510 3372 lacuna
1527 3339 1657 3371 relicta.
1754 3338 1780 3379 t)
1808 3350 1848 3370 ae
1867 3338 1948 3371 add.
1966 3337 1997 3370 3.
2078 3339 2111 3382 ¹¹)
2137 3341 2177 3373 de
2195 3342 2329 3374 actione
2345 3340 2376 3373 2.

175 3395 208 3439 v)
235 3397 366 3430 ratione
389 3396 421 3430 3.
539 3398 580 3439 W)
606 3400 764 3442 expetitis
789 3404 823 3432 et
847 3400 1034 3443 expectatis
1059 3397 1090 3432 3.
1201 3397 1235 3441 x)
1261 3409 1335 3441 cap.
1361 3398 1432 3430 suis
1457 3395 1488 3428 2.
1585 3395 1618 3437 y)
1644 3401 1784 3439 accepta
1808 3395 1839 3427 2.
1941 3396 1969 3437 z)
1996 3407 2078 3438 pace
2103 3396 2134 3429 3.
2229 3397 2262 3440 a)
2288 3400 2377 3441 quod

176 3455 287 3487 cesari
311 3455 514 3489 mandarent
537 3454 569 3488 5.
685 3455 720 3499 b)
747 3469 776 3491 o.
802 3469 851 3500 pr.
877 3456 909 3490 3.
1026 3456 1057 3497 e)
1084 3468 1126 3489 ex
1152 3456 1181 3488 1.

328 3557 359 3599 1)
397 3557 577 3592 Iacobum.
715 3559 749 3597 2)
788 3558 879 3593 Fere
909 3570 952 3593 m.
980 3558 1090 3598 Delio,-
1130 3558 1176 3599 cf.
1209 3557 1291 3601 Ray.
1325 3556 1406 3599 imp.
1438 3555 1477 3598 V,
1503 3560 1587 3589 2194
1627 3558 1658 3588 et
1704 3555 1886 3597 epistolam
1930 3555 2093 3599 Greyorii
2135 3555 2228 3599 Any.
2255 3562 2296 3589 19
2326 3555 2375 3589 ed.

177 3611 378 3658 Rodenbergy
401 3614 431 3657 I,
449 3625 505 3650 nr.
520 3619 595 3650 699.
689 3617 726 3660 3)
752 3615 965 3660 Ardinynm.
1059 3616 1096 3658 4)
1124 3615 1320 3649 Nicolamn.
1415 3614 1449 3656 5)
1477 3613 1520 3646 A.
1540 3616 1625 3646 1238
1646 3623 1760 3646 mense
1776 3612 1889 3652 filio,-
1913 3612 1958 3654 cf.
1981 3612 2068 3655 Res).
2092 3613 2172 3656 imp.
2199 3612 2236 3655 V,
2250 3616 2374 3646 2374a.

174 3669 210 3716 6)
236 3669 418 3707 Lamiam.
