2558 3970
675 165 913 199 FRIDERICI
946 166 986 199 ll.
1014 166 1443 201 coNs'rl'rU'rloNsss.
1497 169 1593 202 1250.
1647 168 1707 202 Nr.
1727 168 1804 202 274.
2265 172 2346 211 383

139 278 327 329 repetivit
363 278 572 320 Iohannes
611 281 793 321 (J'ravier
832 279 1008 332 Neapoli
1048 285 1223 321 a.170'.‘¹
1265 283 1304 321 in
1345 282 1573 323 collectione
1606 283 1812 324 uaesana
1855 284 1898 323 ‹li
1935 284 2030 324 tutti
2071 285 2084 323 i
2121 285 2192 334 piu
2233 285 2344 324 rino-

140 346 243 387 mati
277 347 459 388 scrittori
495 347 588 389 dell’
620 349 768 389 istoria
799 349 864 390 del
894 362 1018 401 reqno
1057 350 1102 390 di
1141 350 1305 402 Napoli’
1350 354 1439 391 tom.
1467 352 1530 396 II.
1559 355 1718 404 p.-101.
1787 353 2093 404 (f'apeeelatrus,
2135 353 2208 404 qui
2239 353 2344 393 vixit

139 415 300 456 saeculo
324 415 370 456 X
381 415 479 459 VII.
511 416 717 461 ineunte1.
756 417 1007 471 deprompsit
1038 421 1338 459 transsumtum
1372 420 1482 459 istud
1519 420 1582 460 ‘da
1618 434 1702 460 una
1735 421 1918 473 oriyinal
1953 421 2160 464 (ronam.
2198 421 2345 461 scritta

139 483 192 524 da
231 483 508 525 antichissimi
550 486 690 538 tempi,
730 486 838 537 ‹le-ali
879 487 1154 527 avvcnimenti
1191 486 1283 528 dell'
1331 488 1564 539 imperculor
1596 489 1791 529 I¹'edcri‹¹o
1830 505 1848 526 ι»
1888 489 1931 528 di
1974 490 2116 529 alcuni
2147 489 2250 529 altri
2279 489 2345 529 dei

87 571 101 595 5
139 553 323 606 sequenti
354 566 412 602 re,
455 552 523 593 che
552 557 778 604 perconcito
808 554 880 594 dai
911 555 1045 594 nostri
1074 557 1322 595 antecessori
1354 556 1390 594 si
1421 569 1614 597 conserva
1650 558 1693 596 in
1725 560 1864 597 nostro
1893 558 2054 609 polt‘l'v'.
2120 558 2345 597 (r'iannonc

137 621 327 674 quamvis
370 622 452 662 ista
493 620 749 673 Capecelatri
789 623 911 663 verba
958 623 1105 675 alleqet
1156 623 1321 675 ideoque
1373 625 1697 675 ›nimuseriptum
1745 625 1871 665 leuius
1919 626 2098 665 auctoris
2141 640 2241 677 opus
2283 626 2344 665 in-

138 690 318 742 speoeisse
372 690 572 740 videatur,
622 691 790 732 minime
836 695 972 732 tam-en
1023 692 1076 732 ab
1119 693 1208 743 ipso
1253 692 1422 744 pendet,
1468 693 1675 734 lectionem
1724 694 1862 745 potius
1906 694 2072 745 praebet
2120 695 2341 735 maximam

131 760 297 810 partem
338 758 544 800 meliorem
583 762 622 799 et
652 759 778 801 codici
808 763 842 809 1,
883 761 943 801 vel
983 761 1027 800 in
1074 761 1237 802 lacunis
1267 774 1316 801 ae
1348 761 1523 810 mendis,
1564 763 1696 814 mayis
1727 763 1910 814 affinem.
1977 763 2257 814 (junqi-nentia
2287 766 2343 802 est

137 840 205 877 ca,
243 829 289 868 ut
323 827 514 877 codicem,
554 843 672 880 quem
709 830 887 870 (¹.1·cussit
922 830 1163 877 (r'iannonc‚
1208 833 1244 869 et
1282 830 1453 871 codicem
1488 833 1511 869 1
1550 845 1601 870 es
1638 830 1770 871 eodem
1804 832 1922 885 fonte
1953 830 2140 871 hausisse
2171 831 2341 872 ‹lia-eris.

74 912 105 937 ιο
140 895 326 937 Econtra
361 897 652 950 Capccclatrus
682 896 839 938 duobus
870 897 968 938 locis
1000 900 1153 938 temtum
1186 899 1363 949 pessime
1395 898 1652 950 ‹let-arluini&
1691 913 1787 940 nam
1821 900 1882 939 bis
1913 899 2020 950 (cap.
2051 901 2098 937 19
2129 901 2164 939 et
2196 902 2345 950 'sicario

139 965 302 1006 testium
332 966 435 1015 loco)
467 965 720 1018 imperialem
749 965 1036 1007 marescallum
1061 965 1315 1007 ‘Iordanum'
1339 968 1533 1019 appellat,
1566 969 1638 1020 qui
1660 982 1742 1008 non
1764 969 1894 1008 solum
1920 969 1961 1008 iu
1991 971 2022 1009 1.
2046 973 2110 1008 :ta
2132 967 2201 1007 ¹<cd
2221 968 2343 1007 etiam

142 1034 185 1075 in
215 1037 255 1077 3.
283 1037 322 1075 4.
355 1038 391 1075 6.
422 1038 448 1074 7
485 1033 660 1075 ‘Petrus'
701 1034 833 1076 audit.
896 1034 983 1076 Suo
1012 1034 1188 1075 arbitrio
1219 1036 1346 1087 eyisse
1388 1035 1717 1087 Capecclatrum,
1756 1049 2002 1088 persuasum
2033 1035 2166 1076 habeo.
2234 1035 2340 1074 Nam

134 1116 177 1155 p.
199 1104 286 1144 322
312 1105 435 1156 (400)
471 1102 664 1144 describit
694 1103 845 1144 librum
876 1103 1224 1157 manuscriptum,
1264 1104 1330 1144 eui
1363 1104 1509 1144 titulus
1540 1103 1671 1146 Liber
1705 1105 2042 1146 marescalchiae
2078 1104 2340 1144 maristallae

140 1171 297 1214 domini
336 1171 541 1213 Friderici
586 1172 860 1228 imperatoris
900 1173 1185 1228 compositum
1227 1188 1251 1213 a
1283 1172 1455 1214 domino
1491 1172 1678 1215 [ordano
1712 1174 1839 1215 Ruffo
1873 1174 1925 1215 de
1960 1174 2161 1214 Calabria
2195 1173 2342 1214 milite.

74 1259 105 1284 ιε,
139 1240 320 1282 Minime
351 1243 488 1281 tamen
518 1241 564 1280 in
598 1241 660 1290 iis,
693 1254 798 1292 quae
825 1239 1118 1291 Capecelatrus
1149 1254 1200 1280 ec
1233 1241 1308 1281 isto
1332 1240 1463 1282 codice
1483 1242 1618 1292 affert,
1653 1242 1865 1283 Iordanus
1888 1243 2080 1295 maflister
2112 1242 2344 1293 imperialis

138 1309 401 1351 marestallae
430 1309 561 1350 audit.
627 1310 714 1362 Quo
744 1322 912 1349 munere
935 1308 1106 1349 Petrum
1137 1308 1185 1349 de
1217 1309 1416 1350 Calabria
1446 1310 1586 1364 potius
1612 1310 1810 1365 functum
1841 1324 1936 1360 esse,
1968 1314 2106 1352 cartae
2137 1324 2344 1351 (minorum

139 1378 452 1420 1244--12502
484 1381 702 1421 testantur.
735 1403 791 1408 ———
823 1378 966 1419 Editio
998 1379 1246 1419 transsumti
1276 1392 1366 1419 cum
1399 1381 1648 1429 testamento,
1680 1394 1803 1432 quam
1829 1380 2004 1432 paravit
2026 1378 2217 1420 Paesano
2239 1377 2342 1418 ‘stle-

136 1449 262 1490 morie
295 1461 373 1502 per
412 1448 565 1489 servire
600 1447 689 1489 alla
725 1448 856 1488 storia
896 1446 1005 1488 della
1044 1446 1180 1488 chiesa
1222 1446 1508 1489 Salernitana*
1550 1449 1750 1500 (Salei-no
1784 1450 1912 1496 1852)
1953 1449 2013 1497 II,
2043 1450 2138 1497 361,
2177 1449 2220 1486 u!
2259 1447 2344 1500 ipse

141 1517 262 1568 dixit,
293 1532 313 1558 c
345 1516 450 1558 libro
476 1517 733 1569 Capecelatri
763 1516 993 1566 emanavit;
1023 1519 1066 1556 at
1098 1516 1302 1556 multoties
1333 1515 1464 1557 editor
1485 1517 1693 1559 lectionem
1719 1517 1960 1559 Giannonis
1982 1516 2150 1558 induxit
2172 1518 2344 1556 tesi-tum-

72 1603 105 1629 κο
139 1599 214 1640 que
246 1586 373 1640 iyitur
395 1586 572 1638 pessime
602 1585 779 1627 mixtum
810 1585 992 1637 confecit.

281 1661 325 1716 3)
358 1659 503 1702 Editio
533 1660 771 1701 Annalium
804 1659 1148 1701 Placentinorum
1184 1659 1504 1711 Gibellinorum,
1537 1675 1659 1713 quam
1691 1675 1710 1702 e
1741 1661 1872 1702 codiee
1903 1660 2074 1702 Musaei
2096 1659 2344 1700 Britannici

140 1730 376 1772 Harleiano
396 1730 510 1770 3678
540 1743 641 1771 saec.
663 1729 800 1771 XIII.
824 1742 886 1772 ex.
910 1729 1088 1781 paravit
1109 1727 1234 1769 Perte
1255 1728 1332 1771 SS.
1355 1729 1532 1780 XVIII,
1562 1744 1604 1782 p.
1627 1732 1733 1783 502,-
1767 1731 1812 1784 4)
1834 1729 1958 1771 editio
1983 1728 2177 1770 Chronici
2199 1727 2342 1768 Fran-

139 1799 235 1841 cisci
265 1797 415 1850 Pipini
446 1812 473 1839 a
503 1797 746 1840 Muratorio
781 1800 935 1850 parata
969 1797 1210 1851 ‘Scriptores
1241 1811 1381 1838 rerum
1415 1798 1678 1840 Italicarum'
1711 1799 1795 1848 IX,
1824 1813 1864 1850 p.
1890 1800 1972 1838 661
2005 1796 2150 1848 (Pei-te
2183 1809 2248 1835 nr.
2273 1798 2342 1848 6),-

141 1869 183 1921 5)
215 1866 338 1909 codex
360 1866 621 1909 bibliothecae
651 1866 877 1908 Vaticanae
900 1868 1012 1907 6206
1043 1880 1146 1908 saec.
1174 1866 1274 1909 XV.
1298 1881 1361 1909 ex.
1389 1866 1468 1921 fol.
1491 1864 1612 1917 268',
1645 1869 1717 1909 ubi
1747 1869 1948 1909 insertum
1979 1869 2037 1907 est
2060 1867 2343 1906 testamentum

71 1957 102 1984 25
143 1936 343 1980 Chronico
383 1937 554 1979 Siciliae
593 1937 811 1989 anonyma,
852 1936 924 1988 qui
956 1935 1127 1985 dicitur,
1170 1935 1380 1986 Vaticani,
1413 1936 1522 1989 quod
1551 1937 1698 1988 incipit
1730 1936 1837 1977 Post
1868 1935 2060 1977 inclitum
2095 1934 2341 1975 Menelaum

139 2020 308 2061 regem:
345 2019 396 2046 ex
427 2004 498 2046 hoc
528 2004 659 2046 codiee
691 2007 977 2046 testamentum
1015 2005 1144 2046 edidit
1173 2004 1435 2047 Wiircltwein
1467 2005 1599 2046 ‘Nova
1631 2005 1819 2046 subsidia
1851 2004 2129 2056 diplomatica'
2161 2002 2243 2052 XI,
2265 2003 2344 2055 25,-

140 2075 312 2118 codicem
342 2074 516 2116 contulit
546 2074 612 2114 vir
643 2074 689 2116 cl.
715 2073 1060 2127 Holder-Eyyer;
1098 2074 1318 2115 chronicon
1350 2087 1442 2115 eum
1474 2077 1713 2115 testamento
1739 2077 1959 2126 praeterea
1989 2072 2117 2113 edidit
2149 2071 2346 2112 Illartene

141 2143 395 2186 ‘Thesaurus
415 2142 717 2185 anecdotorum’
751 2143 843 2193 III,
867 2145 921 2183 13
942 2163 994 2177 =
1018 2142 1237 2183 Muratori
1267 2142 1321 2192 X,
1345 2143 1430 2183 818
1463 2141 1608 2196 (Perte
1636 2155 1702 2183 nr.
1726 2145 1753 2182 3
1786 2163 1836 2176 =
1868 2140 2140 2188 Witrdtweiiu
2172 2141 2208 2179 et
2230 2152 2295 2179 nr.
2322 2139 2345 2177 5

140 2234 191 2248 ---
224 2212 463 2263 Martene),·
501 2211 546 2268 6)
579 2211 703 2254 codex
734 2211 1066 2253 Panormitanus
1093 2212 1302 2263 principis
1332 2211 1523 2253 Fitaliae
1553 2211 1790 2264 epistolaris
1829 2223 1932 2252 sace.
1957 2208 2084 2250 XIV.
2109 2209 2168 2250 in.
2195 2206 2270 2261 fol.
2293 2209 2347 2247 63

73 2301 106 2327 80
140 2296 200 2335 ep.
223 2282 288 2333 65,
327 2295 446 2334 quem
473 2282 638 2334 pariter
667 2294 716 2322 ac
746 2283 976 2334 sequentem
1008 2281 1094 2322 iam
1125 2281 1224 2322 olim
1264 2273 1444 2322 excussit
1475 2279 1599 2321 Pertz
1638 2280 1784 2333 (Perta
1813 2293 1878 2321 nr.
1906 2281 1971 2330 1),
2013 2278 2054 2329 7)
2087 2276 2210 2318 codex
2240 2276 2347 2316 alter

133 2351 345 2404 principis
383 2351 572 2392 Fitaliae
617 2350 958 2402 diplomatarium
1000 2349 1205 2391 recentius
1249 2349 1464 2390 continens
1502 2348 1579 2402 fol.
1608 2351 1692 2389 148
1733 2348 1878 2401 (Pei-te
1923 2360 1988 2387 nr.
2017 2348 2086 2396 2);
2133 2346 2175 2399 8)
2221 2344 2346 2385 editio

147 2419 304 2462 Octavii
338 2419 534 2463 Caietani
565 2419 748 2473 ‘Isayoye
780 2418 836 2461 ad
865 2418 1081 2460 historiam
1113 2431 1278 2459 sacram
1299 2417 1497 2459 Siculam'
1531 2417 1577 2457 in
1604 2417 1778 2459 Graevii
1802 2416 2017 2457 Thesauro
2047 2414 2346 2466 antiquitatum

143 2488 314 2530 Siciliae
344 2488 410 2536 II,
433 2490 516 2529 146
545 2487 693 2541 (Perta
721 2501 788 2529 nr.
811 2489 871 2538 8).

286 2562 461 2605 Praeter
491 2576 556 2604 nr.
580 2565 694 2603 4-8
727 2562 853 2604 Perte
883 2562 978 2615 (sub
1008 2575 1074 2603 nr.
1098 2564 1144 2609 4)
1176 2560 1368 2602 adhibuit
1390 2561 1514 2602 etiam
1537 2560 1709 2601 codicem
1732 2560 1899 2600 tertium
1923 2558 2137 2611 principis
2158 2555 2344 2598 Fitaliae

75 2651 107 2678 ³⁵
142 2645 244 2675 saec.
269 2632 394 2683 XVI,
425 2633 472 2674 in
498 2646 576 2686 quo
607 2635 891 2674 testamentarii
918 2632 995 2686 fol.
1017 2633 1072 2672 89
1106 2630 1308 2672 Chronico
1331 2629 1498 2671 Nicolai
1527 2629 1735 2680 Spezialis
1763 2628 2019 2681 adscriptum
2044 2627 2156 2681 fuit‚·
2187 2627 2231 2665 at
2255 2638 2345 2665 cum

143 2716 192 2744 ex
222 2716 265 2744 eo
295 2702 426 2744 editor
448 2715 612 2754 paucas
643 2702 759 2743 modo
791 2702 982 2742 lectiones
1014 2700 1188 2741 minoris
1210 2699 1343 2751 pretii
1375 2698 1647 2747 adnotaverit,
1681 2711 1771 2738 eum
1802 2697 1968 2737 omnino
1999 2694 2254 2736 rezssece'mus³.

282 2777 426 2819 Editio
465 2780 609 2819 nostra
639 2777 906 2829 potissimum
946 2776 1100 2816 nititur
1137 2788 1202 2815 nr.
1227 2777 1252 2814 1
1283 2776 1319 2815 et
1349 2775 1388 2823 2,
1429 2773 1502 2825 qui
1540 2771 1760 2813 admodum
1799 2772 1910 2812 inter
1947 2784 1988 2811 se
2032 2769 2278 2810 conveniunt
2309 2769 2344 2807 et

143 2847 305 2888 testium
335 2845 521 2887 ordinem
549 2846 779 2899 yenuinum
809 2847 1091 2886 servaverunt.
1158 2842 1421 2895 Comparatis
1459 2841 1646 2882 numeris
1680 2843 1703 2880 1
1735 2843 1770 2881 et
1801 2841 1840 2889 2,
1887 2840 2048 2880 testium
2082 2836 2267 2878 ordinem
2298 2836 2344 2875 in

145 2929 211 2958 nr.
233 2918 260 2957 3
289 2915 544 2957 decurtatum
577 2918 615 2956 et
635 2914 909 2966 depravatum
930 2926 1013 2955 esse
1034 2915 1221 2967 apparet.
1284 2911 1464 2952 Numeri
1484 2912 1599 2950 4--7
1630 2909 1798 2950 testibus
1828 2908 1994 2948 omnino
2016 2908 2168 2948 carent.
2219 2903 2298 2945 Nr.
2317 2904 2345 2943 8

78 2999 111 3025 4⁰
144 2997 236 3025 vero
264 2997 350 3025 non
380 2984 512 3026 solum
543 2986 662 3025 testes
693 2995 830 3024 omnes
860 2981 1006 3023 ordine
1029 2981 1274 3036 paullulum
1305 2981 1462 3020 mutato
1492 2981 1529 3019 et
1558 2977 1699 3019 addito
1730 2989 1812 3018 uno
1843 2976 2052 3027 (Iohanne
2083 2974 2130 3015 de
2163 2972 2344 3026 queast

144 3052 276 3104 affert,
307 3066 448 3095 verum
479 3053 603 3094 etiam
634 3054 730 3094 ante
761 3055 799 3093 et
823 3054 916 3104 post
947 3051 1109 3092 testium
1141 3049 1491 3091 enumerationem
1522 3047 1750 3088 sententias
1780 3045 2055 3086 intercalavit.
2117 3042 2169 3085 Ut
2194 3041 2345 3095 paucis

145 3121 296 3164 dicam:
335 3122 561 3163 sententiae
594 3122 696 3163 istae
726 3137 753 3163 a
778 3120 966 3176 falsario
995 3118 1173 3172 quodam
1203 3117 1371 3159 additae
1402 3130 1486 3158 esse
1518 3116 1618 3157 mihi
1649 3115 1852 3163 videntur,
1891 3113 2052 3155 testium
2081 3114 2217 3153 autem
2248 3109 2345 3151 ordo

146 3203 166 3231 6
192 3191 370 3244 yenuino
415 3190 560 3232 ordine
605 3189 811 3242 confectus
823 3190 850 3230 ⁵.
911 3188 1080 3230 Accedit
1125 3187 1235 3240 quod
1275 3188 1411 3227 textus
1450 3198 1516 3228 nr.
1540 3186 1567 3224 8
1603 3183 1774 3232 mendis,
1820 3181 2125 3222 variationibus
2158 3179 2341 3227 insulsis,

147 3259 432 3301 omissionibus
461 3262 597 3310 scatet,
628 3272 733 3312 quas
762 3258 961 3300 adnotari
990 3256 1248 3309 superfluum
1276 3267 1360 3296 esse
1391 3253 1600 3294 duximus.

81 3394 114 3421 4⁵
284 3391 318 3433 1)
343 3391 449 3425 Prior
467 3400 560 3435 pars
584 3390 697 3435 operis
721 3390 846 3434 (usque
871 3388 918 3423 ad
935 3398 967 3421 a.
987 3389 1086 3431 1198)
1111 3386 1185 3420 iam
1209 3397 1242 3420 a.
1262 3390 1347 3420 1640
1371 3383 1524 3426 Neapoli
1549 3383 1718 3426 impressa
1735 3383 1793 3415 est.
1836 3379 2041 3413 Editionem
2065 3389 2098 3412 a.
2114 3382 2206 3420 1724,
2231 3388 2255 3410 a
2272 3388 2345 3420 qua

153 3445 392 3482 Gravieriana
414 3449 456 3482 in
480 3448 645 3483 minutiis
667 3447 853 3491 discrepat,
877 3445 1022 3481 contulit
1047 3444 1218 3479 Schivalm
1244 3442 1392 3477 Romae.
1487 3440 1522 3482 2)
1553 3439 1606 3482 Cf.
1634 3438 1888 3473 Winkelmann
1913 3436 2016 3469 ‘Acta
2040 3434 2176 3478 imperii
2199 3433 2345 3467 inedita'

148 3502 181 3547 I,
204 3514 260 3539 Μ’.
276 3509 352 3541 379.
377 3510 574 3541 406-408,
599 3509 672 3541 413.
697 3509 772 3540 424.
910 3504 947 3546 3)
974 3500 1231 3537 Adnotandum
1255 3503 1371 3533 tamen
1395 3501 1461 3541 est,
1495 3497 1535 3530 in
1559 3496 1672 3531 codice
1696 3495 1763 3529 isto
1787 3494 1906 3527 nullos
1930 3492 1995 3536 leyi
2019 3494 2138 3534 testes,
2168 3491 2207 3524 in
2233 3491 2343 3534 eapite

147 3563 264 3596 autem
279 3566 300 3598 3
323 3563 532 3598 sententiam
556 3562 599 3597 de
616 3561 813 3605 Manfredo
837 3573 862 3595 a
885 3560 986 3596 nobis
1010 3559 1115 3594 uncis
1138 3558 1316 3592 inclusam
1341 3555 1474 3590 adesse.
1568 3554 1603 3598 4)
1632 3553 1704 3598 Qui
1719 3551 1823 3586 etiam
1838 3550 1880 3584 in
1901 3548 2013 3592 capite
2031 3553 2070 3583 19
2093 3548 2134 3581 in
2150 3558 2205 3582 nr.
2223 3552 2253 3582 5.
2274 3552 2301 3581 7.
2322 3551 2344 3581 8

149 3616 268 3653 obvius
292 3623 349 3655 est.
467 3621 502 3664 5)
531 3619 633 3664 Quod
658 3620 831 3655 locutione
857 3623 888 3654 et
914 3619 1095 3654 verborum
1118 3627 1188 3651 usu
1211 3614 1419 3650 accuratius
1444 3611 1608 3657 inspeetis
1640 3610 1785 3645 libenter
1808 3606 1982 3643 concedes.
2034 3605 2204 3667 Observes,
2236 3605 2342 3647 velim,

85 3672 119 3708 5⁰
152 3684 178 3708 e.
190 3685 222 3723 9.
246 3687 433 3712 numerum
463 3678 700 3727 sinyularem,
739 3688 808 3723 quo
832 3676 990 3722 loquitur
1014 3675 1216 3720 imperator,
1254 3671 1407 3708 ‘solitum
1437 3668 1618 3714 imperiale
1642 3671 1671 3702 et
1695 3666 1833 3712 regium
1856 3663 2028 3709 siqillum’,
2065 3672 2133 3706 quo
2156 3665 2344 3706 imperator
