2558 3970
180 181 259 217 404
629 173 845 208 HEINRICI
872 173 1009 207 REGIS
1035 170 1462 207 CONSTITUTIONES.
1515 170 1610 204 1‘2‘25.
1661 168 1820 204 N1·.288.
1845 169 1922 203 289.

179 291 331 329 ι’ἱωηπηι
366 291 469 328 recte
503 288 625 328 morit
657 288 722 327 ri)-
753 287 986 332 ‹²l.1*'i‹’k·‹²r‚
1019 299 1118 326 mma
1148 287 1331 338 omnivm
1363 286 1416 325 sit
1446 285 1543 325 Inter
1573 286 1701 330 carm,
1733 286 1915 323 attamen
1946 283 2033 334 ipse
2063 283 2367 331 animadvmdit,

182 359 260 398 iam
294 373 330 397 (ι.
361 358 478 397 1233.
512 369 590 407 quo
623 356 761 396 Sibora
792 356 1002 406 epis-opas
1033 355 1277 395 sententiam
1311 355 1428 393 istam
1463 353 1719 404 ‘’masio-mavit
1751 351 1890 403 (fllzm.
1920 351 2052 391 Boion
2072 352 2227 402 XXII,
2249 354 2366 404 208),

178 427 345 466 ‹wedcm
381 439 448 464 svn
481 425 653 464 similem
689 427 846 463 variam.
877 424 1093 465 ‹›.1·stitisse.
1145 422 1366 463 Fiet-erum
1389 422 1511 461 ctiam
1534 422 1578 460 in
1601 419 1847 472 diffiniendo
1870 422 2044 473 tcnzporc
2065 421 2191 460 secuti
2212 433 2365 461 santus.

180 519 230 524 —-
264 492 713 534 H«illard-Brelwlles
735 491 794 541 II.
814 493 911 533 632.
972 491 1166 539 ΒϋΙιυηῑν,
1195 490 1293 543 Rea.
1326 491 1424 544 imp.
1456 489 1648 539 123906.
1991 487 2060 540 (P.
2083 487 2223 540 deest.)

325 607 372 647 In
407 608 575 647 nomine
610 611 756 647 sancte
791 611 832 647 et
866 605 1082 646 individue
1115 605 1353 645 Trinitatis.
1415 604 1646 645 Heinricus
1677 602 1761 644 Dei
1795 603 1931 657 gratia
1964 602 2256 644 Romanorum
2290 618 2366 644 rex
2418 617 2432 640 5

179 684 220 716 et
266 691 434 730 semper
475 682 695 730 augustus.
816 675 1028 722 Quoniam
1068 688 1093 714 a
1132 687 1233 728 rege
1273 673 1352 713 celi
1392 673 1553 713 terreni
1590 672 1757 727 imperii
1790 685 1990 712 coronam
2031 685 2176 712 sumus
2209 672 2368 727 adepti,

179 745 374 784 meritum
409 745 544 785 eterni
576 745 695 797 regni
730 748 772 784 ct
803 743 1128 783 retributionem
1164 746 1371 797 perpetue
1406 742 1490 781 vite
1523 755 1600 781 nos
1633 744 1886 795 recepturos
1919 755 2161 795 speramus,
2203 741 2238 781 si
2272 756 2367 782 cum

179 820 394 868 potestate
429 828 508 868 qua
544 813 597 853 ab
632 814 723 867 ipso
758 813 912 853 ceteris
945 811 1199 851 mortalibus
1233 811 1469 851 eminemus
1504 809 1798 850 commoditati
1832 813 1874 850 ct
1907 810 2041 864 quieti
2071 810 2366 864 religiosorum

179 883 364 922 virorum
398 882 681 936 promptiores
715 882 962 921 extitemuS.
1026 879 1266 934 Eapropter
1297 882 1443 919 notum
1477 892 1571 918 esse
1605 878 1803 918 volumus
1837 878 2034 918 omnibus
2069 876 2227 919 Christi
2258 878 2365 920 fide-

179 952 289 991 libus
324 957 364 991 et
397 952 599 1005 precipue
634 951 752 1004 regni
776 948 1034 1004 primoribus
1058 953 1144 988 tam
1167 948 1321 988 futuris
1345 962 1470 1001 quam
1495 947 1785 1002 presentibus,
1820 946 1932 1000 quod
1955 946 2090 987 abbas
2114 947 2363 988 monasterii
2402 958 2434 982 10

181 1020 315 1059 sancti
344 1018 535 1059 l‘dalrioi
570 1020 610 1058 in
635 1020 835 1073 Augusta
867 1031 1009 1058 coram
1043 1016 1166 1057 nobis
1198 1030 1275 1071 per
1307 1020 1537 1071 patronum
1559 1015 1779 1070 querelam
1812 1016 2056 1070 proposuit:
2093 1030 2138 1057 se
2162 1020 2204 1057 et
2225 1016 2364 1058 locum

180 1103 302 1128 suum
338 1103 361 1128 a
393 1088 536 1128 multis
570 1087 759 1128 indebite
794 1087 961 1141 gravari
994 1085 1251 1141 postulando
1285 1085 1338 1125 ab
1373 1099 1424 1126 eo
1463 1085 1554 1126 iure
1593 1084 1750 1125 feodali
1783 1084 1956 1139 pellicia
1989 1087 2031 1125 et
2062 1085 2229 1126 calceos
2261 1085 2367 1140 hye-

180 1157 326 1197 males.
389 1155 512 1196 Unde
551 1170 628 1197 nos
669 1156 922 1196 auctoritate
957 1158 999 1195 et
1038 1158 1253 1208 potestate
1286 1154 1406 1208 regia
1448 1167 1576 1208 super
1607 1153 1683 1193 tali
1715 1152 1989 1207 impeticione
2022 1153 2237 1194 iusticiam
2269 1167 2367 1209 per-

179 1226 413 1279 quirentes,
447 1240 470 1265 a
504 1224 769 1280 principibus
801 1224 923 1277 regni
957 1228 999 1263 et
1028 1222 1245 1263 nobilibus
1279 1236 1328 1263 ac
1361 1221 1714 1262 ministerialibus
1748 1235 1890 1262 coram
1923 1221 2046 1262 nobis
2078 1222 2368 1263 assidentibus

180 1294 493 1334 sentenciatum
538 1293 634 1334 fuit:
681 1293 854 1348 pellicia
899 1297 941 1333 et
986 1292 1157 1332 calceos
1204 1296 1246 1332 et
1292 1291 1448 1332 similia
1492 1291 1792 1345 religiosorum
1832 1290 1944 1331 dona
1988 1304 2072 1331 non
2112 1304 2238 1346 posse
2280 1291 2366 1332 dici
2404 1304 2436 1329 15

179 1362 318 1404 feoda.
352 1377 430 1403 nec
465 1367 664 1403 constare
697 1362 898 1402 abbatem
929 1375 980 1402 ea
1011 1361 1155 1415 aliquo
1188 1361 1279 1401 iure
1303 1360 1501 1414 cuiquam
1532 1359 1794 1414 persolvere,
1826 1359 1909 1399 nisi
1932 1359 1985 1399 ad
2017 1360 2223 1415 placitum
2247 1374 2370 1402 suum

179 1439 250 1471 aut
284 1431 575 1471 benivolentia
616 1431 796 1471 alicuius
829 1430 883 1470 ad
924 1430 1004 1470 hoc
1036 1428 1251 1470 inductus
1312 1429 1533 1484 Imperiali
1574 1442 1729 1483 nempe
1763 1429 1993 1469 clementia
2024 1429 2220 1484 vestigiis
2249 1431 2369 1483 geni-

181 1508 320 1539 torum
363 1504 605 1539 nostrorum
650 1499 899 1540 inherentes
944 1497 1169 1538 cenobium
1208 1497 1324 1538 beati
1357 1497 1551 1538 Udalrici
1593 1501 1636 1538 et
1675 1496 1832 1538 fratres
1876 1497 1962 1537 illic
1993 1496 2088 1538 Deo
2129 1498 2370 1540 servientes

178 1568 307 1609 tutari
342 1568 580 1622 cupientes,
615 1567 853 1608 maiestatis
886 1569 1031 1607 nostre
1055 1565 1311 1606 auctoritate
1337 1566 1577 1607 stabilimus
1602 1569 1644 1606 et
1667 1565 1966 1606 confirmamus
1991 1565 2172 1607 eandem
2196 1570 2369 1608 senten-

179 1638 288 1677 ciam
313 1662 363 1666 —
389 1642 435 1677 ut
468 1637 572 1677 nulli
605 1636 657 1678 de
691 1641 831 1677 cetero
865 1634 1109 1676 officialium
1143 1638 1387 1675 nostrorum
1421 1638 1463 1675 et
1485 1634 1787 1675 advocatorum
1811 1648 1984 1675 suorum
2009 1647 2084 1674 seu
2108 1635 2365 1676 ministeria·
2404 1647 2439 1673 20

180 1706 282 1745 lium
318 1706 488 1746 maioris
523 1705 702 1746 ecclesie
736 1705 866 1745 liceat
897 1703 1094 1759 predicta
1126 1704 1338 1744 violenter
1370 1709 1413 1745 et
1446 1708 1596 1744 contra
1620 1703 1886 1744 voluntatem
1920 1703 2090 1744 abbatis
2116 1708 2159 1744 et
2191 1704 2372 1746 fratrum

179 1788 349 1814 suorum
383 1775 602 1829 postulare
636 1799 688 1803 —
723 1778 765 1814 et
798 1773 1164 1814 confirmationem
1196 1773 1334 1827 ipsam
1366 1773 1582 1827 presentis
1616 1773 1764 1827 scripti
1796 1772 2055 1827 patrocinio,
2089 1773 2211 1827 signo
2244 1773 2374 1828 sigilli

179 1844 311 1883 nostri
346 1843 588 1883 roboratam
624 1848 760 1883 ratam
793 1847 836 1882 et
869 1841 1165 1882 inconvulsam
1197 1840 1401 1895 deinceps
1433 1854 1689 1895 permanere
1724 1840 2012 1881 decernimus.

320 1910 462 1951 Huius
495 1912 639 1965 itaque
674 1911 1014 1952 confirmacionis
1048 1913 1194 1950 nostre
1228 1913 1365 1950 testes
1400 1914 1499 1949 sunt
1530 1909 1610 1950 hii:
1646 1909 1843 1950 dominus
1874 1909 2108 1950 Heinricus
2138 1910 2372 1965 imperialis

177 1980 272 2020 aule
314 1979 684 2034 prothonotarius,
725 1980 1020 2020 Hartmannus
1060 1992 1205 2019 comes
1238 1978 1290 2018 de
1324 1977 1552 2032 Dilingen⁷
1597 1977 1820 2019 Grotfridus
1854 1992 1998 2019 comes
2032 1978 2084 2019 de
2116 1978 2369 2033 Marsteten‚
2408 1995 2441 2020 25

180 2048 398 2089 Gerardus
431 2062 574 2089 comes
607 2049 660 2090 de
694 2048 1010 2103 Tokenpurgk,
1044 2046 1311 2088 Adalbertus
1348 2046 1399 2088 de
1433 2047 1584 2099 Nifen,
1618 2047 1833 2089 Rudolfus
1866 2047 1919 2088 de
1952 2047 2202 2098 Vernhaim,
2235 2047 2371 2089 Eber-

178 2117 336 2157 hardus
370 2117 534 2171 dapifer
565 2117 616 2157 de
652 2117 898 2171 NValtpurg,
933 2116 1157 2157 Conradus
1191 2116 1399 2170 pincerna
1432 2116 1484 2157 de
1517 2116 1872 2168 Winterstetten,
1906 2116 2137 2157 Hainricus
2169 2116 2221 2157 de
2253 2117 2371 2158 Iten-

179 2186 328 2226 husen.
364 2185 596 2226 Hainricus
633 2185 750 2226 Gans
786 2186 838 2226 de
875 2184 1133 2239 Nwenburg.
1167 2184 1439 2225 Wernherus
1473 2185 1525 2226 de
1559 2185 1922 2239 Mendechingen.

324 2254 483 2294 Datum
522 2254 732 2309 Auguste,
766 2254 848 2294 ΙΙΙ.
882 2253 1003 2294 Ydus
1037 2253 1275 2304 Februarii,
1309 2267 1386 2308 per
1426 2268 1600 2294 manum
1633 2254 1791 2294 domini
1825 2253 2019 2294 Hainrici
2052 2253 2371 2310 prothonotary‚

179 2323 426 2363 indictionis
459 2323 559 2374 XV,
591 2323 905 2364 incarnacionis
938 2336 1050 2363 anno
1084 2321 1425 2375 MCOXXVIII,
1459 2337 1570 2364 anno
1603 2323 1721 2377 regni
1754 2322 1915 2363 domini
1948 2321 2141 2363 Hainrici
2175 2323 2323 2366 tercio,
2407 2343 2441 2368 30

871 2722 1003 2789 289.
1059 2718 1680 2790 SENTENTIA

358 2821 498 2891 DE
542 2821 1107 2893 VASSALLIS
1164 2819 2183 2893 EXOOMMUNICATIS.

1086 2948 1228 2994 1225.
1266 2948 1385 3005 Apr.
1413 2946 1491 2993 24.

325 3067 451 3108 Dedit
488 3067 762 3109 Hermannus
793 3068 922 3109 Pabst
954 3068 988 3109 b.
1011 3082 1061 3110 m.
1095 3082 1146 3109 c.7
1183 3068 1438 3120 automapho
1475 3067 1680 3109 tabularii
1714 3067 2000 3119 praefecturae
2043 3064 2372 3116 Oenopontanac,

183 3135 248 3173 cui
282 3137 371 3175 lora
408 3136 715 3177 »muln-anama
738 3137 941 3188 appendet
973 3137 1103 3189 sissima·
1134 3138 1237 3188 restit?
1262 3136 1560 3191 fraymcnlnm.
1613 3136 1786 3188 Lessitm·
1807 3135 1929 3175 etiam
1951 3134 1997 3173 in
2019 3134 2200 3184 copiario
2221 3132 2372 3173 Brioei-
2408 3149 2440 3174 35

185 3204 302 3243 nansi
323 3217 425 3245 saec.
445 3204 568 3245 XIV.
596 3204 674 3258 fol.
694 3202 769 3244 41¹
802 3205 1003 3246 tabularii
1034 3205 1370 3255 Vindobonense'a
1399 3204 1501 3245 Oest.
1524 3206 1619 3245 103.
1649 3229 1702 3233 —
1730 3201 2178 3244 Heriumada-(ihomas
2198 3200 2261 3251 II,
2277 3200 2372 3241 839.

187 3272 376 3322 Bahmer,
409 3272 508 3325 Res).
540 3274 636 3325 imp.
669 3273 861 3324 123967.
2020 3268 2090 3321 (P.
2112 3269 2232 3318 254.)

328 3374 383 3415 H.
416 3374 498 3416 Dei
541 3376 680 3429 gratia
718 3376 1010 3417 Romanorum
1055 3391 1132 3417 rex
1175 3381 1218 3417 et
1257 3391 1429 3432 semper
1467 3380 1674 3431 augustus
1711 3374 1921 3416 universis
1964 3371 2132 3427 imperii
2173 3369 2373 3411 fidelibus

186 3443 337 3496 quibus
371 3443 448 3483 hee
481 3443 604 3484 litere
638 3449 809 3485 ostense
843 3445 1001 3485 fuerint
1032 3446 1213 3499 gratiam
1249 3460 1370 3486 suam
1403 3450 1445 3486 et
1469 3460 1593 3485 omne
1624 3445 1794 3485 bonum.
1905 3440 2206 3496 Significamus
2231 3437 2366 3486 vobis,

186 3510 298 3564 quod
340 3525 433 3550 curn
479 3512 658 3552 dilectus
705 3512 904 3567 princeps
946 3517 1093 3554 noster
1133 3514 1189 3555 H.
1231 3514 1490 3555 venerabilis
1536 3512 1805 3553 Brixinensis
1851 3511 2015 3551 electus
2057 3521 2202 3549 coram
2246 3505 2369 3546 nobis
2407 3519 2440 3544 ιο

188 3580 441 3620 constitutus
475 3581 711 3635 requireret
744 3582 784 3621 in
809 3583 1066 3622 sententiaa:
1101 3583 1133 3623 si
1158 3583 1250 3637 ipse
1274 3584 1340 3623 vel
1366 3583 1474 3623 alter
1498 3583 1697 3637 princeps
1721 3584 1794 3621 aut
1825 3579 2050 3633 episcopus
2075 3573 2369 3616 excommuni-

322 3670 407 3704 289.
441 3678 470 3711 ²¹)
498 3682 558 3703 sna
584 3683 631 3703 or.
