2558 3970
159 187 211 223 44
633 178 839 212 oTToxls
867 176 925 210 lv.
952 174 1376 209 CONSTITUTIONES.
1430 174 1524 207 1210.
1572 173 1635 206 Nr.
1653 173 1707 207 35.
1726 173 1779 207 36.
1805 173 1860 206 37.

158 295 252 335 Hoc
295 295 406 335 cuim
453 294 694 348 specialiter
738 290 995 344 precipimus
1037 289 1115 329 sub
1153 288 1301 329 debito
1345 287 1564 328 fidelitatis
1598 291 1640 327 et
1672 287 1749 327 sub
1783 286 1962 327 obtentu
2003 287 2158 340 gratie¹
2189 291 2334 328 nostre

159 363 401 417 potestati¹¹¹
437 363 528 401 sive
562 359 820 401 consulibus.
863 358 932 411 qui
971 370 1047 411 pro
1079 361 1270 411 tempore
1312 356 1471 397 fuerint
1502 354 1741 395 Ferrariee.
1774 353 1885 407 quod
1917 354 2059 394 omnia
2091 354 2338 409 supradicta

159 432 388 471 observant
421 440 461 470 et
494 429 654 469 faciant
687 429 726 467 iu
761 427 933 466 civitate
973 429 1236 466 memoratan
1267 423 1576 464 inviolabiliter
1607 422 1838 462 observari.
1900 421 1968 462 Ad
2002 422 2121 462 cuius
2154 422 2214 462 rei
2248 423 2336 463 evi-

160 499 353 539 ‹lcuciam
387 506 628 552 presentem
664 495 862 550 pagiuam
896 493 1021 533 scribi
1055 498 1097 532 et
1130 493 1269 546 sigillo
1301 496 1446 532 nostro
1481 491 1682 531 iussimus
1714 489 1947 543 insigniri0.

302 566 399 606 Dat.
435 565 654 605 Ροιϊιινίο0
687 562 863 603 MCOX.
897 561 1038 601 indict.
1064 560 1189 608 XIII,
1225 566 1377 601 octavo
1410 559 1508 600 Kal.
1533 558 1735 613 AprilisI',
1770 558 1992 613 inperante
2027 557 2337 610 gloriosissimo
2393 573 2407 597 5

160 636 415 689 imperatore
450 633 622 672 ottone.
657 644 768 671 anno
804 630 949 682 regnis
983 629 1074 669 eius
1107 628 1233 670 XIII.
1267 627 1419 681 inperii
1454 640 1553 668 vero
1587 627 1736 681 primo.

426 846 496 888 36.
532 847 618 888 JIA
631 845 754 886 NDA
766 845 825 885 TI
832 845 900 885 'M
931 843 1169 886 CONTRA
1208 843 1258 885 W
1262 843 1341 884 AL
1350 842 1510 883 DENS
1517 841 1587 883 Es
1624 841 1661 881 T
1661 841 1697 881 A
1709 840 1746 883 U
1751 840 1786 880 R
1794 841 1818 881 I
1818 839 2066 881 NENSES.

301 933 552 974 sslumlatnm
592 933 707 984 siquo
744 930 1020 981 chronoloqico
1058 940 1213 976 carens,
1255 927 1363 979 (seced
1402 940 1492 967 cnm
1530 927 1618 966 viro
1648 925 2342 978 cl.1‹'e‘ckerpriora‘adiunyz'mus,

159 1003 266 1041 ‹Is-«m
303 1001 626 1053 Ilaldvr-quer
665 1013 715 1040 <nr
754 997 1008 1049 autom-aplzo
1047 996 1249 1036 tabularii
1286 993 1648 1045 archiepiscopalis
1689 993 1964 1033 Taurinensis
2000 993 2106 1045 siqu.
2139 992 2342 1042 MassoI,

165 1071 376 1120 Calvum-ia
403 1072 436 1111 1,
471 1082 532 1109 nr.
562 1071 627 1110 17.
690 1068 798 1108 Sunt
831 1066 990 1106 litterae
1022 1065 1186 1104 clausae
1219 1063 1262 1103 in
1285 1077 1425 1115 parva
1457 1061 1694 1102 membrana
1717 1061 1938 1112 scriptura,
1970 1075 2053 1113 qua
2073 1061 2343 1113 diplomatum

158 1139 313 1178 scribac
355 1137 583 1178 utebantur.
624 1138 841 1183 ‹³.1‘‹1›·‹zl(ze,·
881 1134 924 1173 in
954 1133 1071 1184 plica
1101 1132 1338 1172 etiamnunc
1371 1131 1448 1183 fila
1478 1131 1610 1170 serica
1638 1129 1740 1179 flavi
1769 1132 1806 1170 eb
1835 1129 1984 1170 viridis
2014 1129 2160 1170 coloris
2190 1141 2344 1181 appen-

158 1206 267 1245 dent.
301 1231 353 1234 ——-
388 1204 578 1245 Rolnam.
611 1203 709 1255 ch.
746 1203 839 1253 imp).
875 1202 914 1250 Γ,
937 1203 1032 1241 363.
1967 1196 2038 1249 (P.
2062 1196 2201 1247 deest.)

303 1347 403 1387 Otto
437 1347 515 1387 Dei
548 1346 687 1399 gratia
709 1344 1001 1385 Romanorum
1034 1344 1266 1397 imperator
1289 1354 1460 1395 semper
1483 1345 1689 1394 augustus
1714 1339 1870 1380 dilecto
1900 1339 2015 1380 fideli
2043 1353 2118 1380 suo
2143 1340 2344 1395 episcopo

161 1416 443 1456 Taum-inonsia
475 1415 657 1469 gratiam
693 1427 811 1453 suam
845 1417 886 1452 et
917 1412 1072 1452 bonam
1106 1411 1388 1451 voluntatem.

305 1484 410 1524 Late
444 1487 562 1537 patet
594 1482 675 1523 Dei
709 1481 949 1525 clementia,
989 1480 1059 1534 qui
1092 1479 1214 1534 pulso
1247 1477 1513 1518 infidelitatis
1546 1490 1690 1517 errore
1724 1477 1951 1517 veritatem
1982 1476 2083 1518 fidei
2117 1477 2204 1516 suis
2237 1475 2342 1518 fide-

160 1553 271 1592 libus
321 1551 538 1607 patefecit.
610 1550 752 1590 Iustus
796 1550 907 1590 enim
953 1563 1007 1589 ex
1051 1547 1133 1588 fide
1171 1547 1296 1594 vivit,
1343 1546 1548 1600 quivero
1586 1559 1671 1585 non
1712 1544 1860 1595 credit,
1903 1545 1987 1584 iam
2019 1544 2231 1586 iudicatus
2265 1549 2343 1585 est.

159 1619 246 1660 Nos
282 1621 421 1673 igitur,
455 1620 524 1674 qui
559 1618 738 1673 gratiam
772 1617 872 1658 fidei
907 1618 946 1657 in
971 1630 1150 1658 vacuum
1181 1629 1264 1655 nen
1298 1615 1540 1668 recipimus,
1574 1627 1721 1654 omnes
1745 1627 1830 1653 non
1859 1617 1976 1654 recte
2001 1613 2240 1665 credentes,
2273 1613 2344 1668 qui

162 1689 304 1729 lumen
338 1688 435 1729 fidoi
470 1687 682 1729 catholice
716 1686 911 1727 heretica
942 1685 1153 1740 pravitate
1176 1684 1219 1724 in
1242 1683 1408 1737 inperio
1430 1687 1574 1722 nostro
1601 1686 1808 1722 conantur
1832 1681 2099 1736 extinguere,
2133 1681 2346 1735 imperiali

162 1758 355 1796 volumus
391 1757 622 1797 severitate
655 1756 797 1810 puniri
831 1760 874 1796 et
905 1769 930 1794 a
962 1754 1174 1795 consortio
1206 1752 1396 1793 fidelium
1429 1765 1505 1806 per
1536 1755 1672 1791 totum
1712 1751 1936 1805 imperium
1969 1755 2161 1791 nostrum
2194 1764 2344 1806 corpo-

163 1825 306 1865 raliter
340 1826 551 1879 separari:
594 1824 858 1879 presentium
900 1822 976 1863 tibi
1009 1822 1266 1863 auctoritate
1299 1819 1566 1871 mandantes,
1608 1820 1808 1873 quatinus
1842 1819 2056 1860 hereticos
2087 1819 2344 1860 Valdelsesb

162 1900 202 1933 et
237 1908 395 1934 omnes.
438 1894 508 1948 qui
549 1894 590 1933 in
623 1892 904 1933 Taurinensia
937 1890 1099 1931 diocesi
1132 1889 1337 1929 zizaniam
1370 1888 1584 1929 seminant
1616 1887 1819 1927 falsitatis
1853 1890 1896 1927 et
1927 1886 2057 1928 fidem
2091 1887 2346 1928 catholicam

161 1963 342 2002 alicuius
384 1962 536 2002 erroris
581 1975 655 2001 seu
697 1960 921 2015 pravitatis
955 1959 1147 2000 doctrina
1185 1958 1452 2012 impugnant,
1493 1971 1517 1997 a
1550 1960 1638 1997 toto
1671 1956 1953 1996 Taurinensist
1986 1956 2237 2010 episcopatu
2269 1955 2347 1995 im-

2380 1071 2412 1095 10

2381 1493 2411 1518 15

2383 1833 2416 1858 20

162 2031 313 2084 periali
346 2030 600 2070 auctoritate
633 2030 836 2084 expellas.
899 2027 1139 2069 Licentiam
1172 2027 1297 2077 enim,
1339 2025 1639 2066 auctoritatem
1673 2024 1957 2065 omnimodam
1993 2030 2035 2065 et
2067 2024 2238 2079 plenam
2271 2023 2349 2064 tibi
2396 2073 2398 2076 .

163 2099 417 2138 conferimus
451 2102 723 2153 potestatem.
758 2101 804 2136 ut
835 2109 911 2150 per
943 2100 1015 2136 tue
1048 2094 1237 2135 studium
1271 2093 1570 2134 sollicitudinis
1601 2093 1907 2134 Taurinensisa
1940 2092 2215 2148 episcopatus
2249 2105 2348 2132 area

162 2167 393 2207 ventiletur
425 2177 466 2206 et
500 2168 635 2207 omnis
669 2165 872 2220 pravitas
907 2178 988 2218 que
1022 2163 1120 2204 fidei
1153 2163 1364 2204 catholice
1399 2161 1666 2211 contradicit,
1700 2162 1870 2216 penitus
1904 2164 2180 2215 expurgetur.

483 2606 576 2674 37.
629 2602 1249 2675 OONVENTIO
1303 2602 1535 2674 CUM
1586 2600 2024 2673 PISANIS.

1084 2746 1226 2792 1210.
1260 2745 1366 2791 Iun.
1398 2747 1440 2790 3.

330 2894 545 2945 tepeamus
575 2893 791 2934 editionem
821 2894 1020 2935 Bo'lmzcrz'.
1050 2894 1093 2934 in
1117 2894 1236 2934 Actis
1266 2893 1432 2945 imperii
1457 2894 1612 2935 selectis
1638 2907 1678 2945 p.
1703 2895 1786 2934 767
1815 2906 1880 2934 nr.
1909 2895 2031 2943 1071,
2063 2905 2166 2944 quae
2197 2891 2351 2932 nititur

164 2962 416 3014 (ιιιίοῃνςψΙιο
457 2962 658 3002 tabularii
693 2963 942 3014 reipublicae
973 2961 1137 3011 Pisani,
1174 2962 1283 3014 quod
1311 2962 1527 3013 descripsit
1557 2961 1747 3002 Bonaz'ni
1778 2961 1812 3003 b.
1836 2975 1886 3002 m.
1928 2986 1981 2989 —
2019 2959 2212 3010 Balmner,
2245 2958 2348 3012 Rey.

169 3029 263 3079 imp.
296 3028 339 3077 V,
362 3032 458 3071 411.
1972 3027 2042 3081 (P.
2065 3028 2208 3075 deest.)

314 3153 362 3193 In
395 3155 564 3195 nomine
598 3155 738 3196 Patris
773 3160 814 3197 et
844 3156 941 3196 Filii
976 3161 1017 3197 et
1051 3156 1233 3211 Spiritus
1267 3156 1415 3206 sancti,
1449 3169 1589 3196 amen.

319 3226 349 3261 1.
384 3221 593 3262 Dominus
627 3222 727 3263 Otto
761 3224 843 3264 Dei
875 3225 1012 3278 gratia
1034 3224 1325 3265 Romanorum
1358 3224 1592 3278 imperator
1625 3226 1666 3263 et
1699 3234 1869 3276 semper
1908 3225 2116 3275 augustus
2149 3220 2350 3261 convenit

171 3295 211 3330 et
244 3290 435 3343 promisit
468 3290 664 3331 Bandino
697 3292 949 3346 Burgundii,
981 3293 1115 3333 Bulso
1147 3291 1359 3346 quondam
1391 3291 1509 3332 Petri
1543 3290 1790 3331 Albithonis
1824 3294 1866 3330 et
1898 3288 2144 3329 Bonacurso
2171 3288 2348 3329 Henrici

170 3355 297 3396 Canis
330 3358 570 3409 missaticis,
603 3373 676 3412 pro
706 3359 947 3401 Gottifredo
970 3360 1236 3402 Vicecomite
1269 3360 1523 3400 Pisanorum
1555 3362 1783 3413 potestate,
1816 3371 1891 3412 pro
1915 3357 2089 3397 civitate
2113 3356 2272 3397 Pisana
2304 3360 2347 3397 et

2385 2179 2416 2205 25

2387 3043 2421 3068 ³0

304 3491 365 3525 35.
397 3490 419 3533 ¹)
445 3495 507 3535 gra⁴
531 3504 555 3524 c.
673 3500 714 3535 ¹¹²)
740 3486 804 3537 pof
822 3507 848 3528 c.
987 3500 1020 3539 Π)
1047 3502 1228 3530 memorato
1253 3509 1278 3528 e.
1418 3495 1450 3537 0)
1475 3497 1654 3538 insingni1·i
1680 3507 1706 3527 c.
1840 3493 1872 3536 P)
1899 3494 1994 3536 Aplis
2018 3493 2117 3526 ‘modo
2144 3494 2208 3536 leqi
2226 3497 2348 3534 potest,
2384 3505 2415 3530 35

171 3548 365 3588 compendio
391 3549 519 3580 deterso
545 3560 571 3580 c.
688 3549 720 3592 q)
745 3553 864 3594 rengni
891 3564 916 3584 c.

307 3614 367 3649 36.
402 3616 433 3656 ⁸)
460 3619 589 3649 Taurifi
617 3629 642 3649 c.
759 3618 790 3658 b)
815 3621 861 3652 sic
886 3633 912 3653 c.
