<?xml version="1.0" encoding="UTF-8"?>
<!DOCTYPE html PUBLIC "-//W3C//DTD XHTML 1.0 Transitional//EN"
    "http://www.w3.org/TR/xhtml1/DTD/xhtml1-transitional.dtd">
<html xmlns="http://www.w3.org/1999/xhtml" xml:lang="en" lang="en">
 <head>
  <title>
</title>
<meta http-equiv="Content-Type" content="text/html;charset=utf-8" />
  <meta name='ocr-system' content='tesseract 3.04.00' />
  <meta name='ocr-capabilities' content='ocr_page ocr_carea ocr_par ocr_line ocrx_word'/>
</head>
<body>
  <div class='ocr_page' id='page_1' title='image "./monumentager02geseuoft_0466.png"; bbox 0 0 2558 3970; ppageno 0'>
   <div class='ocr_carea' id='block_1_1' title="bbox 207 153 1932 204">
    <p class='ocr_par' dir='ltr' id='par_1_1' title="bbox 207 153 1932 204">
     <span class='ocr_line' id='line_1_1' title="bbox 207 153 1932 204; baseline -0.004 -10"><span class='ocrx_word' id='word_1_1' title='bbox 207 165 286 204; x_wconf 69' lang='lat'>418</span> <span class='ocrx_word' id='word_1_2' title='bbox 648 158 861 193; x_wconf 85' lang='lat' dir='ltr'>HEINRICI</span> <span class='ocrx_word' id='word_1_3' title='bbox 888 157 1028 192; x_wconf 72' lang='lat' dir='ltr'><strong>REGIS</strong></span> <span class='ocrx_word' id='word_1_4' title='bbox 1055 155 1480 192; x_wconf 85' lang='lat' dir='ltr'>CONSTITUTIONES.</span> <span class='ocrx_word' id='word_1_5' title='bbox 1530 155 1627 188; x_wconf 82' lang='lat'><em>1231.</em></span> <span class='ocrx_word' id='word_1_6' title='bbox 1675 154 1737 188; x_wconf 86' lang='lat' dir='ltr'>Nr.</span> <span class='ocrx_word' id='word_1_7' title='bbox 1755 153 1832 187; x_wconf 85' lang='lat'>303.</span> <span class='ocrx_word' id='word_1_8' title='bbox 1857 153 1932 188; x_wconf 85' lang='lat'>304.</span> 
     </span>
    </p>
   </div>
   <div class='ocr_carea' id='block_1_2' title="bbox 203 267 2448 945">
    <p class='ocr_par' dir='ltr' id='par_1_2' title="bbox 203 267 2444 880">
     <span class='ocr_line' id='line_1_2' title="bbox 204 267 2374 326; baseline -0.005 -9"><span class='ocrx_word' id='word_1_9' title='bbox 204 287 244 318; x_wconf 74' lang='lat' dir='ltr'>et</span> <span class='ocrx_word' id='word_1_10' title='bbox 286 277 473 316; x_wconf 78' lang='lat' dir='ltr'>maxime</span> <span class='ocrx_word' id='word_1_11' title='bbox 517 289 610 316; x_wconf 88' lang='lat' dir='ltr'>cum</span> <span class='ocrx_word' id='word_1_12' title='bbox 656 288 796 314; x_wconf 78' lang='lat' dir='ltr'>coram</span> <span class='ocrx_word' id='word_1_13' title='bbox 837 273 1007 313; x_wconf 85' lang='lat' dir='ltr'>domino</span> <span class='ocrx_word' id='word_1_14' title='bbox 1051 276 1092 313; x_wconf 92' lang='lat' dir='ltr'>et</span> <span class='ocrx_word' id='word_1_15' title='bbox 1135 275 1255 326; x_wconf 85' lang='lat' dir='ltr'>patre</span> <span class='ocrx_word' id='word_1_16' title='bbox 1300 276 1444 312; x_wconf 88' lang='lat' dir='ltr'>nostro</span> <span class='ocrx_word' id='word_1_17' title='bbox 1489 268 1763 310; x_wconf 86' lang='lat' dir='ltr'>serenissimo</span> <span class='ocrx_word' id='word_1_18' title='bbox 1795 267 2086 308; x_wconf 84' lang='lat' dir='ltr'>Romanorum</span> <span class='ocrx_word' id='word_1_19' title='bbox 2119 268 2374 322; x_wconf 81' lang='lat' dir='ltr'>imperatore</span> 
     </span>
     <span class='ocr_line' id='line_1_3' title="bbox 205 335 2373 399; baseline -0.004 -16"><span class='ocrx_word' id='word_1_20' title='bbox 205 359 280 399; x_wconf 85' lang='lat' dir='ltr'>per</span> <span class='ocrx_word' id='word_1_21' title='bbox 313 344 567 385; x_wconf 86' lang='lat' dir='ltr'>sententiam</span> <span class='ocrx_word' id='word_1_22' title='bbox 599 342 836 397; x_wconf 81' lang='lat' dir='ltr'>principum</span> <span class='ocrx_word' id='word_1_23' title='bbox 868 340 996 382; x_wconf 85' lang='lat' dir='ltr'>fuerit</span> <span class='ocrx_word' id='word_1_24' title='bbox 1028 340 1263 391; x_wconf 88' lang='lat' dir='ltr'>definitum,</span> <span class='ocrx_word' id='word_1_25' title='bbox 1296 339 1503 381; x_wconf 88' lang='lat' dir='ltr'>ecclesias</span> <span class='ocrx_word' id='word_1_26' title='bbox 1536 351 1621 379; x_wconf 90' lang='lat' dir='ltr'>non</span> <span class='ocrx_word' id='word_1_27' title='bbox 1653 337 1788 378; x_wconf 87' lang='lat' dir='ltr'>teneri</span> <span class='ocrx_word' id='word_1_28' title='bbox 1811 336 1913 377; x_wconf 84' lang='lat' dir='ltr'>dare</span> <span class='ocrx_word' id='word_1_29' title='bbox 1942 335 2175 377; x_wconf 82' lang='lat' dir='ltr'><strong>thelonium</strong></span> <span class='ocrx_word' id='word_1_30' title='bbox 2199 335 2251 377; x_wconf 91' lang='lat' dir='ltr'>de</span> <span class='ocrx_word' id='word_1_31' title='bbox 2275 349 2373 391; x_wconf 86' lang='lat' dir='ltr'>pro-</span> 
     </span>
     <span class='ocr_line' id='line_1_4' title="bbox 205 404 2372 464; baseline -0.003 -12"><span class='ocrx_word' id='word_1_32' title='bbox 205 412 402 454; x_wconf 78' lang='lat' dir='ltr'>ventibus</span> <span class='ocrx_word' id='word_1_33' title='bbox 447 412 647 452; x_wconf 87' lang='lat' dir='ltr'>bonorum</span> <span class='ocrx_word' id='word_1_34' title='bbox 688 423 858 450; x_wconf 89' lang='lat' dir='ltr'>suorum</span> <span class='ocrx_word' id='word_1_35' title='bbox 902 409 954 450; x_wconf 80' lang='lat' dir='ltr'>ad</span> <span class='ocrx_word' id='word_1_36' title='bbox 995 423 1098 450; x_wconf 91' lang='lat' dir='ltr'>usus</span> <span class='ocrx_word' id='word_1_37' title='bbox 1131 422 1277 450; x_wconf 87' lang='lat' dir='ltr'>eorum</span> <span class='ocrx_word' id='word_1_38' title='bbox 1317 406 1643 464; x_wconf 83' lang='lat' dir='ltr'>pertinentium,</span> <span class='ocrx_word' id='word_1_39' title='bbox 1688 406 1759 460; x_wconf 90' lang='lat' dir='ltr'>qui</span> <span class='ocrx_word' id='word_1_40' title='bbox 1797 405 1838 446; x_wconf 92' lang='lat' dir='ltr'>in</span> <span class='ocrx_word' id='word_1_41' title='bbox 1876 405 1979 460; x_wconf 91' lang='lat' dir='ltr'>ipsis</span> <span class='ocrx_word' id='word_1_42' title='bbox 2012 404 2206 446; x_wconf 84' lang='lat' dir='ltr'>ecclesiis</span> <span class='ocrx_word' id='word_1_43' title='bbox 2237 404 2372 445; x_wconf 91' lang='lat' dir='ltr'>omni-</span> 
     </span>
     <span class='ocr_line' id='line_1_5' title="bbox 204 472 2373 537; baseline -0.006 -13"><span class='ocrx_word' id='word_1_44' title='bbox 204 483 364 537; x_wconf 84' lang='lat' dir='ltr'>potenti</span> <span class='ocrx_word' id='word_1_45' title='bbox 386 482 479 523; x_wconf 90' lang='lat' dir='ltr'>Deo</span> <span class='ocrx_word' id='word_1_46' title='bbox 503 481 759 522; x_wconf 83' lang='lat' dir='ltr'>deserviunt.</span> <span class='ocrx_word' id='word_1_47' title='bbox 813 479 916 520; x_wconf 88' lang='lat' dir='ltr'>Ideo</span> <span class='ocrx_word' id='word_1_48' title='bbox 951 483 993 519; x_wconf 92' lang='lat' dir='ltr'>et</span> <span class='ocrx_word' id='word_1_49' title='bbox 1020 492 1097 519; x_wconf 92' lang='lat' dir='ltr'>nos</span> <span class='ocrx_word' id='word_1_50' title='bbox 1121 477 1392 518; x_wconf 88' lang='lat' dir='ltr'>dilectionem</span> <span class='ocrx_word' id='word_1_51' title='bbox 1422 481 1537 517; x_wconf 89' lang='lat' dir='ltr'>tuam</span> <span class='ocrx_word' id='word_1_52' title='bbox 1561 473 1817 515; x_wconf 89' lang='lat' dir='ltr'>monendam</span> <span class='ocrx_word' id='word_1_53' title='bbox 1841 473 2040 514; x_wconf 82' lang='lat' dir='ltr'>duximus</span> <span class='ocrx_word' id='word_1_54' title='bbox 2063 476 2106 513; x_wconf 89' lang='lat' dir='ltr'>et</span> <span class='ocrx_word' id='word_1_55' title='bbox 2128 472 2373 527; x_wconf 85' lang='lat' dir='ltr'>rogandam,</span> 
     </span>
     <span class='ocr_line' id='line_1_6' title="bbox 207 541 2444 605; baseline -0.004 -14"><span class='ocrx_word' id='word_1_56' title='bbox 207 556 415 605; x_wconf 85' lang='lat' dir='ltr'>quatenus</span> <span class='ocrx_word' id='word_1_57' title='bbox 450 550 502 590; x_wconf 91' lang='lat' dir='ltr'>ob</span> <span class='ocrx_word' id='word_1_58' title='bbox 535 548 820 590; x_wconf 82' lang='lat' dir='ltr'>reverentiam</span> <span class='ocrx_word' id='word_1_59' title='bbox 854 547 1011 588; x_wconf 89' lang='lat' dir='ltr'>domini</span> <span class='ocrx_word' id='word_1_60' title='bbox 1044 550 1086 587; x_wconf 87' lang='lat' dir='ltr'>ct</span> <span class='ocrx_word' id='word_1_61' title='bbox 1118 547 1251 601; x_wconf 88' lang='lat' dir='ltr'>patris</span> <span class='ocrx_word' id='word_1_62' title='bbox 1280 546 1413 586; x_wconf 86' lang='lat' dir='ltr'>nostri</span> <span class='ocrx_word' id='word_1_63' title='bbox 1446 543 1716 598; x_wconf 89' lang='lat' dir='ltr'>imperatoris</span> <span class='ocrx_word' id='word_1_64' title='bbox 1747 546 1790 583; x_wconf 87' lang='lat' dir='ltr'>et</span> <span class='ocrx_word' id='word_1_65' title='bbox 1818 542 1998 596; x_wconf 86' lang='lat' dir='ltr'>gratiam</span> <span class='ocrx_word' id='word_1_66' title='bbox 2031 541 2212 583; x_wconf 90' lang='lat' dir='ltr'>eandem</span> <span class='ocrx_word' id='word_1_67' title='bbox 2237 541 2375 583; x_wconf 83' lang='lat' dir='ltr'>eccle·</span> <span class='ocrx_word' id='word_1_68' title='bbox 2430 557 2444 581; x_wconf 85' lang='lat'>5</span> 
     </span>
     <span class='ocr_line' id='line_1_7' title="bbox 203 609 2376 666; baseline -0.006 -5"><span class='ocrx_word' id='word_1_69' title='bbox 203 621 309 661; x_wconf 83' lang='lat' dir='ltr'>siam</span> <span class='ocrx_word' id='word_1_70' title='bbox 352 619 403 660; x_wconf 89' lang='lat' dir='ltr'>de</span> <span class='ocrx_word' id='word_1_71' title='bbox 445 624 586 660; x_wconf 84' lang='lat' dir='ltr'>cetero</span> <span class='ocrx_word' id='word_1_72' title='bbox 632 633 657 658; x_wconf 89' lang='lat' dir='ltr'>a</span> <span class='ocrx_word' id='word_1_73' title='bbox 688 617 873 658; x_wconf 89' lang='lat' dir='ltr'>thelonio</span> <span class='ocrx_word' id='word_1_74' title='bbox 905 616 1146 656; x_wconf 81' lang='lat' dir='ltr'>absolutam</span> <span class='ocrx_word' id='word_1_75' title='bbox 1178 614 1365 655; x_wconf 84' lang='lat' dir='ltr'>dimittas</span> <span class='ocrx_word' id='word_1_76' title='bbox 1398 614 1441 653; x_wconf 90' lang='lat' dir='ltr'>in</span> <span class='ocrx_word' id='word_1_77' title='bbox 1473 613 1591 662; x_wconf 87' lang='lat' dir='ltr'>vino,</span> <span class='ocrx_word' id='word_1_78' title='bbox 1631 610 1744 666; x_wconf 90' lang='lat' dir='ltr'>quod</span> <span class='ocrx_word' id='word_1_79' title='bbox 1776 611 1815 651; x_wconf 90' lang='lat' dir='ltr'>ei</span> <span class='ocrx_word' id='word_1_80' title='bbox 1845 610 2043 665; x_wconf 88' lang='lat' dir='ltr'>provenit</span> <span class='ocrx_word' id='word_1_81' title='bbox 2076 614 2119 651; x_wconf 92' lang='lat' dir='ltr'>et</span> <span class='ocrx_word' id='word_1_82' title='bbox 2149 610 2303 651; x_wconf 87' lang='lat' dir='ltr'>crescit</span> <span class='ocrx_word' id='word_1_83' title='bbox 2333 609 2376 650; x_wconf 91' lang='lat' dir='ltr'>in</span> 
     </span>
     <span class='ocr_line' id='line_1_8' title="bbox 206 678 2375 740; baseline -0.005 -11"><span class='ocrx_word' id='word_1_84' title='bbox 206 688 326 729; x_wconf 88' lang='lat' dir='ltr'>bonis</span> <span class='ocrx_word' id='word_1_85' title='bbox 369 688 455 728; x_wconf 89' lang='lat' dir='ltr'>suis</span> <span class='ocrx_word' id='word_1_86' title='bbox 500 691 541 728; x_wconf 90' lang='lat' dir='ltr'>ct</span> <span class='ocrx_word' id='word_1_87' title='bbox 579 685 688 740; x_wconf 90' lang='lat' dir='ltr'>quod</span> <span class='ocrx_word' id='word_1_88' title='bbox 728 685 782 726; x_wconf 90' lang='lat' dir='ltr'>ad</span> <span class='ocrx_word' id='word_1_89' title='bbox 820 697 1064 725; x_wconf 87' lang='lat' dir='ltr'>communes</span> <span class='ocrx_word' id='word_1_90' title='bbox 1103 697 1206 723; x_wconf 89' lang='lat' dir='ltr'>usus</span> <span class='ocrx_word' id='word_1_91' title='bbox 1248 681 1547 723; x_wconf 84' lang='lat' dir='ltr'>canonicorum</span> <span class='ocrx_word' id='word_1_92' title='bbox 1578 678 1770 734; x_wconf 89' lang='lat' dir='ltr'>predicte</span> <span class='ocrx_word' id='word_1_93' title='bbox 1801 679 1983 720; x_wconf 88' lang='lat' dir='ltr'>ecclesie</span> <span class='ocrx_word' id='word_1_94' title='bbox 2015 678 2248 720; x_wconf 84' lang='lat' dir='ltr'>dinoscitur</span> <span class='ocrx_word' id='word_1_95' title='bbox 2277 691 2375 733; x_wconf 88' lang='lat' dir='ltr'>per-</span> 
     </span>
     <span class='ocr_line' id='line_1_9' title="bbox 203 746 2378 806; baseline -0.005 -8"><span class='ocrx_word' id='word_1_96' title='bbox 203 757 359 798; x_wconf 83' lang='lat' dir='ltr'>tinere.</span> <span class='ocrx_word' id='word_1_97' title='bbox 407 769 501 796; x_wconf 89' lang='lat' dir='ltr'>cum</span> <span class='ocrx_word' id='word_1_98' title='bbox 545 755 655 796; x_wconf 87' lang='lat' dir='ltr'>sicut</span> <span class='ocrx_word' id='word_1_99' title='bbox 696 753 817 795; x_wconf 88' lang='lat' dir='ltr'>nobis</span> <span class='ocrx_word' id='word_1_100' title='bbox 859 752 1063 802; x_wconf 86' lang='lat' dir='ltr'>innotuit,</span> <span class='ocrx_word' id='word_1_101' title='bbox 1110 750 1443 806; x_wconf 82' lang='lat' dir='ltr'>predecessores</span> <span class='ocrx_word' id='word_1_102' title='bbox 1475 748 1607 789; x_wconf 89' lang='lat' dir='ltr'>vestri</span> <span class='ocrx_word' id='word_1_103' title='bbox 1643 747 1756 788; x_wconf 89' lang='lat' dir='ltr'>dicte</span> <span class='ocrx_word' id='word_1_104' title='bbox 1796 747 1977 789; x_wconf 83' lang='lat' dir='ltr'>ecclesie</span> <span class='ocrx_word' id='word_1_105' title='bbox 2018 747 2062 788; x_wconf 92' lang='lat' dir='ltr'>id</span> <span class='ocrx_word' id='word_1_106' title='bbox 2092 747 2258 802; x_wconf 86' lang='lat' dir='ltr'>scriptis</span> <span class='ocrx_word' id='word_1_107' title='bbox 2290 746 2378 788; x_wconf 87' lang='lat' dir='ltr'>suis</span> 
     </span>
     <span class='ocr_line' id='line_1_10' title="bbox 206 823 762 880; baseline -0.007 -14"><span class='ocrx_word' id='word_1_108' title='bbox 206 826 490 880; x_wconf 89' lang='lat' dir='ltr'>promiserunt</span> <span class='ocrx_word' id='word_1_109' title='bbox 522 823 762 865; x_wconf 87' lang='lat' dir='ltr'>observare.</span> 
     </span>
    </p>

    <p class='ocr_par' dir='ltr' id='par_1_3' title="bbox 344 885 2448 945">
     <span class='ocr_line' id='line_1_11' title="bbox 344 885 2448 945; baseline -0.005 -11"><span class='ocrx_word' id='word_1_110' title='bbox 344 893 504 935; x_wconf 87' lang='lat' dir='ltr'>Datum</span> <span class='ocrx_word' id='word_1_111' title='bbox 536 891 798 937; x_wconf 87' lang='lat' dir='ltr'>Wormatie.</span> <span class='ocrx_word' id='word_1_112' title='bbox 830 889 966 945; x_wconf 88' lang='lat' dir='ltr'>pridie</span> <span class='ocrx_word' id='word_1_113' title='bbox 1000 887 1222 929; x_wconf 88' lang='lat' dir='ltr'>Kalendas</span> <span class='ocrx_word' id='word_1_114' title='bbox 1251 886 1368 937; x_wconf 89' lang='lat' dir='ltr'>Maii,</span> <span class='ocrx_word' id='word_1_115' title='bbox 1400 885 1634 927; x_wconf 85' lang='lat' dir='ltr'>indictione</span> <span class='ocrx_word' id='word_1_116' title='bbox 1666 888 1829 940; x_wconf 86' lang='lat' dir='ltr'>quarta.</span> <span class='ocrx_word' id='word_1_117' title='bbox 2415 898 2448 923; x_wconf 83' lang='lat'>10</span> 
     </span>
    </p>
   </div>
   <div class='ocr_carea' id='block_1_3' title="bbox 168 1299 2380 1378">
    <p class='ocr_par' dir='ltr' id='par_1_4' title="bbox 168 1299 2380 1378">
     <span class='ocr_line' id='line_1_12' title="bbox 168 1299 2380 1378; baseline -0.004 0"><span class='ocrx_word' id='word_1_118' title='bbox 168 1310 338 1378; x_wconf 59' lang='lat'>304.</span> <span class='ocrx_word' id='word_1_119' title='bbox 385 1303 1050 1377; x_wconf 71' lang='lat' dir='ltr'><strong>CONSTITUTIO</strong></span> <span class='ocrx_word' id='word_1_120' title='bbox 1094 1302 1199 1373; x_wconf 89' lang='lat' dir='ltr'>IN</span> <span class='ocrx_word' id='word_1_121' title='bbox 1250 1300 1753 1372; x_wconf 78' lang='lat' dir='ltr'><strong>FAVOREM</strong></span> <span class='ocrx_word' id='word_1_122' title='bbox 1796 1299 2380 1372; x_wconf 77' lang='lat' dir='ltr'>PRINCIPUM.</span> 
     </span>
    </p>
   </div>
   <div class='ocr_carea' id='block_1_4' title="bbox 1116 1427 1481 1475">
    <p class='ocr_par' dir='ltr' id='par_1_5' title="bbox 1116 1427 1481 1475">
     <span class='ocr_line' id='line_1_13' title="bbox 1116 1427 1481 1475; baseline 0.003 -2"><span class='ocrx_word' id='word_1_123' title='bbox 1116 1428 1258 1475; x_wconf 67' lang='lat'><em>1231.</em></span> <span class='ocrx_word' id='word_1_124' title='bbox 1296 1427 1405 1474; x_wconf 78' lang='lat' dir='ltr'>Mai.</span> <span class='ocrx_word' id='word_1_125' title='bbox 1442 1428 1481 1474; x_wconf 89' lang='lat'>1.</span> 
     </span>
    </p>
   </div>
   <div class='ocr_carea' id='block_1_5' title="bbox 206 1571 2456 2727">
    <p class='ocr_par' dir='ltr' id='par_1_6' title="bbox 206 1571 2456 2727">
     <span class='ocr_line' id='line_1_14' title="bbox 349 1571 2382 1626; baseline -0.002 -11"><span class='ocrx_word' id='word_1_126' title='bbox 349 1574 625 1626; x_wconf 77' lang='lat' dir='ltr'>Propouimas</span> <span class='ocrx_word' id='word_1_127' title='bbox 663 1589 733 1626; x_wconf 81' lang='lat' dir='ltr'>ope</span> <span class='ocrx_word' id='word_1_128' title='bbox 771 1574 896 1614; x_wconf 80' lang='lat' dir='ltr'>trium</span> <span class='ocrx_word' id='word_1_129' title='bbox 937 1572 1285 1625; x_wconf 68' lang='lat' dir='ltr'>weitoyraphorum</span> <span class='ocrx_word' id='word_1_130' title='bbox 1326 1573 1369 1612; x_wconf 79' lang='lat' dir='ltr'>iu</span> <span class='ocrx_word' id='word_1_131' title='bbox 1407 1572 1617 1613; x_wconf 72' lang='lat' dir='ltr'>tabulario</span> <span class='ocrx_word' id='word_1_132' title='bbox 1654 1572 1770 1624; x_wconf 71' lang='lat' dir='ltr'>requi</span> <span class='ocrx_word' id='word_1_133' title='bbox 1808 1571 2026 1612; x_wconf 80' lang='lat' dir='ltr'>Baioarici</span> <span class='ocrx_word' id='word_1_134' title='bbox 2067 1571 2382 1620; x_wconf 82' lang='lat' dir='ltr'>asservatorum,</span> 
     </span>
     <span class='ocr_line' id='line_1_15' title="bbox 207 1639 2385 1697; baseline -0.001 -14"><span class='ocrx_word' id='word_1_135' title='bbox 207 1657 310 1695; x_wconf 68' lang='lat' dir='ltr'>quae</span> <span class='ocrx_word' id='word_1_136' title='bbox 341 1646 437 1683; x_wconf 71' lang='lat' dir='ltr'>sunt</span> <span class='ocrx_word' id='word_1_137' title='bbox 473 1643 512 1695; x_wconf 80' lang='lat'>1)</span> <span class='ocrx_word' id='word_1_138' title='bbox 544 1643 853 1697; x_wconf 66' lang='lat' dir='ltr'>Illoyuiitinum,</span> <span class='ocrx_word' id='word_1_139' title='bbox 885 1640 1205 1683; x_wconf 80' lang='lat' dir='ltr'>Kaiser—Select</span> <span class='ocrx_word' id='word_1_140' title='bbox 1225 1641 1281 1681; x_wconf 88' lang='lat' dir='ltr'>ad</span> <span class='ocrx_word' id='word_1_141' title='bbox 1302 1642 1396 1690; x_wconf 75' lang='grc'><em>698,</em></span> <span class='ocrx_word' id='word_1_142' title='bbox 1426 1641 1493 1681; x_wconf 89' lang='lat' dir='ltr'>cui</span> <span class='ocrx_word' id='word_1_143' title='bbox 1521 1640 1724 1692; x_wconf 70' lang='lat' dir='ltr'>appendet</span> <span class='ocrx_word' id='word_1_144' title='bbox 1751 1639 1838 1692; x_wconf 78' lang='lat' dir='ltr'>filis</span> <span class='ocrx_word' id='word_1_145' title='bbox 1858 1639 2000 1681; x_wconf 85' lang='lat' dir='ltr'>sericis</span> <span class='ocrx_word' id='word_1_146' title='bbox 2026 1639 2209 1692; x_wconf 69' lang='lat' dir='ltr'>siyillum</span> <span class='ocrx_word' id='word_1_147' title='bbox 2228 1639 2385 1693; x_wconf 73' lang='lat' dir='ltr'>reyium</span> 
     </span>
     <span class='ocr_line' id='line_1_16' title="bbox 210 1708 2452 1764; baseline -0.003 -12"><span class='ocrx_word' id='word_1_148' title='bbox 210 1711 421 1761; x_wconf 76' lang='lat' dir='ltr'>illaesum,·</span> <span class='ocrx_word' id='word_1_149' title='bbox 463 1713 510 1752; x_wconf 80' lang='lat' dir='ltr'>iu</span> <span class='ocrx_word' id='word_1_150' title='bbox 547 1713 664 1753; x_wconf 84' lang='lat' dir='ltr'>cuius</span> <span class='ocrx_word' id='word_1_151' title='bbox 701 1711 820 1752; x_wconf 80' lang='lat' dir='ltr'>dorso</span> <span class='ocrx_word' id='word_1_152' title='bbox 861 1711 1053 1763; x_wconf 68' lang='lat' dir='ltr'>tequntur</span> <span class='ocrx_word' id='word_1_153' title='bbox 1082 1722 1211 1750; x_wconf 79' lang='lat' dir='ltr'>mauu</span> <span class='ocrx_word' id='word_1_154' title='bbox 1241 1722 1341 1751; x_wconf 82' lang='lat' dir='ltr'>saec.</span> <span class='ocrx_word' id='word_1_155' title='bbox 1367 1709 1511 1752; x_wconf 89' lang='lat' dir='ltr'><em>XIII:</em></span> <span class='ocrx_word' id='word_1_156' title='bbox 1549 1708 1828 1764; x_wconf 87' lang='lat' dir='ltr'>Privilegium</span> <span class='ocrx_word' id='word_1_157' title='bbox 1862 1708 2021 1749; x_wconf 90' lang='lat' dir='ltr'>domini</span> <span class='ocrx_word' id='word_1_158' title='bbox 2053 1709 2165 1764; x_wconf 86' lang='lat' dir='ltr'>regis</span> <span class='ocrx_word' id='word_1_159' title='bbox 2196 1708 2248 1750; x_wconf 91' lang='lat' dir='ltr'>de</span> <span class='ocrx_word' id='word_1_160' title='bbox 2280 1709 2382 1750; x_wconf 88' lang='lat' dir='ltr'>civi·</span> <span class='ocrx_word' id='word_1_161' title='bbox 2422 1721 2452 1746; x_wconf 80' lang='lat'>15</span> 
     </span>
     <span class='ocr_line' id='line_1_17' title="bbox 207 1777 2387 1832; baseline -0.001 -11"><span class='ocrx_word' id='word_1_162' title='bbox 207 1780 385 1831; x_wconf 82' lang='lat' dir='ltr'>tatibus,</span> <span class='ocrx_word' id='word_1_163' title='bbox 425 1794 554 1821; x_wconf 81' lang='lat' dir='ltr'>manu</span> <span class='ocrx_word' id='word_1_164' title='bbox 583 1794 685 1823; x_wconf 82' lang='lat' dir='ltr'>saec.</span> <span class='ocrx_word' id='word_1_165' title='bbox 706 1780 778 1821; x_wconf 93' lang='lat' dir='ltr'>XI</span> <span class='ocrx_word' id='word_1_166' title='bbox 788 1779 834 1820; x_wconf 87' lang='lat' dir='ltr'>V.-</span> <span class='ocrx_word' id='word_1_167' title='bbox 877 1779 971 1820; x_wconf 92' lang='lat' dir='ltr'>Hec</span> <span class='ocrx_word' id='word_1_168' title='bbox 1008 1779 1133 1820; x_wconf 89' lang='lat' dir='ltr'>litera</span> <span class='ocrx_word' id='word_1_169' title='bbox 1174 1778 1354 1820; x_wconf 89' lang='lat' dir='ltr'>habetur</span> <span class='ocrx_word' id='word_1_170' title='bbox 1398 1778 1500 1819; x_wconf 88' lang='lat' dir='ltr'>folio</span> <span class='ocrx_word' id='word_1_171' title='bbox 1540 1777 1663 1819; x_wconf 77' lang='lat' dir='ltr'>CVII</span> <span class='ocrx_word' id='word_1_172' title='bbox 1701 1777 1879 1819; x_wconf 88' lang='lat' dir='ltr'>senioris</span> <span class='ocrx_word' id='word_1_173' title='bbox 1917 1777 2217 1832; x_wconf 84' lang='lat' dir='ltr'>privilegialis,</span> <span class='ocrx_word' id='word_1_174' title='bbox 2259 1790 2387 1818; x_wconf 76' lang='lat' dir='ltr'>mauu</span> 
     </span>
     <span class='ocr_line' id='line_1_18' title="bbox 206 1846 2387 1904; baseline -0.001 -14"><span class='ocrx_word' id='word_1_175' title='bbox 206 1862 307 1890; x_wconf 81' lang='lat' dir='ltr'>saec.</span> <span class='ocrx_word' id='word_1_176' title='bbox 331 1848 432 1890; x_wconf 87' lang='lat' dir='ltr'>XV:</span> <span class='ocrx_word' id='word_1_177' title='bbox 463 1849 531 1889; x_wconf 92' lang='lat' dir='ltr'>Ad</span> <span class='ocrx_word' id='word_1_178' title='bbox 562 1849 784 1904; x_wconf 87' lang='lat' dir='ltr'>privilegia</span> <span class='ocrx_word' id='word_1_179' title='bbox 807 1848 1067 1903; x_wconf 87' lang='lat' dir='ltr'>Imperialia.</span> <span class='ocrx_word' id='word_1_180' title='bbox 1097 1846 1123 1888; x_wconf 85' lang='lat' dir='ltr'><strong>J</strong></span> <span class='ocrx_word' id='word_1_181' title='bbox 1136 1863 1144 1895; x_wconf 81' lang='lat'>3</span> <span class='ocrx_word' id='word_1_182' title='bbox 1178 1846 1221 1902; x_wconf 84' lang='lat'>2)</span> <span class='ocrx_word' id='word_1_183' title='bbox 1251 1847 1582 1899; x_wconf 61' lang='lat' dir='ltr'>Wirzburyeusa</span> <span class='ocrx_word' id='word_1_184' title='bbox 1613 1846 1920 1887; x_wconf 83' lang='lat' dir='ltr'>Kaiser-Select</span> <span class='ocrx_word' id='word_1_185' title='bbox 1941 1847 2034 1896; x_wconf 82' lang='lat'>698,</span> <span class='ocrx_word' id='word_1_186' title='bbox 2065 1846 2182 1887; x_wconf 88' lang='lat' dir='ltr'>cuius</span> <span class='ocrx_word' id='word_1_187' title='bbox 2202 1846 2387 1899; x_wconf 76' lang='lat' dir='ltr'>siyillum</span> 
     </span>
     <span class='ocr_line' id='line_1_19' title="bbox 206 1914 2386 1969; baseline -0.001 -11"><span class='ocrx_word' id='word_1_188' title='bbox 206 1931 330 1969; x_wconf 77' lang='lat' dir='ltr'>aeque-</span> <span class='ocrx_word' id='word_1_189' title='bbox 363 1917 551 1958; x_wconf 78' lang='lat' dir='ltr'>illaesum</span> <span class='ocrx_word' id='word_1_190' title='bbox 582 1920 660 1967; x_wconf 81' lang='lat' dir='ltr'>est;</span> <span class='ocrx_word' id='word_1_191' title='bbox 693 1918 739 1957; x_wconf 78' lang='lat' dir='ltr'>iu</span> <span class='ocrx_word' id='word_1_192' title='bbox 769 1917 887 1958; x_wconf 80' lang='lat' dir='ltr'>dorso</span> <span class='ocrx_word' id='word_1_193' title='bbox 918 1917 1111 1969; x_wconf 75' lang='lat' dir='ltr'>leyuutur</span> <span class='ocrx_word' id='word_1_194' title='bbox 1142 1929 1271 1957; x_wconf 74' lang='lat' dir='ltr'>marm</span> <span class='ocrx_word' id='word_1_195' title='bbox 1301 1928 1401 1956; x_wconf 87' lang='lat' dir='ltr'>saec.</span> <span class='ocrx_word' id='word_1_196' title='bbox 1424 1915 1566 1956; x_wconf 86' lang='lat' dir='ltr'><em>XIII:</em></span> <span class='ocrx_word' id='word_1_197' title='bbox 1597 1915 1740 1956; x_wconf 87' lang='lat' dir='ltr'>Privil.</span> <span class='ocrx_word' id='word_1_198' title='bbox 1765 1914 1943 1956; x_wconf 90' lang='lat' dir='ltr'>Henrici</span> <span class='ocrx_word' id='word_1_199' title='bbox 1976 1915 2088 1969; x_wconf 85' lang='lat' dir='ltr'>regis</span> <span class='ocrx_word' id='word_1_200' title='bbox 2112 1914 2164 1956; x_wconf 92' lang='lat' dir='ltr'>de</span> <span class='ocrx_word' id='word_1_201' title='bbox 2188 1915 2386 1956; x_wconf 70' lang='lat' dir='ltr'>libertate</span> 
     </span>
     <span class='ocr_line' id='line_1_20' title="bbox 208 1982 2386 2042; baseline -0.002 -14"><span class='ocrx_word' id='word_1_202' title='bbox 208 1987 444 2042; x_wconf 88' lang='lat' dir='ltr'>principum</span> <span class='ocrx_word' id='word_1_203' title='bbox 479 1987 868 2028; x_wconf 89' lang='lat' dir='ltr'>ecclesiasticorum</span> <span class='ocrx_word' id='word_1_204' title='bbox 901 1990 945 2027; x_wconf 90' lang='lat' dir='ltr'>et</span> <span class='ocrx_word' id='word_1_205' title='bbox 976 1986 1228 2026; x_wconf 87' lang='lat' dir='ltr'>secularium</span> <span class='ocrx_word' id='word_1_206' title='bbox 1263 1999 1312 2026; x_wconf 91' lang='lat' dir='ltr'>ac</span> <span class='ocrx_word' id='word_1_207' title='bbox 1346 1985 1527 2026; x_wconf 89' lang='lat' dir='ltr'>aliorum</span> <span class='ocrx_word' id='word_1_208' title='bbox 1566 1984 1783 2025; x_wconf 91' lang='lat' dir='ltr'>hominum</span> <span class='ocrx_word' id='word_1_209' title='bbox 1815 1984 1935 2038; x_wconf 86' lang='lat' dir='ltr'>regni</span> <span class='ocrx_word' id='word_1_210' title='bbox 1967 1984 2032 2024; x_wconf 89' lang='lat' dir='ltr'>sui</span> <span class='ocrx_word' id='word_1_211' title='bbox 2063 1986 2120 2024; x_wconf 87' lang='lat' dir='ltr'>et:</span> <span class='ocrx_word' id='word_1_212' title='bbox 2159 1982 2216 2024; x_wconf 83' lang='lat' dir='ltr'>Et</span> <span class='ocrx_word' id='word_1_213' title='bbox 2248 1987 2314 2025; x_wconf 89' lang='lat' dir='ltr'>est</span> <span class='ocrx_word' id='word_1_214' title='bbox 2344 1983 2386 2024; x_wconf 87' lang='lat' dir='ltr'>in</span> 
     </span>
     <span class='ocr_line' id='line_1_21' title="bbox 208 2051 2456 2111; baseline -0.002 -15"><span class='ocrx_word' id='word_1_215' title='bbox 208 2056 314 2097; x_wconf 89' lang='lat' dir='ltr'>libro</span> <span class='ocrx_word' id='word_1_216' title='bbox 356 2056 677 2111; x_wconf 88' lang='lat' dir='ltr'>privilegiorum</span> <span class='ocrx_word' id='word_1_217' title='bbox 709 2055 895 2103; x_wconf 83' lang='lat' dir='ltr'>LXXV;</span> <span class='ocrx_word' id='word_1_218' title='bbox 935 2054 1151 2096; x_wconf 72' lang='lat' dir='ltr'>ediderunt</span> <span class='ocrx_word' id='word_1_219' title='bbox 1185 2053 1481 2095; x_wconf 86' lang='lat' dir='ltr'>Oesterreicher</span> <span class='ocrx_word' id='word_1_220' title='bbox 1511 2053 1671 2094; x_wconf 77' lang='lat' dir='ltr'>‘Irihatt</span> <span class='ocrx_word' id='word_1_221' title='bbox 1697 2053 1852 2105; x_wconf 71' lang='lat' dir='ltr'>eiuiyer</span> <span class='ocrx_word' id='word_1_222' title='bbox 1881 2052 1983 2094; x_wconf 71' lang='lat' dir='ltr'>noch</span> <span class='ocrx_word' id='word_1_223' title='bbox 2013 2051 2126 2093; x_wconf 72' lang='lat' dir='ltr'>nicht</span> <span class='ocrx_word' id='word_1_224' title='bbox 2155 2051 2386 2093; x_wconf 68' lang='lat' dir='ltr'>bekaointeu</span> <span class='ocrx_word' id='word_1_225' title='bbox 2423 2062 2456 2088; x_wconf 76' lang='lat'>20</span> 
     </span>
     <span class='ocr_line' id='line_1_22' title="bbox 213 2120 2388 2177; baseline -0.001 -12"><span class='ocrx_word' id='word_1_226' title='bbox 213 2125 376 2166; x_wconf 70' lang='lat' dir='ltr'>Gesetee</span> <span class='ocrx_word' id='word_1_227' title='bbox 414 2124 482 2165; x_wconf 87' lang='lat' dir='ltr'>des</span> <span class='ocrx_word' id='word_1_228' title='bbox 520 2124 767 2177; x_wconf 74' lang='lat' dir='ltr'>ehemaliyeu</span> <span class='ocrx_word' id='word_1_229' title='bbox 805 2123 1009 2165; x_wconf 73' lang='lat' dir='ltr'>teutschen</span> <span class='ocrx_word' id='word_1_230' title='bbox 1047 2122 1229 2164; x_wconf 85' lang='lat' dir='ltr'>Reiches&#39;</span> <span class='ocrx_word' id='word_1_231' title='bbox 1269 2122 1507 2175; x_wconf 70' lang='lat' dir='ltr'>(Erlariyeri</span> <span class='ocrx_word' id='word_1_232' title='bbox 1538 2123 1668 2173; x_wconf 80' lang='lat'><em>1809)</em></span> <span class='ocrx_word' id='word_1_233' title='bbox 1693 2135 1736 2173; x_wconf 89' lang='lat' dir='ltr'>p.</span> <span class='ocrx_word' id='word_1_234' title='bbox 1759 2121 1845 2162; x_wconf 75' lang='lat'>231</span> <span class='ocrx_word' id='word_1_235' title='bbox 1884 2123 1921 2162; x_wconf 86' lang='lat' dir='ltr'>et</span> <span class='ocrx_word' id='word_1_236' title='bbox 1950 2121 2224 2162; x_wconf 76' lang='lat' dir='ltr'>Monumeuta</span> <span class='ocrx_word' id='word_1_237' title='bbox 2254 2120 2388 2162; x_wconf 85' lang='lat' dir='ltr'>Boica</span> 
     </span>
     <span class='ocr_line' id='line_1_23' title="bbox 209 2190 2386 2247; baseline -0.002 -13"><span class='ocrx_word' id='word_1_238' title='bbox 209 2193 348 2243; x_wconf 84' lang='lat' dir='ltr'>XXX,</span> <span class='ocrx_word' id='word_1_239' title='bbox 380 2196 415 2243; x_wconf 83' lang='lat'>1,</span> <span class='ocrx_word' id='word_1_240' title='bbox 446 2196 528 2234; x_wconf 84' lang='lat'>173</span> <span class='ocrx_word' id='word_1_241' title='bbox 569 2207 632 2234; x_wconf 81' lang='lat' dir='ltr'>ur.</span> <span class='ocrx_word' id='word_1_242' title='bbox 664 2194 744 2233; x_wconf 84' lang='lat'>699</span> <span class='ocrx_word' id='word_1_243' title='bbox 755 2207 768 2243; x_wconf 90' lang='lat'><em>;</em></span> <span class='ocrx_word' id='word_1_244' title='bbox 821 2191 865 2247; x_wconf 82' lang='grc'>3)</span> <span class='ocrx_word' id='word_1_245' title='bbox 904 2193 1180 2244; x_wconf 66' lang='grc' dir='ltr'>Αἰιρῑιεέεηεθ,</span> <span class='ocrx_word' id='word_1_246' title='bbox 1227 2190 1557 2233; x_wconf 80' lang='lat' dir='ltr'>Kaiser-Select</span> <span class='ocrx_word' id='word_1_247' title='bbox 1588 2191 1681 2240; x_wconf 81' lang='lat'>697,</span> <span class='ocrx_word' id='word_1_248' title='bbox 1728 2190 1845 2231; x_wconf 86' lang='lat' dir='ltr'>cuius</span> <span class='ocrx_word' id='word_1_249' title='bbox 1889 2190 2071 2243; x_wconf 73' lang='lat' dir='ltr'>siyittum</span> <span class='ocrx_word' id='word_1_250' title='bbox 2115 2190 2201 2231; x_wconf 86' lang='lat' dir='ltr'>iam</span> <span class='ocrx_word' id='word_1_251' title='bbox 2245 2190 2386 2242; x_wconf 87' lang='lat' dir='ltr'>deper-</span> 
     </span>
     <span class='ocr_line' id='line_1_24' title="bbox 209 2258 2390 2313; baseline -0.001 -11"><span class='ocrx_word' id='word_1_252' title='bbox 209 2261 341 2302; x_wconf 68' lang='lat' dir='ltr'>ditum</span> <span class='ocrx_word' id='word_1_253' title='bbox 370 2264 438 2311; x_wconf 84' lang='lat' dir='ltr'>est,</span> <span class='ocrx_word' id='word_1_254' title='bbox 469 2262 556 2313; x_wconf 75' lang='lat' dir='ltr'>filis</span> <span class='ocrx_word' id='word_1_255' title='bbox 586 2262 728 2303; x_wconf 77' lang='lat' dir='ltr'>sericis</span> <span class='ocrx_word' id='word_1_256' title='bbox 758 2261 932 2311; x_wconf 79' lang='lat' dir='ltr'>relictis,·</span> <span class='ocrx_word' id='word_1_257' title='bbox 963 2260 1271 2313; x_wconf 72' lang='lat' dir='ltr'>aliquantulum</span> <span class='ocrx_word' id='word_1_258' title='bbox 1303 2259 1508 2311; x_wconf 72' lang='lat' dir='ltr'>discrepat</span> <span class='ocrx_word' id='word_1_259' title='bbox 1538 2274 1564 2301; x_wconf 92' lang='lat' dir='ltr'>a</span> <span class='ocrx_word' id='word_1_260' title='bbox 1596 2262 1708 2300; x_wconf 75' lang='lat' dir='ltr'>textu</span> <span class='ocrx_word' id='word_1_261' title='bbox 1735 2259 1924 2311; x_wconf 76' lang='lat' dir='ltr'>priorum</span> <span class='ocrx_word' id='word_1_262' title='bbox 1945 2262 1983 2300; x_wconf 90' lang='lat' dir='ltr'>et</span> <span class='ocrx_word' id='word_1_263' title='bbox 2001 2258 2207 2313; x_wconf 86' lang='lat' dir='ltr'>imprimis</span> <span class='ocrx_word' id='word_1_264' title='bbox 2228 2259 2390 2300; x_wconf 83' lang='lat' dir='ltr'>testium</span> 
     </span>
     <span class='ocr_line' id='line_1_25' title="bbox 211 2327 2389 2380; baseline -0 -10"><span class='ocrx_word' id='word_1_265' title='bbox 211 2330 313 2371; x_wconf 72' lang='lat' dir='ltr'>serie</span> <span class='ocrx_word' id='word_1_266' title='bbox 345 2333 477 2380; x_wconf 82' lang='lat' dir='ltr'>ea›·ct,·</span> <span class='ocrx_word' id='word_1_267' title='bbox 508 2330 660 2371; x_wconf 80' lang='lat' dir='ltr'>editum</span> <span class='ocrx_word' id='word_1_268' title='bbox 690 2334 748 2370; x_wconf 83' lang='lat' dir='ltr'>est</span> <span class='ocrx_word' id='word_1_269' title='bbox 778 2330 824 2370; x_wconf 50' lang='lat' dir='ltr'>«iu</span> <span class='ocrx_word' id='word_1_270' title='bbox 854 2329 1141 2371; x_wconf 72' lang='lat' dir='ltr'>Mommieutz‘s</span> <span class='ocrx_word' id='word_1_271' title='bbox 1161 2329 1305 2370; x_wconf 85' lang='lat' dir='ltr'>Boicis</span> <span class='ocrx_word' id='word_1_272' title='bbox 1325 2328 1468 2379; x_wconf 88' lang='lat' dir='ltr'>XXX,</span> <span class='ocrx_word' id='word_1_273' title='bbox 1491 2331 1528 2378; x_wconf 83' lang='lat'>1,</span> <span class='ocrx_word' id='word_1_274' title='bbox 1552 2331 1633 2369; x_wconf 79' lang='grc'>171</span> <span class='ocrx_word' id='word_1_275' title='bbox 1663 2341 1730 2369; x_wconf 80' lang='lat' dir='ltr'>ur.</span> <span class='ocrx_word' id='word_1_276' title='bbox 1750 2329 1832 2368; x_wconf 87' lang='grc'><em>698</em></span> <span class='ocrx_word' id='word_1_277' title='bbox 1861 2330 1899 2369; x_wconf 86' lang='lat' dir='ltr'>ct</span> <span class='ocrx_word' id='word_1_278' title='bbox 1929 2328 1974 2368; x_wconf 82' lang='lat' dir='ltr'>iri</span> <span class='ocrx_word' id='word_1_279' title='bbox 1998 2327 2240 2380; x_wconf 71' lang='lat' dir='ltr'>Oriyiriibus</span> <span class='ocrx_word' id='word_1_280' title='bbox 2264 2328 2389 2370; x_wconf 81' lang='lat' dir='ltr'>Guel-</span> 
     </span>
     <span class='ocr_line' id='line_1_26' title="bbox 213 2396 2456 2453; baseline 0 -15"><span class='ocrx_word' id='word_1_281' title='bbox 213 2399 303 2449; x_wconf 79' lang='lat' dir='ltr'>ftcz&#39;s</span> <span class='ocrx_word' id='word_1_282' title='bbox 333 2398 376 2447; x_wconf 81' lang='lat' dir='ltr'>V,</span> <span class='ocrx_word' id='word_1_283' title='bbox 399 2400 455 2439; x_wconf 69' lang='lat'>22</span> <span class='ocrx_word' id='word_1_284' title='bbox 467 2398 492 2438; x_wconf 81' lang='lat'>2.</span> <span class='ocrx_word' id='word_1_285' title='bbox 554 2398 777 2439; x_wconf 83' lang='lat' dir='ltr'>Praeterea</span> <span class='ocrx_word' id='word_1_286' title='bbox 807 2398 1071 2439; x_wconf 70' lang='lat' dir='ltr'>adhibuimus</span> <span class='ocrx_word' id='word_1_287' title='bbox 1103 2396 1148 2453; x_wconf 79' lang='lat'>4&gt;</span> <span class='ocrx_word' id='word_1_288' title='bbox 1181 2398 1447 2450; x_wconf 71' lang='lat' dir='ltr'>apoyraphori</span> <span class='ocrx_word' id='word_1_289' title='bbox 1478 2397 1726 2449; x_wconf 70' lang='lat' dir='ltr'>exemplaris</span> <span class='ocrx_word' id='word_1_290' title='bbox 1758 2397 2025 2447; x_wconf 79' lang='lat' dir='ltr'>Trevirerisis‚</span> <span class='ocrx_word' id='word_1_291' title='bbox 2058 2397 2165 2449; x_wconf 78' lang='lat' dir='ltr'>quod</span> <span class='ocrx_word' id='word_1_292' title='bbox 2194 2411 2213 2439; x_wconf 94' lang='grc'><em>6</em></span> <span class='ocrx_word' id='word_1_293' title='bbox 2233 2397 2390 2438; x_wconf 89' lang='lat' dir='ltr'>Memo-</span> <span class='ocrx_word' id='word_1_294' title='bbox 2425 2405 2456 2430; x_wconf 82' lang='lat'>2⁵</span> 
     </span>
     <span class='ocr_line' id='line_1_27' title="bbox 213 2465 2389 2520; baseline -0 -13"><span class='ocrx_word' id='word_1_295' title='bbox 213 2468 314 2508; x_wconf 83' lang='lat' dir='ltr'>riali</span> <span class='ocrx_word' id='word_1_296' title='bbox 344 2468 553 2509; x_wconf 76' lang='lat' dir='ltr'>Balduiui</span> <span class='ocrx_word' id='word_1_297' title='bbox 585 2469 628 2508; x_wconf 76' lang='lat' dir='ltr'>iu</span> <span class='ocrx_word' id='word_1_298' title='bbox 661 2467 898 2509; x_wconf 72' lang='lat' dir='ltr'>bibliotheca</span> <span class='ocrx_word' id='word_1_299' title='bbox 931 2468 1118 2508; x_wconf 84' lang='lat' dir='ltr'>comitum</span> <span class='ocrx_word' id='word_1_300' title='bbox 1149 2466 1196 2507; x_wconf 91' lang='lat' dir='ltr'>de</span> <span class='ocrx_word' id='word_1_301' title='bbox 1227 2466 1485 2507; x_wconf 83' lang='lat' dir='ltr'>Kesselstadt</span> <span class='ocrx_word' id='word_1_302' title='bbox 1519 2466 1706 2507; x_wconf 81' lang='lat' dir='ltr'>Treveris</span> <span class='ocrx_word' id='word_1_303' title='bbox 1736 2469 1945 2507; x_wconf 83' lang='lat' dir='ltr'>asservato</span> <span class='ocrx_word' id='word_1_304' title='bbox 1975 2466 2222 2518; x_wconf 71' lang='lat' dir='ltr'>exemplavit</span> <span class='ocrx_word' id='word_1_305' title='bbox 2251 2465 2389 2520; x_wconf 70' lang='lat' dir='ltr'>Beyer</span> 
     </span>
     <span class='ocr_line' id='line_1_28' title="bbox 213 2534 2388 2587; baseline -0 -11"><span class='ocrx_word' id='word_1_306' title='bbox 213 2536 247 2578; x_wconf 87' lang='lat' dir='ltr'>b.</span> <span class='ocrx_word' id='word_1_307' title='bbox 273 2550 345 2586; x_wconf 82' lang='lat' dir='ltr'>m.;</span> <span class='ocrx_word' id='word_1_308' title='bbox 390 2550 440 2577; x_wconf 69' lang='lat' dir='ltr'>ex</span> <span class='ocrx_word' id='word_1_309' title='bbox 484 2536 554 2578; x_wconf 88' lang='lat' dir='ltr'>hoc</span> <span class='ocrx_word' id='word_1_310' title='bbox 599 2537 703 2577; x_wconf 77' lang='lat' dir='ltr'>libro</span> <span class='ocrx_word' id='word_1_311' title='bbox 749 2538 903 2577; x_wconf 73' lang='lat' dir='ltr'>textum</span> <span class='ocrx_word' id='word_1_312' title='bbox 948 2549 1064 2577; x_wconf 81' lang='lat' dir='ltr'>suum</span> <span class='ocrx_word' id='word_1_313' title='bbox 1109 2535 1380 2587; x_wconf 73' lang='lat' dir='ltr'>desumpsisse</span> <span class='ocrx_word' id='word_1_314' title='bbox 1419 2535 1581 2575; x_wconf 84' lang='lat' dir='ltr'>videtur</span> <span class='ocrx_word' id='word_1_315' title='bbox 1618 2534 1840 2576; x_wconf 76' lang='lat' dir='ltr'>Houtheim</span> <span class='ocrx_word' id='word_1_316' title='bbox 1882 2534 2084 2576; x_wconf 73' lang='lat' dir='ltr'>‘Historia</span> <span class='ocrx_word' id='word_1_317' title='bbox 2119 2534 2388 2576; x_wconf 78' lang='lat' dir='ltr'>Trevirerisis’</span> 
     </span>
     <span class='ocr_line' id='line_1_29' title="bbox 214 2602 2393 2657; baseline 0 -13"><span class='ocrx_word' id='word_1_318' title='bbox 214 2605 248 2654; x_wconf 90' lang='grc' dir='ltr'>Ι,</span> <span class='ocrx_word' id='word_1_319' title='bbox 274 2606 373 2654; x_wconf 81' lang='grc'><em>708,·</em></span> <span class='ocrx_word' id='word_1_320' title='bbox 413 2607 546 2645; x_wconf 65' lang='lat' dir='ltr'>textus</span> <span class='ocrx_word' id='word_1_321' title='bbox 577 2605 825 2657; x_wconf 74' lang='lat' dir='ltr'>exemplaris</span> <span class='ocrx_word' id='word_1_322' title='bbox 859 2604 1118 2645; x_wconf 75' lang='lat' dir='ltr'>Trevirensis</span> <span class='ocrx_word' id='word_1_323' title='bbox 1140 2604 1318 2655; x_wconf 85' lang='lat' dir='ltr'>propius</span> <span class='ocrx_word' id='word_1_324' title='bbox 1348 2603 1502 2644; x_wconf 85' lang='lat' dir='ltr'>accedit</span> <span class='ocrx_word' id='word_1_325' title='bbox 1530 2603 1586 2644; x_wconf 90' lang='lat' dir='ltr'>ad</span> <span class='ocrx_word' id='word_1_326' title='bbox 1615 2603 1825 2655; x_wconf 74' lang='lat' dir='ltr'>exemplar</span> <span class='ocrx_word' id='word_1_327' title='bbox 1855 2603 2154 2656; x_wconf 72' lang='lat' dir='ltr'>Moyuntinum</span> <span class='ocrx_word' id='word_1_328' title='bbox 2183 2616 2308 2655; x_wconf 78' lang='lat' dir='ltr'>quam</span> <span class='ocrx_word' id='word_1_329' title='bbox 2337 2602 2393 2644; x_wconf 89' lang='lat' dir='ltr'>ad</span> 
     </span>
     <span class='ocr_line' id='line_1_30' title="bbox 221 2671 2390 2727; baseline -0 -13"><span class='ocrx_word' id='word_1_330' title='bbox 221 2673 530 2725; x_wconf 67' lang='lat' dir='ltr'>Wireburyense</span> <span class='ocrx_word' id='word_1_331' title='bbox 551 2686 621 2714; x_wconf 80' lang='lat' dir='ltr'>seu</span> <span class='ocrx_word' id='word_1_332' title='bbox 642 2674 909 2727; x_wconf 74' lang='lat' dir='ltr'>Auyustensc.</span> <span class='ocrx_word' id='word_1_333' title='bbox 933 2699 985 2702; x_wconf 97' lang='lat'><strong>—</strong></span> <span class='ocrx_word' id='word_1_334' title='bbox 1008 2671 1463 2714; x_wconf 80' lang='lat' dir='ltr'>Huillard-Bre&#39;holtes</span> <span class='ocrx_word' id='word_1_335' title='bbox 1483 2672 1573 2723; x_wconf 85' lang='lat' dir='ltr'>III,</span> <span class='ocrx_word' id='word_1_336' title='bbox 1594 2672 1690 2715; x_wconf 76' lang='lat'>458.</span> <span class='ocrx_word' id='word_1_337' title='bbox 1740 2672 1934 2722; x_wconf 60' lang='lat' dir='ltr'>Bobium,</span> <span class='ocrx_word' id='word_1_338' title='bbox 1957 2672 2057 2726; x_wconf 69' lang='lat' dir='ltr'>Rea.</span> <span class='ocrx_word' id='word_1_339' title='bbox 2078 2672 2176 2724; x_wconf 88' lang='lat' dir='ltr'>imp.</span> <span class='ocrx_word' id='word_1_340' title='bbox 2204 2671 2247 2721; x_wconf 83' lang='lat' dir='ltr'>V,</span> <span class='ocrx_word' id='word_1_341' title='bbox 2265 2671 2390 2713; x_wconf 78' lang='lat'><strong><em>4195.</em></strong></span> 
     </span>
    </p>
   </div>
   <div class='ocr_carea' id='block_1_6' title="bbox 217 2741 2458 2957">
    <p class='ocr_par' dir='ltr' id='par_1_7' title="bbox 217 2741 2458 2957">
     <span class='ocr_line' id='line_1_31' title="bbox 2038 2741 2458 2796; baseline -0.005 -14"><span class='ocrx_word' id='word_1_342' title='bbox 2038 2741 2108 2794; x_wconf 89' lang='lat' dir='ltr'>(P.</span> <span class='ocrx_word' id='word_1_343' title='bbox 2129 2742 2248 2796; x_wconf 76' lang='lat'><em>282.)</em></span> <span class='ocrx_word' id='word_1_344' title='bbox 2426 2754 2458 2780; x_wconf 86' lang='lat'>30</span> 
     </span>
     <span class='ocr_line' id='line_1_32' title="bbox 359 2831 2390 2888; baseline -0.001 -13"><span class='ocrx_word' id='word_1_345' title='bbox 359 2833 615 2875; x_wconf 69' lang='lat' dir='ltr'>Heinricus³</span> <span class='ocrx_word' id='word_1_346' title='bbox 650 2834 725 2875; x_wconf 90' lang='lat' dir='ltr'>Dei</span> <span class='ocrx_word' id='word_1_347' title='bbox 758 2833 896 2888; x_wconf 88' lang='lat' dir='ltr'>gratia</span> <span class='ocrx_word' id='word_1_348' title='bbox 918 2833 1208 2874; x_wconf 86' lang='lat' dir='ltr'>Romanorum</span> <span class='ocrx_word' id='word_1_349' title='bbox 1240 2834 1345 2874; x_wconf 78' lang='lat' dir='ltr'>rexb</span> <span class='ocrx_word' id='word_1_350' title='bbox 1381 2847 1551 2888; x_wconf 85' lang='lat' dir='ltr'>semper</span> <span class='ocrx_word' id='word_1_351' title='bbox 1584 2836 1792 2887; x_wconf 86' lang='lat' dir='ltr'>augustus</span> <span class='ocrx_word' id='word_1_352' title='bbox 1814 2833 2049 2874; x_wconf 83' lang='lat' dir='ltr'>universisc</span> <span class='ocrx_word' id='word_1_353' title='bbox 2079 2831 2279 2874; x_wconf 89' lang='lat' dir='ltr'>fidelibus</span> <span class='ocrx_word' id='word_1_354' title='bbox 2302 2831 2390 2873; x_wconf 88' lang='lat' dir='ltr'>suis</span> 
     </span>
     <span class='ocr_line' id='line_1_33' title="bbox 217 2900 2391 2957; baseline 0 -15"><span class='ocrx_word' id='word_1_355' title='bbox 217 2903 398 2957; x_wconf 84' lang='lat' dir='ltr'>gratiam</span> <span class='ocrx_word' id='word_1_356' title='bbox 431 2916 549 2943; x_wconf 87' lang='lat' dir='ltr'>suam</span> <span class='ocrx_word' id='word_1_357' title='bbox 583 2907 626 2944; x_wconf 92' lang='lat' dir='ltr'>et</span> <span class='ocrx_word' id='word_1_358' title='bbox 660 2916 783 2943; x_wconf 89' lang='lat' dir='ltr'>omne</span> <span class='ocrx_word' id='word_1_359' title='bbox 817 2902 988 2943; x_wconf 90' lang='lat' dir='ltr'>bonum.</span> <span class='ocrx_word' id='word_1_360' title='bbox 1088 2901 1297 2943; x_wconf 91' lang='lat' dir='ltr'>Volentes</span> <span class='ocrx_word' id='word_1_361' title='bbox 1321 2902 1535 2956; x_wconf 88' lang='lat' dir='ltr'>principes</span> <span class='ocrx_word' id='word_1_362' title='bbox 1558 2905 1724 2942; x_wconf 89' lang='lat' dir='ltr'>nostros</span> <span class='ocrx_word' id='word_1_363' title='bbox 1749 2901 2063 2942; x_wconf 88' lang='lat' dir='ltr'>ecclesiasticos</span> <span class='ocrx_word' id='word_1_364' title='bbox 2088 2905 2131 2942; x_wconf 91' lang='lat' dir='ltr'>et</span> <span class='ocrx_word' id='word_1_365' title='bbox 2151 2900 2391 2942; x_wconf 84' lang='lat' dir='ltr'>mundanos</span> 
     </span>
    </p>
   </div>
   <div class='ocr_carea' id='block_1_7' title="bbox 219 2969 2393 3093">
    <p class='ocr_par' dir='ltr' id='par_1_8' title="bbox 219 2969 2393 3093">
     <span class='ocr_line' id='line_1_34' title="bbox 219 2969 2391 3025; baseline -0 -14"><span class='ocrx_word' id='word_1_366' title='bbox 219 2970 498 3025; x_wconf 86' lang='lat' dir='ltr'>ceterosqued</span> <span class='ocrx_word' id='word_1_367' title='bbox 530 2971 678 3012; x_wconf 90' lang='lat' dir='ltr'>fideles</span> <span class='ocrx_word' id='word_1_368' title='bbox 712 2972 831 3025; x_wconf 91' lang='lat' dir='ltr'>regni</span> <span class='ocrx_word' id='word_1_369' title='bbox 863 2971 997 3011; x_wconf 86' lang='lat' dir='ltr'>nostri</span> <span class='ocrx_word' id='word_1_370' title='bbox 1030 2971 1072 3011; x_wconf 91' lang='lat' dir='ltr'>in</span> <span class='ocrx_word' id='word_1_371' title='bbox 1105 2984 1182 3011; x_wconf 87' lang='lat' dir='ltr'>sua</span> <span class='ocrx_word' id='word_1_372' title='bbox 1212 2971 1439 3012; x_wconf 79' lang='lat' dir='ltr'>libertatee</span> <span class='ocrx_word' id='word_1_373' title='bbox 1472 2969 1667 3011; x_wconf 75' lang='lat' dir='ltr'>servares</span> <span class='ocrx_word' id='word_1_374' title='bbox 1698 2974 1740 3011; x_wconf 89' lang='lat' dir='ltr'>et</span> <span class='ocrx_word' id='word_1_375' title='bbox 1761 2970 1899 3011; x_wconf 91' lang='lat' dir='ltr'>modis</span> <span class='ocrx_word' id='word_1_376' title='bbox 1924 2969 2118 3010; x_wconf 90' lang='lat' dir='ltr'>omnibus</span> <span class='ocrx_word' id='word_1_377' title='bbox 2151 2969 2391 3021; x_wconf 86' lang='lat' dir='ltr'>confovere,</span> 
     </span>
     <span class='ocr_line' id='line_1_35' title="bbox 220 3037 2393 3093; baseline -0.001 -13"><span class='ocrx_word' id='word_1_378' title='bbox 220 3039 270 3079; x_wconf 89' lang='lat' dir='ltr'>de</span> <span class='ocrx_word' id='word_1_379' title='bbox 304 3040 451 3093; x_wconf 64' lang='lat' dir='ltr'>regiae</span> <span class='ocrx_word' id='word_1_380' title='bbox 482 3044 629 3080; x_wconf 88' lang='lat' dir='ltr'>nostra</span> <span class='ocrx_word' id='word_1_381' title='bbox 659 3038 973 3080; x_wconf 86' lang='lat' dir='ltr'>munificentiah</span> <span class='ocrx_word' id='word_1_382' title='bbox 1005 3039 1186 3093; x_wconf 87' lang='lat' dir='ltr'>gratiam</span> <span class='ocrx_word' id='word_1_383' title='bbox 1218 3039 1280 3080; x_wconf 88' lang='lat' dir='ltr'>eis</span> <span class='ocrx_word' id='word_1_384' title='bbox 1312 3040 1514 3090; x_wconf 80' lang='lat' dir='ltr'>fecimus,</span> <span class='ocrx_word' id='word_1_385' title='bbox 1546 3052 1673 3093; x_wconf 89' lang='lat' dir='ltr'>quam</span> <span class='ocrx_word' id='word_1_386' title='bbox 1709 3052 1734 3079; x_wconf 90' lang='lat' dir='ltr'>a</span> <span class='ocrx_word' id='word_1_387' title='bbox 1765 3038 2010 3079; x_wconf 89' lang='lat' dir='ltr'>civitatibus</span> <span class='ocrx_word' id='word_1_388' title='bbox 2042 3038 2196 3079; x_wconf 86' lang='lat' dir='ltr'>nostris</span> <span class='ocrx_word' id='word_1_389' title='bbox 2230 3037 2393 3079; x_wconf 87' lang='lat' dir='ltr'>eisdem</span> 
     </span>
    </p>
   </div>
   <div class='ocr_carea' id='block_1_8' title="bbox 221 3107 2460 3379">
    <p class='ocr_par' dir='ltr' id='par_1_9' title="bbox 221 3107 2460 3265">
     <span class='ocr_line' id='line_1_36' title="bbox 221 3107 2460 3149; baseline 0.002 -2"><span class='ocrx_word' id='word_1_390' title='bbox 221 3107 412 3148; x_wconf 79' lang='lat' dir='ltr'>volumus</span> <span class='ocrx_word' id='word_1_391' title='bbox 446 3107 748 3149; x_wconf 88' lang='lat' dir='ltr'>inviolabiliter</span> <span class='ocrx_word' id='word_1_392' title='bbox 780 3108 1011 3149; x_wconf 87' lang='lat' dir='ltr'>observari.</span> <span class='ocrx_word' id='word_1_393' title='bbox 2429 3113 2460 3140; x_wconf 77' lang='lat'>3⁵</span> 
     </span>
     <span class='ocr_line' id='line_1_37' title="bbox 355 3221 2395 3265; baseline -0.001 -9"><span class='ocrx_word' id='word_1_394' title='bbox 355 3221 440 3257; x_wconf 75' lang='grc'>304.</span> <span class='ocrx_word' id='word_1_395' title='bbox 474 3227 504 3263; x_wconf 69' lang='lat'>²)</span> <span class='ocrx_word' id='word_1_396' title='bbox 530 3225 573 3256; x_wconf 91' lang='lat' dir='ltr'>H.</span> <span class='ocrx_word' id='word_1_397' title='bbox 592 3222 628 3261; x_wconf 78' lang='lat'><em>33</em></span> <span class='ocrx_word' id='word_1_398' title='bbox 656 3224 825 3257; x_wconf 86' lang='lat' dir='ltr'>Henricus</span> <span class='ocrx_word' id='word_1_399' title='bbox 851 3221 880 3255; x_wconf 86' lang='lat'>4.</span> <span class='ocrx_word' id='word_1_400' title='bbox 999 3221 1032 3264; x_wconf 82' lang='lat' dir='ltr'>b)</span> <span class='ocrx_word' id='word_1_401' title='bbox 1059 3228 1091 3255; x_wconf 85' lang='lat' dir='ltr'>et</span> <span class='ocrx_word' id='word_1_402' title='bbox 1115 3222 1197 3255; x_wconf 84' lang='lat' dir='ltr'>add.</span> <span class='ocrx_word' id='word_1_403' title='bbox 1216 3222 1246 3255; x_wconf 79' lang='lat'>2.</span> <span class='ocrx_word' id='word_1_404' title='bbox 1275 3222 1305 3254; x_wconf 88' lang='grc'>3.</span> <span class='ocrx_word' id='word_1_405' title='bbox 1423 3223 1452 3263; x_wconf 81' lang='lat'>⁰)</span> <span class='ocrx_word' id='word_1_406' title='bbox 1472 3234 1540 3264; x_wconf 84' lang='lat' dir='ltr'>pro</span> <span class='ocrx_word' id='word_1_407' title='bbox 1566 3223 1732 3256; x_wconf 79' lang='lat' dir='ltr'>universis</span> <span class='ocrx_word' id='word_1_408' title='bbox 1757 3223 1914 3255; x_wconf 85' lang='lat' dir='ltr'>fidelibus</span> <span class='ocrx_word' id='word_1_409' title='bbox 1938 3223 2009 3254; x_wconf 89' lang='lat' dir='ltr'>suis</span> <span class='ocrx_word' id='word_1_410' title='bbox 2031 3221 2070 3254; x_wconf 80' lang='lat'>2:</span> <span class='ocrx_word' id='word_1_411' title='bbox 2096 3233 2154 3254; x_wconf 92' lang='lat' dir='ltr'>un.</span> <span class='ocrx_word' id='word_1_412' title='bbox 2180 3222 2302 3265; x_wconf 85' lang='lat' dir='ltr'>regni</span> <span class='ocrx_word' id='word_1_413' title='bbox 2327 3222 2395 3254; x_wconf 88' lang='lat' dir='ltr'>sui</span> 
     </span>
    </p>

    <p class='ocr_par' dir='ltr' id='par_1_10' title="bbox 221 3277 2398 3323">
     <span class='ocr_line' id='line_1_38' title="bbox 221 3277 2398 3323; baseline -0.001 -11"><span class='ocrx_word' id='word_1_414' title='bbox 221 3281 392 3320; x_wconf 75' lang='lat' dir='ltr'>fidelibu53</span> <span class='ocrx_word' id='word_1_415' title='bbox 419 3280 456 3313; x_wconf 88' lang='lat'>3:</span> <span class='ocrx_word' id='word_1_416' title='bbox 482 3282 706 3313; x_wconf 81' lang='lat' dir='ltr'>universis</span> <span class='ocrx_word' id='word_1_417' title='bbox 732 3281 896 3323; x_wconf 88' lang='lat' dir='ltr'>imperii</span> <span class='ocrx_word' id='word_1_418' title='bbox 922 3280 1131 3312; x_wconf 87' lang='lat' dir='ltr'>fidelibus</span> <span class='ocrx_word' id='word_1_419' title='bbox 1157 3281 1322 3322; x_wconf 88' lang='lat' dir='ltr'>quibus</span> <span class='ocrx_word' id='word_1_420' title='bbox 1347 3291 1518 3322; x_wconf 85' lang='lat' dir='ltr'>presens</span> <span class='ocrx_word' id='word_1_421' title='bbox 1544 3280 1698 3313; x_wconf 84' lang='lat' dir='ltr'>littera</span> <span class='ocrx_word' id='word_1_422' title='bbox 1724 3280 1854 3312; x_wconf 86' lang='lat' dir='ltr'>fuerit</span> <span class='ocrx_word' id='word_1_423' title='bbox 1878 3284 2062 3312; x_wconf 81' lang='lat' dir='ltr'>ostensa.</span> <span class='ocrx_word' id='word_1_424' title='bbox 2159 3277 2192 3321; x_wconf 85' lang='lat' dir='ltr'>d)</span> <span class='ocrx_word' id='word_1_425' title='bbox 2217 3283 2398 3311; x_wconf 83' lang='lat' dir='ltr'>eeteros-</span> 
     </span>
    </p>

    <p class='ocr_par' dir='ltr' id='par_1_11' title="bbox 221 3333 2395 3379">
     <span class='ocr_line' id='line_1_39' title="bbox 221 3333 2395 3379; baseline 0 -11"><span class='ocrx_word' id='word_1_426' title='bbox 221 3348 299 3379; x_wconf 85' lang='lat' dir='ltr'>que</span> <span class='ocrx_word' id='word_1_427' title='bbox 331 3338 481 3370; x_wconf 80' lang='lat' dir='ltr'>fideles</span> <span class='ocrx_word' id='word_1_428' title='bbox 512 3339 636 3379; x_wconf 86' lang='lat' dir='ltr'>regni</span> <span class='ocrx_word' id='word_1_429' title='bbox 670 3338 804 3370; x_wconf 86' lang='lat' dir='ltr'>nostri</span> <span class='ocrx_word' id='word_1_430' title='bbox 830 3338 897 3370; x_wconf 78' lang='lat' dir='ltr'>des.</span> <span class='ocrx_word' id='word_1_431' title='bbox 917 3337 948 3370; x_wconf 84' lang='lat'>3.</span> <span class='ocrx_word' id='word_1_432' title='bbox 1087 3336 1116 3375; x_wconf 73' lang='lat' dir='ltr'>e)</span> <span class='ocrx_word' id='word_1_433' title='bbox 1155 3338 1372 3370; x_wconf 88' lang='lat' dir='ltr'>ethonore</span> <span class='ocrx_word' id='word_1_434' title='bbox 1397 3337 1478 3369; x_wconf 76' lang='lat' dir='ltr'>add.</span> <span class='ocrx_word' id='word_1_435' title='bbox 1496 3336 1527 3370; x_wconf 78' lang='lat'>2.</span> <span class='ocrx_word' id='word_1_436' title='bbox 1553 3336 1584 3370; x_wconf 87' lang='lat'>3.</span> <span class='ocrx_word' id='word_1_437' title='bbox 1723 3335 1752 3377; x_wconf 83' lang='lat' dir='ltr'>f)</span> <span class='ocrx_word' id='word_1_438' title='bbox 1791 3347 1991 3369; x_wconf 85' lang='lat' dir='ltr'>conservare</span> <span class='ocrx_word' id='word_1_439' title='bbox 2015 3334 2046 3368; x_wconf 88' lang='lat'>3.</span> <span class='ocrx_word' id='word_1_440' title='bbox 2163 3334 2197 3376; x_wconf 79' lang='lat'>8)</span> <span class='ocrx_word' id='word_1_441' title='bbox 2235 3335 2340 3378; x_wconf 85' lang='lat' dir='ltr'>regali</span> <span class='ocrx_word' id='word_1_442' title='bbox 2363 3333 2395 3368; x_wconf 87' lang='lat'>3.</span> 
     </span>
    </p>
   </div>
   <div class='ocr_carea' id='block_1_9' title="bbox 223 3393 570 3429">
    <p class='ocr_par' dir='ltr' id='par_1_12' title="bbox 223 3393 570 3429">
     <span class='ocr_line' id='line_1_40' title="bbox 223 3393 570 3429; baseline 0.006 -4"><span class='ocrx_word' id='word_1_443' title='bbox 223 3393 256 3429; x_wconf 53' lang='grc' dir='ltr'>ἢ)</span> <span class='ocrx_word' id='word_1_444' title='bbox 283 3406 373 3427; x_wconf 89' lang='lat' dir='ltr'>mun.</span> <span class='ocrx_word' id='word_1_445' title='bbox 399 3402 514 3427; x_wconf 82' lang='lat' dir='ltr'>nostra</span> <span class='ocrx_word' id='word_1_446' title='bbox 539 3394 570 3427; x_wconf 89' lang='lat'>3.</span> 
     </span>
    </p>
   </div>
   <div class='ocr_carea' id='block_1_10' title="bbox 224 3481 2461 3585">
    <p class='ocr_par' dir='ltr' id='par_1_13' title="bbox 224 3481 2461 3585">
     <span class='ocr_line' id='line_1_41' title="bbox 361 3481 2461 3527; baseline -0.001 -10"><span class='ocrx_word' id='word_1_447' title='bbox 361 3486 392 3525; x_wconf 84' lang='lat'>1)</span> <span class='ocrx_word' id='word_1_448' title='bbox 420 3486 607 3518; x_wconf 80' lang='lat' dir='ltr'>Auctorem</span> <span class='ocrx_word' id='word_1_449' title='bbox 630 3484 725 3518; x_wconf 80' lang='lat' dir='ltr'>hune</span> <span class='ocrx_word' id='word_1_450' title='bbox 742 3484 928 3527; x_wconf 68' lang='lat' dir='ltr'>eremplari</span> <span class='ocrx_word' id='word_1_451' title='bbox 947 3483 1193 3527; x_wconf 67' lang='lat' dir='ltr'>Bambergyeusi</span> <span class='ocrx_word' id='word_1_452' title='bbox 1217 3494 1320 3517; x_wconf 83' lang='lat' dir='ltr'>usum</span> <span class='ocrx_word' id='word_1_453' title='bbox 1343 3494 1420 3526; x_wconf 83' lang='lat' dir='ltr'>esse,</span> <span class='ocrx_word' id='word_1_454' title='bbox 1445 3487 1485 3517; x_wconf 88' lang='lat' dir='ltr'>ut</span> <span class='ocrx_word' id='word_1_455' title='bbox 1508 3484 1581 3517; x_wconf 84' lang='lat' dir='ltr'>vult</span> <span class='ocrx_word' id='word_1_456' title='bbox 1598 3483 1708 3525; x_wconf 67' lang='lat' dir='ltr'>Per-te,</span> <span class='ocrx_word' id='word_1_457' title='bbox 1727 3493 1875 3526; x_wconf 82' lang='lat' dir='ltr'>prorsus</span> <span class='ocrx_word' id='word_1_458' title='bbox 1892 3481 2089 3526; x_wconf 71' lang='lat' dir='ltr'>ueyaridum</span> <span class='ocrx_word' id='word_1_459' title='bbox 2105 3486 2152 3516; x_wconf 86' lang='lat' dir='ltr'>est</span> <span class='ocrx_word' id='word_1_460' title='bbox 2169 3485 2275 3525; x_wconf 78' lang='lat' dir='ltr'>atque</span> <span class='ocrx_word' id='word_1_461' title='bbox 2295 3481 2394 3516; x_wconf 82' lang='lat' dir='ltr'>dubi-</span> <span class='ocrx_word' id='word_1_462' title='bbox 2429 3489 2461 3514; x_wconf 78' lang='lat'>40</span> 
     </span>
     <span class='ocr_line' id='line_1_42' title="bbox 224 3537 2396 3585; baseline -0.001 -11"><span class='ocrx_word' id='word_1_463' title='bbox 224 3540 380 3583; x_wconf 75' lang='lat' dir='ltr'>tandum,</span> <span class='ocrx_word' id='word_1_464' title='bbox 406 3552 492 3574; x_wconf 70' lang='lat' dir='ltr'>mem</span> <span class='ocrx_word' id='word_1_465' title='bbox 518 3541 554 3574; x_wconf 75' lang='lat' dir='ltr'>id</span> <span class='ocrx_word' id='word_1_466' title='bbox 580 3552 737 3585; x_wconf 75' lang='lat' dir='ltr'>unquam</span> <span class='ocrx_word' id='word_1_467' title='bbox 761 3541 933 3574; x_wconf 64' lang='lat' dir='ltr'>emtiterit.</span> <span class='ocrx_word' id='word_1_468' title='bbox 982 3540 1161 3575; x_wconf 79' lang='lat' dir='ltr'>Lectiones</span> <span class='ocrx_word' id='word_1_469' title='bbox 1181 3541 1290 3585; x_wconf 71' lang='lat' dir='ltr'>plane</span> <span class='ocrx_word' id='word_1_470' title='bbox 1313 3541 1521 3575; x_wconf 76' lang='lat' dir='ltr'>conveniunt</span> <span class='ocrx_word' id='word_1_471' title='bbox 1553 3551 1630 3574; x_wconf 87' lang='lat' dir='ltr'>cum</span> <span class='ocrx_word' id='word_1_472' title='bbox 1653 3541 1840 3584; x_wconf 81' lang='lat' dir='ltr'>exemplari</span> <span class='ocrx_word' id='word_1_473' title='bbox 1867 3539 2130 3583; x_wconf 66' lang='lat' dir='ltr'>Wirebwryerisi,</span> <span class='ocrx_word' id='word_1_474' title='bbox 2248 3539 2281 3582; x_wconf 83' lang='lat'>2)</span> <span class='ocrx_word' id='word_1_475' title='bbox 2309 3537 2396 3573; x_wconf 84' lang='lat' dir='ltr'>Cum</span> 
     </span>
    </p>
   </div>
   <div class='ocr_carea' id='block_1_11' title="bbox 224 3595 2396 3697">
    <p class='ocr_par' dir='ltr' id='par_1_14' title="bbox 224 3595 2396 3697">
     <span class='ocr_line' id='line_1_43' title="bbox 224 3595 2396 3642; baseline -0 -11"><span class='ocrx_word' id='word_1_476' title='bbox 224 3597 334 3631; x_wconf 80' lang='lat' dir='ltr'>editor</span> <span class='ocrx_word' id='word_1_477' title='bbox 364 3598 447 3632; x_wconf 87' lang='lat' dir='ltr'>tomi</span> <span class='ocrx_word' id='word_1_478' title='bbox 471 3598 508 3631; x_wconf 91' lang='lat' dir='ltr'>V.</span> <span class='ocrx_word' id='word_1_479' title='bbox 533 3598 647 3640; x_wconf 63' lang='lat' dir='ltr'>(licat,</span> <span class='ocrx_word' id='word_1_480' title='bbox 679 3608 712 3631; x_wconf 90' lang='lat' dir='ltr'>se</span> <span class='ocrx_word' id='word_1_481' title='bbox 744 3601 873 3631; x_wconf 74' lang='lat' dir='ltr'>textum</span> <span class='ocrx_word' id='word_1_482' title='bbox 900 3608 942 3631; x_wconf 70' lang='lat' dir='ltr'>eac</span> <span class='ocrx_word' id='word_1_483' title='bbox 967 3598 1186 3641; x_wconf 70' lang='lat' dir='ltr'>aiitoyrapho</span> <span class='ocrx_word' id='word_1_484' title='bbox 1210 3597 1355 3632; x_wconf 74' lang='lat' dir='ltr'>archivii</span> <span class='ocrx_word' id='word_1_485' title='bbox 1382 3597 1644 3632; x_wconf 73' lang='lat' dir='ltr'>Monachierasis</span> <span class='ocrx_word' id='word_1_486' title='bbox 1673 3598 1850 3642; x_wconf 84' lang='lat' dir='ltr'>recepisse,</span> <span class='ocrx_word' id='word_1_487' title='bbox 1883 3596 2056 3640; x_wconf 77' lang='lat' dir='ltr'>eoeemplar</span> <span class='ocrx_word' id='word_1_488' title='bbox 2080 3597 2302 3641; x_wconf 71' lang='lat' dir='ltr'>Auyusterise</span> <span class='ocrx_word' id='word_1_489' title='bbox 2325 3595 2396 3630; x_wconf 82' lang='lat' dir='ltr'>iam</span> 
     </span>
     <span class='ocr_line' id='line_1_44' title="bbox 225 3654 1212 3697; baseline -0.001 -8"><span class='ocrx_word' id='word_1_490' title='bbox 225 3658 306 3689; x_wconf 80' lang='lat' dir='ltr'>ante</span> <span class='ocrx_word' id='word_1_491' title='bbox 330 3666 361 3688; x_wconf 86' lang='grc' dir='ltr'>α.</span> <span class='ocrx_word' id='word_1_492' title='bbox 384 3659 463 3689; x_wconf 79' lang='grc'>1780</span> <span class='ocrx_word' id='word_1_493' title='bbox 491 3654 717 3688; x_wconf 74' lang='lat' dir='ltr'>Monachimn</span> <span class='ocrx_word' id='word_1_494' title='bbox 743 3655 958 3688; x_wconf 78' lang='lat' dir='ltr'>translatum</span> <span class='ocrx_word' id='word_1_495' title='bbox 982 3664 1048 3688; x_wconf 88' lang='lat' dir='ltr'>esse</span> <span class='ocrx_word' id='word_1_496' title='bbox 1071 3657 1212 3697; x_wconf 81' lang='lat' dir='ltr'>oportet.</span> 
     </span>
    </p>
   </div>
  </div>
 </body>
</html>
