2558 3970
602 165 849 200 WILHELM1
879 165 1016 200 neeis·
1042 166 1468 211 ‹wiss'rrri‘rioxizs
1526 169 1622 203 12:35».
1675 169 1734 203 κν.
1754 169 1831 203 371.
1858 170 1935 203 m.
2297 174 2376 211 475

182 282 335 324 nobilis
368 295 446 324 seu
478 282 596 332 civis,
630 282 870 337 burgensis,
905 281 1115 336 opidanus
1141 283 1207 323 vel
1241 283 1429 337 agricola
1465 284 1554 323 sive
1581 284 1762 325 villanus
1799 286 1862 325 vol
1897 286 2191 340 cuiuscunque
2225 285 2374 326 condi-

183 352 316 392 cionis
358 352 538 399 existat,
583 356 810 392 contentus
853 350 906 391 de
948 356 1118 391 ceter-0⁰
1151 357 1322 392 maneat
1363 353 1452 392 iure
1487 367 1584 393 suo:
1630 368 1717 395 nos.
1762 360 1807 395 ut
1841 354 2097 395 christianus
2131 356 2315 410 populus
2353 370 2374 395 ιι

182 421 356 462 diutinis
396 421 604 461 bellorum
639 426 681 461 et
723 420 1021 460 turbacionum
1063 420 1282 460 laboribus
1317 421 1586 475 temporibus
1622 424 1777 462 nostris
1813 424 1852 463 in
1886 425 2121 464 amenitate
2156 424 2273 479 pacis
2310 438 2375 463 re-

184 491 330 545 spiret,
361 503 529 530 omnem
554 503 680 545 opem
704 494 747 530 et
769 503 943 544 operam
968 493 1236 544 apponentes
1268 490 1504 544 predictam
1531 492 1780 543 generalem
1812 506 1960 546 paci-m
1986 499 2133 547 utpote
2158 493 2374 533 salubrem

129 574 143 597 5
184 565 226 599 et
257 559 371 614 piam
404 560 658 600 auctoritate
693 558 852 613 regalis
887 558 1083 598 culminis
1117 557 1406 612 approbamus
1432 565 1473 598 ct
1508 560 1784 613 prcwntibns
1812 561 2058 602 duraturum
2084 562 2121 601 in
2157 567 2376 616 posterum

183 628 504 670 confirmamus:
543 641 664 668 sacro
707 627 897 683 presenti
937 626 1076 668 edicto
1123 627 1201 666 sul)
1243 627 1599 668 interminacione
1641 630 1784 681 gracie
1825 637 1966 670 nostro
2000 630 2233 671 districtius
2268 630 2377 671 inlui-

181 697 347 748 bentes,
380 712 433 738 ne
467 698 563 752 quis
595 696 834 752 predictam
867 710 1017 751 pacem
1042 710 1149 736 ausu
1178 697 1406 737 temerario
1433 697 1664 751 infringere
1690 698 1846 738 audeat
1873 700 1938 739 vel
1973 701 2010 740 in
2035 700 2178 754 aliquo
2204 700 2376 740 violare.

184 766 229 807 Si
263 767 356 822 quis
391 780 488 808 vero
521 768 720 807 inventus
754 766 883 807 fuerit
912 766 1169 807 temerarius
1196 766 1392 815 violator,
1428 766 1621 806 volumus
1646 772 1688 807 ct
1722 769 1908 822 presenti
1935 770 2095 823 scripto
2121 770 2377 809 sanccimus.

182 840 227 877 ut
259 835 457 891 deposita
499 837 635 891 primo
680 850 823 878 coram
864 835 984 876 nobis
1018 835 1084 875 vel
1129 835 1364 875 iusticiario
1407 840 1554 875 nostro
1589 836 1769 890 quercla
1805 836 1856 877 de
1897 838 2011 892 ipso.
2056 844 2155 877 tunc
2190 838 2303 877 vives
2338 844 2378 876 vt

113 919 146 944 ιο
183 905 253 946 alii
285 906 357 960 qui
388 906 507 961 pacis
542 905 685 946 federe
721 910 818 946 sunt
841 904 1009 945 astricti
1033 904 1085 945 dc
1117 909 1262 944 nostro
1288 905 1354 944 vel
1383 905 1513 944 nostri
1542 905 1763 946 iusticiarii
1789 907 1980 946 consilio.
2014 921 2192 946 assensu
2220 906 2379 962 pariter

183 979 225 1015 et
256 974 402 1016 favore
437 980 585 1015 contra
617 975 873 1017 violatorem
908 973 1152 1014 huiusmodi
1187 973 1425 1029 procedere
1462 988 1544 1014 non
1579 975 1791 1015 omittant.

326 1043 424 1084 Dat.
471 1043 608 1099 a.pu‹ls
639 1044 962 1099 IIagenouwess,
996 1043 1073 1085 Vl.
1113 1041 1171 1084 ld.
1207 1041 1368 1084 Marcii.
1415 1041 1650 1083 indictione
1696 1044 1822 1086 XIII.
1857 1059 1967 1084 anno
2011 1044 2179 1084 Domini
2222 1043 2378 1083 M(3('l,

181 1114 342 1168 quinto.

375 1455 507 1524 37⁶2.
545 1454 680 1523 373.
727 1449 1504 1523 PROMULGATIO
1560 1449 2180 1521 IUSTITIARII

113 1602 144 1627 ι5
961 1566 1601 1638 GENERALIS.

1069 1705 1210 1751 1955.
1249 1705 1389 1752 Mart.
1419 1705 1447 1752 Q
1459 1706 1498 1752 1.

826 1847 928 1891 372.
971 1849 1347 1891 MANDATIJ'M
1386 1847 1737 1890 GENERALE.

323 1931 607 1987 Apogyraphon
639 1933 778 1973 exstat
808 1932 855 1972 in
887 1931 1097 1973 tabulario
1128 1932 1265 1973 aulico
1299 1930 1556 1972 Tazcrinensc'
1579 1929 1740 1972 Iacent.
1772 1928 1953 1970 Sabaml.
1988 1928 2258 1971 Couvolutum
2288 1942 2385 1981 aym-

177 2002 430 2056 waplam-nm
470 2016 507 2043 a.
532 2002 829 2043 1218—1260
865 2000 971 2056 fasc.
995 2001 1027 2042 I
1060 2015 1127 2042 nr.
1149 2002 1217 2051 23,
1258 2001 1302 2041 in
1341 2002 1596 2041 transsumto
1627 1999 1822 2040 Heinrici
1855 1999 2033 2050 episcopa·
2063 1998 2385 2052 Arycnlz'nmzsz's

112 2091 146 2116 20
182 2087 222 2116 α.
246 2069 371 2113 1255.
403 2071 512 2113 Mai.
544 2074 569 2111 6
611 2070 806 2122 confecto,
852 2071 961 2123 quod
1001 2071 1220 2112 ediderunt
1251 2070 1331 2126 (K)
1364 2070 1489 2122 Κορῇ
1529 2068 1699 2110 ‘Archiv
1734 2067 1815 2123 fiir
1845 2067 1999 2108 Kumlc
2030 2067 2381 2109 osterreichisclmr

185 2141 594 2194 Geschichtsquellen’
631 2140 697 2183 VI
727 2139 997 2194 (Urkzmclen
1027 2153 1104 2182 zm·
1139 2139 1282 2182 Gesck.
1315 2139 1388 2180 der
1419 2137 1769 2191 eidyenosse'schsen
1802 2136 1966 2178 Bimcle’
1997 2136 2085 2191 II),
2128 2139 2210 2178 103
2241 2150 2307 2178 nr.
2329 2138 2385 2177 29

181 2213 256 2263 (=
279 2211 434 2252 Fontes
459 2224 600 2252 rerum
622 2209 906 2252 Beruensmm
927 2208 989 2260 II,
1007 2210 1112 2261 391)
1133 2212 1170 2250 et
1192 2208 1292 2265 (W)
1323 2207 1377 2250 W
1378 2207 1674 2261 urstemberqer
1695 2205 1830 2247 ‘Peter
1852 2206 1915 2247 II.
1943 2205 2067 2260 Graf'
2086 2219 2159 2247 von
2181 2205 2379 2257 Sczvogyen'

181 2279 261 2331 IV,
285 2281 368 2321 193
398 2293 463 2321 ην.
487 2281 586 2323 391.
618 2305 673 2310 -
704 2279 898 2330 Βόἷιοηεν,
932 2278 1030 2332 Rey.
1064 2279 1161 2330 imp.
1191 2276 1237 2328 V,
1259 2278 1385 2318 5247.
2007 2274 2075 2326 (P.
2098 2275 2241 2328 deest.)

329 2407 573 2449 Willelmus
605 2407 688 2449 Dei
731 2408 873 2463 gratia
904 2406 1195 2447 Romanorum
1237 2420 1315 2447 rex
1359 2418 1527 2460 semper
1566 2406 1775 2458 augustus
1814 2403 2027 2444 universis
2067 2403 2175 2444 sacri
2210 2402 2379 2457 imperii

113 2491 144 2517 25
182 2477 406 2529 fidelibus,
440 2477 787 2519 venerabilibus²³
818 2475 1177 2531 archiepiscopis,
1211 2475 1426 2531 episcopis
1460 2478 1502 2515 et
1533 2472 1784 2522 abbatibus,
1817 2472 2151 2524 marchionibus,
2184 2471 2381 2513 ducibus.

181 2546 454 2603 principibus¹
485 2547 672 2602 imperii,
715 2545 963 2596 comitibus,
1004 2545 1246 2596 nobilibus,
1279 2544 1500 2589 vassallis,
1544 2541 1916 2593 ministerialibus,
1960 2542 2124 2582 civibus
2158 2542 2380 2582 civitatum

182 2616 424 2672 ceterisque
465 2615 633 2672 imperii
670 2615 892 2667 fidelibus,
933 2613 987 2656 ad
1020 2628 1127 2669 quos
1170 2614 1314 2655 littere
1346 2613 1429 2654 iste
1473 2611 1769 2668 pervenerint,
1812 2611 1993 2666 gratiam
2026 2624 2145 2651 suam
2179 2614 2221 2651 et
2255 2623 2381 2650 omne

179 2686 355 2728 bonum.

327 2754 435 2797 Cum
466 2769 542 2811 pro
565 2754 797 2810 tranquillo
827 2758 941 2795 statu
964 2758 1208 2795 nostrorum
1235 2757 1278 2794 et
1299 2752 1467 2808 imperii
1492 2750 1683 2792 fidelium
1708 2749 1898 2791 nobilem
1924 2749 2059 2789 virum
2083 2748 2158 2790 A.1
2183 2747 2380 2788 comitem

112 2842 145 2867 30
182 2825 236 2868 de
268 2824 510 2866 Waldecke
548 2824 823 2866 karissimum
864 2823 1123 2865 familiarem
1163 2827 1206 2864 et
1244 2821 1417 2864 fidelem
1455 2825 1672 2871 nostrum,
1716 2833 1800 2860 non
1834 2819 2028 2860 valentes
2061 2818 2165 2858 locis
2200 2816 2382 2872 singulis

178 2895 467 2952 personaliter
496 2895 724 2946 interesse,
761 2893 1011 2949 generalem
1044 2892 1327 2934 iusticiarium
1362 2895 1557 2933 nostrum
1592 2895 1635 2931 et
1667 2889 1729 2930 rei
1762 2888 1934 2944 publice
1967 2887 2220 2929 duxerimus
2245 2890 2381 2926 statu-

181 2964 357 3016 endum,
396 2964 727 3006 universitatem
760 2966 947 3004 vestram
980 2975 1228 3013 monemu8,
1267 2961 1527 3017 requirimus
1561 2964 1604 3001 et
1638 2971 1840 3014 rogamus
1873 2957 2077 2999 attenteb.
2117 2955 2375 2996 auctoritate

179 3034 302 3076 vobis
335 3034 493 3089 regalis
527 3033 750 3075 culminis⁰
782 3031 1109 3083 demandantes,
1143 3030 1345 3087 quatinus
1380 3029 1521 3072 eidem
1555 3033 1774 3083 tamquam
1807 3026 1931 3067 nobis
1956 3025 2008 3066 ad
2042 3025 2215 3080 plenum
2238 3025 2379 3065 inten-

182 3104 305 3157 dere,
346 3117 501 3160 parere
533 3117 582 3144 ac
616 3101 793 3144 obedire
827 3102 1006 3153 curetis,
1050 3105 1298 3156 prestantes
1332 3099 1472 3141 eidem
1514 3099 1606 3139 loco
1639 3097 1773 3138 nostri
1807 3095 2053 3150 homagium
2088 3099 2130 3136 et
2163 3093 2380 3135 fidelitatis

113 3186 146 3213 35
182 3173 325 3215 debite
362 3173 652 3214 iuramentum
692 3176 736 3214 et
781 3169 929 3212 iuxtad
976 3170 1139 3226 ipsiuse
1179 3169 1405 3211 consilium
1447 3166 1632 3209 fideliter
1672 3163 1990 3220 conparentess,
2031 3163 2168 3204 donec
2209 3161 2261 3204 ad
2303 3175 2379 3203 vos

182 3242 472 3298 personaliter
503 3242 742 3284 veniamus.

326 3311 489 3353 Datum
521 3311 790 3363 Wetfiarieg,
822 3310 926 3353 XII.
957 3308 1058 3351 Kal.
1092 3308 1266 3364 Aprilis,
1300 3306 1537 3348 indictione
1571 3303 1892 3345 terciadecima.

321 3438 409 3473 371.
441 3438 472 3481 e)
499 3439 651 3472 deeetero
676 3437 707 3471 2.
825 3436 855 3480 f)
882 3437 972 3470 deest
996 3435 1028 3469 2.
1147 3435 1180 3476 8)
1208 3435 1407 3477 Hagenowe
1434 3432 1465 3465 2.

321 3505 408 3542 37⁸2.
439 3507 470 3550 ³)
497 3509 586 3542 sacri
611 3526 652 3531 —
679 3507 931 3541 venerabilibus
957 3506 1024 3539 des.
1046 3505 1089 3537 K.
1184 3502 1218 3545 b)
1243 3503 1332 3536 deest
1358 3501 1404 3534 TV.
1509 3504 1539 3541 0)
1566 3499 1714 3532 culmine
1743 3498 1786 3529 W.
1883 3495 1914 3537 d)
1938 3508 2003 3539 pro
2030 3497 2126 3529 iuxta
2155 3496 2196 3527 W
2217 3497 2378 3528 lacunam

116 3574 151 3600 40
187 3566 324 3600 indicat.
443 3566 472 3608 e)
498 3577 566 3608 qiu.
588 3566 635 3598 W.
753 3563 784 3608 f)
808 3569 1033 3607 conparantes
1060 3563 1104 3595 Κ.
1128 3562 1173 3593 W.
1293 3565 1325 3599 Β)
1355 3558 1536 3592 Wetslarie
1563 3557 1609 3589 W.

326 3669 360 3712 1)
386 3667 569 3710 Adolfum.

2041 3739 2113 3774 60*
