2558 3970
54 2305 119 2331 Mai.
136 2307 176 2331 22.

200 178 280 215 456
583 171 795 205 ΗΕΙΝΗ-Ι(Ἰ
825 170 1083 205 ANTIREGIS
1109 170 1536 205 CONsTlTUTloNES.
1588 171 1684 205 1246.
1734 171 1892 206 N1·.348.
1917 172 1994 206 349.

201 300 243 329 ut
277 289 333 327 ei.
376 287 444 341 qui
479 288 640 327 electus
674 287 818 327 fuerit.
854 286 1086 326 efficaciter
1119 285 1361 336 intendant⁷
1407 285 1626 326 fidelitatis
1661 286 1901 327 iuramenta
1933 291 2127 342 prestent
2158 301 2207 327 ac
2240 287 2381 327 omnia

201 356 436 397 exhibeant
469 370 548 410 que
583 360 900 395 consueverunt
932 354 985 394 ab
1020 354 1080 394 eis
1104 353 1311 395 Romanis
1345 353 1518 408 regibus
1551 367 1626 394 seu
1649 354 1981 409 imperatoribus
2005 354 2214 406 exhiberi,
2247 354 2381 396 dictos

202 425 388 479 prelatos
423 430 463 465 et
497 425 674 464 clericos
709 424 940 464 monitione
980 424 1193 477 premissa
1237 436 1312 477 per
1345 423 1636 477 suspensionis
1669 423 1722 463 ab
1755 423 1916 473 officio,
1954 422 2186 478 dignitate,
2220 423 2380 465 honore

201 508 248 534 ac
293 494 499 534 beneficio
545 493 823 537 sententiam,
869 492 1060 546 prefatos
1094 506 1195 533 vero
1235 492 1451 546 principes
1493 496 1536 532 et
1576 491 1708 532 laicos
1749 505 1824 546 per
1854 506 2008 547 penam
2040 492 2308 547 spiritualem
2340 496 2382 533 et

202 563 480 616 temporalem
506 562 662 610 valeas,
697 562 730 601 si
755 561 883 602 fucrit
907 574 1098 606 necesse,
1133 560 1410 615 compellere7
1435 560 1694 601 auctoritate
1717 561 1981 615 presentium
2004 560 2203 601 duximus
2227 574 2381 602 conce-

202 631 424 672 dendumb.
491 630 577 670 Illis
610 635 753 671 autem
787 630 963 684 prelatis
996 634 1038 670 ct
1071 629 1257 681 clericis,
1301 643 1408 683 quos
1441 633 1614 683 propter
1646 629 1724 670 hoc
1761 629 2058 684 suspenderis,
2094 629 2285 671 districte
2318 630 2383 670 in-

203 701 373 753 iungas.
420 704 464 739 ut
513 700 619 739 infra
671 703 834 740 certum
872 699 1102 740 terminum
1149 698 1485 753 peremptorium
1529 712 1654 752 quem
1695 698 1757 738 eis
1801 698 2023 752 prefixeris
2062 698 2296 753 apostolico
2339 711 2386 739 se

203 768 451 822 conspectui
499 768 784 822 personaliter
832 771 1153 822 representem,
1198 767 1480 822 depositionis
1527 766 1595 807 vel
1643 767 1791 811 aliam.
1841 771 1964 821 prout
2013 767 2194 821 qualitas
2241 766 2387 807 delicti

203 837 418 891 exegerit.
452 838 709 878 scntentiam
744 836 979 891 recepturi:
1018 836 1275 877 denuntians
1307 837 1430 891 ipsis,
1463 835 1576 890 quod
1612 836 1646 875 si
1678 836 1786 876 forte
1821 836 1862 876 in
1894 836 2059 890 prefixo
2092 835 2172 876 sibi
2203 836 2386 876 termino

203 920 285 946 non
317 907 559 947 curaverint
591 918 852 961 comparere,
886 919 962 946 nos
995 905 1296 946 nichilominus
1329 909 1475 946 contra
1498 919 1572 946 eos
1596 904 1650 945 ad
1672 904 1986 960 depositionem
2009 906 2077 945 vel
2107 918 2239 960 penas
2263 905 2382 956 alias,

204 990 286 1016 non
320 975 517 1016 obstante
549 975 736 1030 ipsorum
769 974 965 1015 absentia
996 975 1221 1029 corporali,
1255 975 1365 1015 sicut
1397 973 1605 1029 expedire
1639 973 1895 1026 videbimus,
1928 973 2226 1029 procedemus,

347 1044 445 1086 Dat.
478 1044 690 1099 Lugduni,
724 1044 779 1085 X.
812 1043 909 1085 Kal.
942 1043 1060 1095 Maii2
1093 1057 1205 1084 anno
1238 1044 1382 1084 tertio.

725 1248 828 1290 349.
868 1247 1169 1290 EPISTOLA
1201 1247 1289 1289 AD
1320 1247 1864 1290 MEDIOLANENSES.

348 1332 391 1372 E
423 1332 553 1373 codice
588 1330 917 1385 Guelferbytano
943 1332 1027 1371 331
1069 1329 1264 1383 (Helmst.
1286 1330 1391 1380 298)
1431 1342 1534 1371 saec.
1556 1328 1654 1370 XV.
1689 1327 1767 1383 fol.
1790 1330 1846 1370 29
1886 1328 1998 1370 dedit
2035 1328 2101 1369 vir
2136 1329 2187 1372 el.
2223 1328 2314 1370 Otto
2343 1328 2392 1370 de

208 1401 494 1451 Ησίηωηαηη,·
532 1414 582 1441 0:15
613 1400 743 1441 codem
768 1399 895 1451 prins
924 1398 1056 1439 Halm
1084 1398 1290 1441 ίΟοῖῑθοὲἱο
1321 1397 1684 1439 monumentorwn’
1719 1397 1754 1448 I,
1775 1399 1861 1438 247
1890 1411 1956 1440 nr.
1978 1400 2047 1440 27.
2081 1422 2134 1427 -
2166 1397 2391 1440 Huillard-

206 1470 422 1511 Brchollos
452 1468 522 1519 Vl,
545 1471 640 1509 430.
701 1468 893 1519 Bilhmcr,
927 1467 1028 1520 Rea.
1061 1467 1156 1519 ὦνερ.
1189 1466 1235 1517 V,
1256 1468 1382 1507 4866.
2017 1466 2088 1520 (Ρ.
2110 1466 2251 1520 deest.)

350 1596 563 1637 Henricus
604 1594 687 1636 Dei
733 1595 870 1650 gratia
911 1594 1204 1635 Romanorum
1253 1607 1331 1635 rex
1373 1607 1540 1648 semper
1586 1597 1794 1648 augustus
1839 1593 2010 1635 dilectis
2060 1593 2259 1635 fidelibus
2307 1593 2395 1634 suis

209 1666 444 1707 karissimis
487 1662 708 1720 [Henrico]
743 1663 966 1704 Advocato
1004 1662 1209 1718 potestati
1252 1662 1567 1704 Mediolanensi
1582 1662 1608 1714 ¹,
1650 1662 1855 1703 consilioa
1887 1666 1930 1703 et
1962 1663 2177 1704 communi
2209 1662 2395 1704 civitatis

210 1734 403 1776 eiusdem
435 1734 617 1787 gratiam
651 1747 771 1774 suam
804 1736 845 1773 et
877 1733 1035 1773 bonam
1069 1732 1350 1773 voluntatem.

352 1803 595 1858 Antequam
630 1815 821 1844 essemus
862 1801 1071 1856 assumpti
1104 1800 1158 1842 ad
1190 1800 1336 1841 illumb
1369 1814 1496 1855 quem
1529 1800 1650 1841 Deus
1683 1800 1806 1842 nobis
1840 1801 2021 1842 contulit
2053 1800 2220 1856 apicem
2252 1800 2393 1856 digni-

210 1874 328 1924 tatis,
376 1887 453 1913 nos
497 1876 641 1913 nostro
681 1871 798 1912 fideli
832 1869 1038 1912 Guifredo
1081 1869 1134 1911 de
1173 1869 1419 1911 Habiate⁰·2
1460 1870 1742 1911 ambaxatore
1788 1874 1948 1921 vestro,
1995 1870 2085 1910 viro
2129 1869 2308 1924 provido
2353 1873 2397 1912 et

211 1943 396 1983 discreto
441 1955 489 1982 ac
530 1941 683 1981 litteris
717 1940 944 1985 visitastis,
989 1939 1171 1994 qualiter
1211 1939 1487 1994 cognovimus
1526 1938 1776 1990 manifeste,
1821 1939 1930 1980 sicut
1963 1940 2093 1980 etiam
2125 1938 2248 1980 nobis
2280 1939 2397 1994 prius

211 2013 323 2054 fama
367 2011 480 2066 apud
521 2023 669 2051 omnes
713 2008 896 2050 celebris
935 2007 1174 2058 indicabat,
1220 2007 1332 2062 quod
1366 2022 1441 2049 vos
1488 2008 1531 2048 in
1571 2007 1809 2049 devocione
1850 2012 1998 2050 sancte
2032 2008 2180 2049 matris
2212 2008 2397 2049 ecclesie

212 2081 557 2123 constantissime
599 2078 882 2134 persistentes
924 2078 1233 2133 promotionem
1278 2077 1450 2118 honoris
1483 2077 1617 2118 nostri
1649 2081 1692 2118 et
1722 2077 2074 2119 reformationem
2112 2077 2282 2132 imperii
2312 2090 2398 2118 non

211 2151 424 2193 modicum
459 2149 685 2191 affectatis.
748 2146 886 2202 Super
918 2160 1000 2201 quo
1031 2146 1270 2201 graciarum
1303 2145 1425 2187 vobis
1458 2145 1613 2187 uberes
1647 2146 1889 2187 exolvimus
1923 2146 2130 2187 actiones.
2183 2144 2395 2186 Volentes

212 2221 357 2275 utique
389 2219 512 2260 vobis
553 2217 845 2258 dilectissimis
886 2215 1085 2256 fidelibus
1130 2215 1288 2256 nostris
1322 2229 1403 2270 que
1437 2219 1535 2256 acta
1567 2219 1665 2255 sunt
1697 2215 1810 2255 circa
1847 2214 2195 2256 reformationem
2227 2214 2396 2270 imperii

215 2289 432 2340 nunciare,
465 2301 539 2343 per
571 2290 796 2342 presentes
828 2285 996 2325 litteras
1032 2283 1153 2324 vobis
1188 2298 1283 2325 esse
1307 2284 1503 2325 volumus
1535 2283 1826 2335 manifestum,
1860 2283 1974 2338 quod
2007 2283 2142 2325 tercia
2172 2283 2279 2324 feria
2301 2287 2401 2338 post

214 2359 387 2400 Domini
419 2358 717 2399 ascensionem
758 2353 1006 2410 principesd
1039 2352 1239 2394 concordi
1273 2357 1314 2394 et
1355 2353 1546 2394 unanimi
1580 2353 1802 2394 voluntate
1841 2366 1919 2393 nos
1954 2352 2092 2393 circae
2124 2352 2398 2408 Herbipolim

215 2428 402 2469 nobilem
427 2426 594 2481 imperii
617 2425 836 2467 civitatem
860 2424 902 2464 in
925 2437 1072 2478 regem
1097 2423 1296 2463 Almanie
1321 2426 1364 2463 et
1388 2421 1679 2464 Romanorum
1702 2422 1939 2477 principem
1963 2422 2203 2476 elegerunt,
2232 2435 2397 2477 nosque

215 2498 267 2539 ob
300 2497 507 2538 honorem
539 2495 623 2536 Dei
656 2499 698 2535 et
729 2498 876 2535 sancte
909 2493 1056 2533 matris
1090 2492 1272 2533 ecclesie
1304 2491 1498 2533 Romane
1543 2492 1681 2547 ipsam
1712 2492 1967 2533 electionem
2001 2491 2319 2546 acceptavimus
2350 2491 2394 2531 in

215 2566 405 2623 presenti
438 2579 485 2606 ac
519 2578 623 2605 onus
658 2568 699 2605 et
731 2563 937 2604 honorem
975 2562 1142 2617 imperii
1184 2562 1495 2617 assumpsimus
1538 2561 1786 2612 manifeste,
1830 2560 1883 2602 de
1917 2559 2076 2601 Christi
2109 2559 2402 2601 misericordia

217 2641 258 2678 ct
290 2634 489 2691 potencia
520 2633 621 2675 fidei
653 2647 701 2673 ac
733 2632 972 2673 devotionis
1007 2636 1147 2672 vestre
1182 2645 1349 2672 necnon
1382 2631 1564 2672 aliorum
1597 2630 1786 2671 fidelium
1817 2629 1985 2684 imperii
2017 2629 2240 2684 potissime
2267 2628 2398 2670 confi-

217 2705 380 2746 dentes.
442 2702 605 2744 Verum
639 2715 734 2742 cum
775 2702 886 2742 inter
927 2713 1073 2741 omnes
1117 2700 1286 2754 imperii
1327 2699 1475 2741 fideles
1508 2713 1581 2740 vos
1615 2698 1944 2754 specialissimos
1979 2701 2252 2753 reputamus,
2294 2697 2403 2738 sicut

218 2775 288 2829 qui
320 2771 486 2828 pondus
520 2771 603 2812 diei
634 2775 676 2812 et
708 2774 825 2812 estus
860 2769 1165 2820 sustinuistis-³,
1200 2783 1275 2809 vos
1309 2769 1508 2824 prosequi
1540 2768 1819 2824 proponimus
1852 2768 1964 2808 omni
1997 2767 2144 2821 gracia
2167 2770 2209 2807 et
2239 2766 2401 2808 favore.

219 2842 556 2883 Universitatem
589 2854 690 2895 ergo
723 2843 911 2880 vestram
944 2851 1167 2879 monemus
1201 2843 1357 2893 quanto
1390 2851 1616 2893 possumus
1640 2837 1916 2878 affectuosius
1951 2840 1993 2877 et
2023 2836 2262 2887 hortamur,
2293 2849 2398 2890 qua-

219 2918 344 2954 tenus
379 2925 474 2952 cum
506 2909 692 2951 ecclesie
726 2913 766 2949 et
807 2908 972 2963 imperii
1005 2908 1235 2962 columpna
1277 2907 1368 2948 sitis
1410 2905 1665 2947 immobilisf
1695 2920 1743 2947 ac
1777 2905 1995 2959 provincie
2030 2904 2326 2961 spectaculum
2360 2907 2404 2945 et

221 2980 455 3035 exemplar,
489 2979 530 3018 in
564 2978 690 3019 solita
721 2976 949 3018 devotione
982 2976 1176 3017 Romane
1211 2976 1395 3017 ecclesie
1429 2979 1471 3017 et
1503 2975 1671 3031 imperii
1702 2979 1952 3016 constanter
1983 2978 2026 3016 et
2050 2974 2229 3014 viriliter
2259 2972 2401 3028 persi-

222 3050 356 3099 statis,
390 3047 664 3089 Fredericum
699 3046 913 3101 quondam
948 3059 1143 3087 cesarem
1174 3044 1392 3086 inimicum
1417 3044 1621 3086 Crucifixi
1652 3058 1768 3085 more
1793 3043 1915 3085 solito
1948 3044 2264 3098 impugnantes
2315 3041 2404 3082 Nos

223 3119 334 3159 enim
369 3122 535 3158 scutum
569 3122 611 3157 et
653 3114 841 3170 gladium
875 3115 926 3155 ob
960 3114 1044 3156 Dei
1085 3113 1381 3155 reverenciam
1414 3118 1456 3154 et
1489 3117 1637 3154 sancte
1677 3113 1825 3154 matris
1857 3112 2044 3153 ecclesie
2077 3111 2295 3152 ereximus
2327 3123 2403 3165 pro

221 3187 375 3241 populo
410 3186 654 3226 christiano.
717 3184 949 3240 Speramus
983 3184 1095 3224 enim
1120 3183 1163 3223 in
1185 3181 1368 3223 Domino
1393 3186 1434 3224 et
1456 3182 1498 3222 in
1520 3182 1718 3237 potencia
1738 3181 1908 3222 virtutis
1932 3181 2023 3222 eius
2047 3180 2108 3221 sic
2131 3178 2398 3234 confringere

224 3255 410 3296 cornua4
442 3254 613 3303 inimici,
646 3253 759 3309 quod
792 3258 942 3294 sancta
974 3257 1111 3294 mater
1144 3251 1328 3293 ecclesia
1352 3255 1394 3292 ct
1416 3251 1600 3306 populus
1627 3250 1883 3291 christianus
1907 3250 1948 3290 in
1973 3248 2123 3290 sedula
2144 3261 2251 3303 pace
2275 3246 2401 3288 sede-

361 3368 445 3403 348.
478 3369 509 3401 bs
536 3370 703 3411 hucusque
728 3381 744 3402 e
769 3368 964 3411 Raynaldo.

361 3437 444 3471 349.
477 3443 507 3479 Β)
534 3438 693 3470 conscilio
719 3450 744 3470 c.
862 3436 894 3480 b)
927 3438 1018 3469 illius
1043 3448 1068 3469 c.
1188 3435 1219 3478 C)
1254 3435 1432 3468 habilitat-e
1457 3445 1482 3466 c.
1609 3431 1641 3473 d)
1672 3438 1705 3465 et
1727 3433 1812 3466 add.
1838 3445 1864 3465 c.
1983 3430 2012 3473 e)
2037 3432 2185 3474 sequitur
2210 3430 2313 3473 polim
2337 3429 2407 3462 iam

225 3497 367 3529 deletum
393 3509 419 3528 c.
537 3494 568 3536 s)
597 3496 833 3538 immobiles-c.

366 3599 396 3629 1»
427 3596 548 3639 patria
576 3596 778 3629 Ver-cellensi
807 3595 997 3629 secumlaeon
1025 3595 1168 3629 Ginltni
1193 3594 1374 3628 ‘Mcmoric
1399 3593 1437 3626 (Ii
1462 3593 1615 3626 Milam'
1646 3591 1756 3633 VIII,
1775 3595 1830 3625 35.
1935 3592 1970 3631 2)
1998 3589 2159 3632 Abbiate,
2185 3599 2245 3622 seu
2275 3588 2406 3623 Grasso

226 3667 285 3689 scu
320 3654 514 3696 (J'nazzone,
538 3654 743 3696 provinciae
772 3653 920 3687 Jfflano.
1038 3654 1072 3696 3)
1101 3652 1155 3694 Cf.
1183 3652 1314 3685 Matilo.
1342 3656 1397 3695 20,
1416 3655 1463 3700 12.
1580 3650 1616 3692 4)
1647 3648 1700 3690 Cf.
1727 3647 1857 3691 Ephes.
1877 3653 1904 3690 1,
1921 3652 1959 3681 19
1983 3649 2015 3680 et
2041 3646 2099 3680 Ps.
2122 3650 2171 3689 74,
2188 3651 2232 3679 11.

2423 920 2456 944 10

2429 1412 2460 1436 15

2430 1813 2463 1838 20

2433 2160 2465 2186 25

2430 2505 2463 2530 30

2437 2847 2468 2872 35

2437 3195 2472 3220 40

2439 3593 2470 3620 45
