2558 3970
28 3076 231 3103 Mattii,1'¹·.25.

240 171 318 208 224
725 165 963 199 ansniet
990 165 1033 199 11.
1060 163 1488 199 CONsrlrnrioNES.
1539 165 1636 199 1233.
1685 165 1746 199 ΝΥ.
1770 165 1844 199 181.
1871 166 1945 199 182.

242 293 478 322 vestrorum
515 281 792 321 cardinalium
827 280 939 320 facta
973 284 1015 320 et
1048 284 1252 334 precepta
1285 280 1394 320 inter
1426 280 1579 319 missos
1613 283 1656 319 et
1688 286 1992 334 procuratores
2027 280 2185 321 domini
2216 280 2423 322 Friderici

242 350 534 404 nuptu-altorisc
574 348 863 389 Romanorum
909 348 1172 388 serenissimi
1215 352 1256 387 ct
1289 361 1459 403 semper
1491 348 1662 401 augusti
1695 351 1738 388 et
1779 349 1893 403 regis
1927 348 2165 390 Ierusalem
2200 353 2242 390 et
2276 348 2423 390 Sicilie

241 432 293 457 ex
329 431 408 457 nna
442 422 562 470 parte
598 424 638 456 et
672 422 969 470 procuratores
1002 420 1043 455 et
1073 415 1255 455 sindicos
1281 415 1509 456 Societatis
1542 415 1735 470 predicte
1770 419 1812 456 et
1845 417 2034 470 singulos
2056 416 2170 457 illius
2194 416 2423 457 Societatis

241 500 293 525 cx
327 485 474 525 altera.
508 485 734 524 devotione
768 492 810 524 et
842 483 988 524 debita
1012 483 1255 523 reverentia
1280 484 1532 538 recepimus,
1571 497 1804 538 earumque
1828 487 1976 524 tenore
1999 484 2164 538 plenius
2187 484 2422 534 intellecto,

242 553 384 594 habito
427 567 594 607 quoque
637 567 766 607 super
808 552 888 592 hiis
933 552 1171 592 deliberato
1212 551 1388 592 consilio
1421 556 1464 592 et
1506 555 1711 601 tractatu,
1758 552 1884 593 etde
1919 553 2139 593 voluntate
2172 556 2214 593 et
2246 553 2424 594 consilio

241 622 526 661 connnuniuni
563 628 604 661 et
637 621 962 661 universitatum
997 627 1064 660 ete
1096 620 1383 674 singulorumf
1414 620 1606 675 predicte
1631 620 1872 669 Societatis,
1906 620 2056 675 sigillis
2081 634 2260 674 quorum
2282 621 2423 661 littere

239 692 318 730 iste
353 699 449 729 sunt
483 689 776 732 corroborate,
812 689 958 743 pietati
992 693 1133 729 vestre
1169 689 1432 729 voluntatem
1467 693 1509 729 ct
1540 688 1867 743 responsionem
1900 692 2090 729 nostram
2123 688 2266 729 taliter
2297 703 2426 744 super

239 758 318 798 hiis
367 757 565 797 duximus
610 756 954 811 exprimendam.
1003 756 1206 797 videlicet
1249 756 1361 811 quod
1406 770 1558 810 pacem
1605 756 1721 796 illam
1770 759 1904 796 ratam
1948 755 2157 797 habemus
2202 756 2425 811 ipsamque

241 827 434 866 volumus
469 826 712 866 observare.
775 825 1052 866 Remittimus
1086 825 1290 879 insuperg
1323 839 1492 865 omnem
1527 838 1764 870 rancorem,
1797 824 2151 874 malivolentiam,
2183 824 2360 865 iniurias
2383 828 2427 866 et

240 895 425 934 offensas
467 900 507 933 et
554 907 804 934 revocamus
843 893 983 933 omnia
1024 892 1187 941 banna,
1239 892 1590 941 constitutiones,
1631 892 1869 933 sententias
1902 895 1945 933 et
1980 892 2295 943 ordinamenta,
2342 906 2424 947 que

239 963 463 1003 occasione
508 962 712 1016 premisse
753 961 988 1009 discordie,
1031 961 1065 1001 si
1100 975 1205 1015 quas
1239 961 1306 1001 vel
1346 961 1380 1001 si
1414 974 1497 1015 qua
1530 960 1711 1001 fecimus
1745 960 1812 1001 vel
1849 961 2132 1016 imposuimus
2166 960 2427 1014 civitatibus,

240 1031 342 1070 locis
378 1031 442 1070 vel
477 1031 682 1084 personis.
715 1030 926 1084 imperiali
960 1029 1200 1070 celsitudini
1234 1029 1558 1078 adherentibus,
1593 1033 1636 1069 et
1668 1043 1935 1084 quecumque
1969 1044 2025 1070 ex
2058 1030 2118 1070 eis
2148 1029 2216 1071 vel
2248 1029 2301 1070 ob
2334 1029 2429 1084 ipsa

241 1099 442 1138 hactenus
482 1110 578 1138 sunt
621 1103 779 1139 secuta.
843 1098 898 1138 Et.
940 1098 1016 1138 has
1058 1098 1223 1138 litteras
1263 1097 1468 1138 iussimus
1502 1111 1578 1151 per
1610 1111 1784 1138 manum
1817 1097 2079 1152 infrascripti
2111 1098 2264 1139 notarii
2297 1097 2427 1139 scribi

240 1181 333 1207 cum
369 1166 560 1207 ciusdem
596 1166 910 1221 subscriptione
945 1172 987 1207 et
1020 1167 1194 1207 testium
1228 1166 1570 1216 confirmatione,
1607 1165 1720 1206 unde
1754 1166 1898 1220 plures
1933 1165 2080 1207 charte
2113 1180 2197 1207 uno
2231 1170 2427 1221 tempore

240 1237 396 1289 scripte
430 1240 541 1275 sunt.

384 1303 474 1357 Ego
509 1303 778 1344 Guillielmus
812 1302 863 1343 de
897 1302 1045 1347 Sexto,
1079 1302 1149 1357 qui
1183 1307 1224 1343 et
1258 1302 1406 1343 Abbas
1438 1303 1566 1354 dicor,
1599 1303 1712 1344 filius
1745 1303 1960 1358 quondam
1989 1303 2157 1345 Alberti
2189 1305 2241 1345 de
2276 1303 2426 1353 Sexto,

239 1374 341 1413 civis
377 1372 733 1422 Mediolanensis,
775 1371 968 1426 publicus
1001 1371 1190 1412 notarius
1227 1372 1378 1426 scripsi
1410 1386 1465 1413 ex
1497 1372 1699 1413 mandato
1741 1372 2032 1427 predictorum
2075 1377 2290 1414 rectorum
2323 1372 2428 1413 mihi

239 1444 350 1482 facto
383 1442 423 1481 in
462 1442 619 1495 palatio
653 1441 890 1481 communis
920 1440 1089 1489 Brixie,
1131 1439 1204 1479 ubi
1238 1439 1421 1494 predicti
1455 1443 1646 1481 rectores
1680 1444 1984 1482 convenerant.
2046 1440 2102 1481 Et
2134 1440 2214 1481 hoc
2247 1453 2426 1496 presen-

239 1511 349 1550 tibus
383 1510 564 1550 testibus
596 1510 652 1550 ibi
685 1510 862 1563 rogatis,
904 1509 1032 1549 Petro
1065 1509 1117 1549 de
1151 1508 1355 1548 Lanzano
1389 1508 1554 1548 notario
1589 1508 1641 1549 de
1674 1508 1901 1549 Placentia
1932 1513 1976 1550 et
2007 1508 2196 1550 Beraldo
2229 1507 2282 1549 de
2316 1508 2426 1549 Ooa-

238 1579 368 1632 lunga
402 1578 566 1618 notario
600 1577 652 1618 de
685 1577 833 1617 Padua
865 1581 906 1618 et
938 1576 1066 1617 Petro
1101 1577 1370 1631 Franzigena
1402 1577 1569 1618 notario
1603 1576 1655 1617 de
1691 1576 1829 1618 Cario.

437 1770 533 1811 182.
574 1771 989 1812 RATIHABITJO
1021 1770 1320 1811 ARBITRH
1348 1770 1468 1811 PER
1502 1770 1981 1813 IMPERATOREM.
2042 1770 2242 1824 Au9.14.

382 1851 679 1903 Auteyraphen
714 1851 916 1891 tabularu
946 1849 1140 1891 Vaticani
1170 1850 1287 1891 Arm.
1315 1850 1347 1890 I
1373 1850 1416 1891 C.
1442 1849 1518 1890 IV
1541 1863 1606 1892 ur.
1631 1850 1668 1899 5,
1709 1851 1775 1891 eui
1805 1851 2006 1902 appendet
2038 1851 2153 1892 bulla
2184 1864 2316 1892 aurea
2341 1851 2430 1903 filis

238 1922 379 1961 scricis
407 1921 507 1970 slavi
529 1923 565 1960 ct
587 1919 703 1960 rubri
724 1919 881 1967 eoloris,
913 1919 1088 1959 eontulit
1109 1919 1173 1959 vir
1194 1919 1242 1960 el.
1262 1918 1405 1959 Stet-el.
1457 1917 1522 1959 De
1542 1918 1795 1971 upoyraphz's
1818 1918 2065 1960 Rotulorum
2085 1918 2428 1972 Lugdunensium

239 1994 274 2030 et
315 1989 649 2031 Cluniucensium
687 1987 799 2041 (Rot.
831 1988 861 2027 I
868 1987 933 2035 V.)
970 1988 1025 2041 cf.
1048 1987 1165 2028 Kehr
1204 1987 1352 2028 ‘Neues
1383 1987 1552 2027 Arelziv’
1592 1986 1716 2036 XIV,
1747 1989 1830 2028 371
1870 1991 1907 2028 et
1947 1987 2124 2030 ‘Notices
2162 1990 2200 2029 et
2240 1986 2428 2028 extruits‘

243 2059 371 2107 XXI,
393 2062 432 2107 2,
454 2060 537 2098 2110
570 2071 631 2097 nr.
651 2060 719 2096 37.
780 2057 912 2097 Edita
943 2059 1001 2097 est
1030 2070 1061 2098 e.
1083 2070 1118 2109 9.
1153 2056 1339 2097 ‘Notiees'
1365 2070 1408 2107 p.
1434 2057 1519 2096 357
1548 2069 1614 2098 ur.
1640 2056 1763 2097 XXI
1787 2059 1824 2098 et
1845 2070 1864 2097 e
1886 2057 2015 2098 Libro
2038 2056 2201 2098 Poteris
2221 2070 2249 2096 a
2278 2055 2428 2097 Valen-

240 2127 344 2167 tinio
368 2141 411 2178 J).
437 2130 503 2166 07.
536 2150 588 2155 ——
621 2125 813 2175 Bblcmer,
848 2125 946 2178 Rey.
981 2125 1077 2176 imp.
1111 2125 1298 2175 K2029.
2052 2124 2122 2178 (P.
2144 2125 2286 2174 deest.)

385 2240 661 2281 Sanctissimo
694 2240 803 2294 patri
838 2253 912 2280 suo
936 2239 1105 2280 domino
1130 2238 1364 2293 Gregorioa
1397 2238 1478 2280 Dei
1501 2239 1642 2294 gratia
1665 2242 1813 2281 sancte
1837 2239 2031 2281 Romane
2056 2239 2238 2282 ecclesie
2266 2252 2429 2280 summo

243 2309 431 2364 pontifici
479 2314 521 2349 ct
561 2308 793 2349 universali
834 2321 942 2362 pape
982 2307 1228 2348 Fridericus
1282 2307 1431 2349 eadem
1474 2307 1614 2362 gratia
1655 2308 1946 2349 Romanorum
1988 2308 2222 2363 imperator
2263 2321 2430 2362 semper

242 2387 463 2432 augustus,
498 2377 732 2417 ierusalem
767 2382 808 2417 et
842 2376 985 2417 Sicilie
1018 2391 1095 2417 rex
1129 2377 1312 2417 salutem
1345 2381 1387 2418 et
1419 2377 1670 2431 obsequium
1701 2377 1843 2418 filiale.

383 2446 476 2486 Etsi
511 2445 655 2486 debita
686 2446 853 2486 solvere
878 2450 920 2486 et
951 2446 1161 2500 promissa
1193 2446 1409 2500 complere
1442 2446 1496 2486 sit
1518 2445 1711 2487 omnibus
1735 2445 2001 2487 debitoribus
2026 2444 2216 2486 debitum
2240 2448 2282 2485 et
2313 2444 2428 2499 prin-

243 2516 381 2570 cipum
405 2515 591 2555 maxime
615 2514 864 2568 principale,
897 2514 938 2554 in
972 2514 1052 2554 hiis
1085 2517 1227 2555 tamen
1261 2529 1335 2569 pre
1360 2515 1515 2555 ceteris
1549 2515 1785 2569 promptius
1808 2514 1936 2556 fidem
1959 2514 2168 2556 debemus
2191 2512 2430 2564 attendere,

242 2598 321 2638 quc
348 2584 418 2623 illo
444 2584 692 2637 plerumque
719 2583 1035 2623 interveniente
1059 2583 1359 2637 promittimus,
1393 2583 1463 2637 qui
1487 2583 1601 2623 illius
1625 2583 1780 2623 actoris
1804 2582 1903 2624 fidei
1925 2583 2061 2623 vicem
2084 2583 2208 2637 gerit,
2237 2582 2280 2622 in
2303 2595 2429 2637 quem

242 2661 342 2692 nota
377 2651 550 2706 perfidie
586 2665 667 2691 non
701 2651 937 2692 descendit.
1000 2651 1309 2692 Recolentibus
1343 2651 1470 2706 igitur
1501 2652 1644 2701 nobis,
1687 2651 2035 2692 reverentissime
2068 2655 2209 2706 pater,
2243 2665 2320 2691 nos
2353 2664 2431 2706 per

243 2722 377 2761 virum
412 2719 629 2774 providum
665 2724 707 2760 et
740 2724 920 2774 experta
953 2720 1074 2760 nobis
1108 2720 1352 2761 sinceritate
1385 2719 1553 2760 fidelem
1586 2720 1640 2760 H.
1665 2720 1914 2774 magistrum
1948 2719 2098 2760 domus
2122 2723 2269 2761 sancte
2292 2719 2428 2760 Marie

243 2788 603 2829 Theutonicorum
629 2788 668 2827 in
688 2788 936 2838 Ierusalem,
961 2788 1014 2828 ad
1038 2789 1115 2829 hoc
1138 2793 1460 2844 procuratorem
1484 2793 1673 2829 nostrum
1694 2789 1939 2844 specialiter
1957 2788 2213 2840 ordinatum,
2237 2787 2289 2829 de
2313 2788 2427 2843 prin-

244 2859 382 2912 cipum
416 2862 655 2896 nostrorum
689 2858 876 2908 consilio,
911 2857 1087 2898 Henrici
1121 2858 1250 2898 etiam
1284 2857 1498 2898 karissimi
1529 2858 1606 2898 filii
1639 2857 1771 2898 nostri
1802 2857 1978 2898 illustris
2002 2856 2294 2897 Romanorum
2316 2856 2430 2910 regis

246 2930 524 2966 concurrente
559 2939 781 2975 consensu,
816 2926 1123 2980 compromisso
1156 2927 1286 2975 facto,
1319 2926 1613 2981 sollempniter
1640 2925 1904 2980 promisisse,
1937 2929 2076 2966 ratum
2109 2924 2267 2966 habere
2291 2929 2334 2966 et
2364 2925 2428 2966 in-

248 2993 505 3034 violabiliter
537 2993 765 3034 observare
801 2993 999 3048 quicquid
1034 3008 1162 3048 super
1192 2994 1467 3048 infrascripta
1499 2993 1725 3045 discordia,
1760 3006 1841 3047 que
1873 2993 1985 3035 inter
2016 3007 2093 3034 nos
2124 2997 2167 3034 et
2188 2993 2355 3048 aliquas
2377 2992 2430 3034 de

248 3061 596 3102 universitatibus
631 3061 909 3111 Lombardie,
943 3062 1110 3102 inimico
1143 3062 1260 3115 pacis
1295 3062 1668 3116 superseminante
1701 3062 1927 3111 zizaniam,
1960 3061 2221 3112 vertebatur,
2253 3074 2430 3116 quarum

248 3130 415 3169 nomina
450 3129 490 3168 in
523 3130 654 3182 ipsius
678 3130 971 3183 compromissi
1006 3130 1116 3170 serie
1151 3130 1434 3180 continentur,
1468 3129 1702 3184 apostolice
1737 3129 1850 3170 sedis
1881 3130 2067 3185 provisio
2091 3129 2266 3170 duceret
2288 3129 2427 3184 provi-

247 3197 443 3237 dendum.
479 3196 792 3237 venerabilibus
826 3198 924 3237 viris
956 3197 987 3237 Ι..
1014 3197 1266 3238 Prenestino
1300 3199 1437 3239 electo
1461 3203 1504 3238 et
1526 3197 1575 3240 O.
1603 3198 1749 3239 Sancti
1771 3198 1938 3239 Nicolai
1959 3199 1999 3239 in
2026 3197 2209 3239 Carcere
2231 3197 2430 3238 Tulliano

248 3265 424 3305 diacono
466 3264 669 3304 cardinali
709 3270 750 3304 et
789 3266 1025 3319 apostolice
1067 3266 1179 3307 sedis
1219 3267 1373 3320 legatis
1414 3266 1719 3320 recipientibus
1757 3280 1832 3321 pro
1871 3281 1916 3307 se
1949 3270 1992 3307 et
2032 3266 2204 3307 nomine
2235 3265 2429 3306 Romane

249 3333 431 3372 ecclesie
456 3333 821 3387 compromissum.
845 3333 1101 3388 procedente
1126 3335 1268 3386 etiam,
1292 3338 1418 3389 prout
1440 3348 1515 3389 per
1538 3335 1701 3375 litteras
1723 3338 1887 3374 vestras
1911 3334 2171 3388 accepimus,
2196 3347 2327 3388 super
2347 3333 2428 3374 hoc

249 3401 516 3455 paternitatis
549 3406 689 3441 vestre
713 3401 885 3442 decreto
919 3408 1004 3442 tam
1035 3403 1201 3443 sincero
1225 3417 1352 3457 quam
1375 3404 1501 3453 iusto,
1534 3403 1711 3444 fratrum
1736 3406 1971 3453 vestrorum
1994 3401 2306 3443 communicato
2330 3414 2428 3442 con-

251 3469 356 3517 silio,
390 3474 433 3508 ut
467 3468 640 3521 proinde
673 3470 976 3511 universitates
1010 3471 1100 3524 ipse
1134 3470 1187 3511 ad
1220 3471 1425 3511 honorem
1449 3471 1531 3512 Dei
1565 3474 1606 3511 et
1636 3471 1820 3512 ecclesie
1844 3474 1990 3512 sancte
2013 3483 2087 3510 sue
2111 3473 2153 3511 et
2175 3472 2368 3510 nostrum
2387 3469 2430 3510 in

390 3580 470 3614 1⁵⁴1.
504 3588 531 3607 ‘³¹
559 3582 646 3613 deest
675 3582 700 3613 l.
820 3582 848 3625 s)
875 3585 1089 3626 singularum
1117 3585 1144 3616 l.
1263 3584 1295 3627 Β)
1320 3586 1409 3618 deest
1433 3585 1464 3617 ⁶2.

388 3648 471 3682 182.
503 3655 534 3690 a)
561 3652 629 3691 GR,
656 3662 705 3682 or.

2465 910 2497 935 10

2465 1255 2495 1281 15

2465 2069 2497 2094 25

2466 2456 2499 2482 30

2465 2797 2497 2822 ³5

2464 3482 2496 3508 4⁵
