2558 3970
187 182 266 220 526
335 178 509 212 [1³13.le
540 179 596 212 IV.
625 177 769 211 Eris'r.
798 177 860 209 Ali
890 176 1169 210 RNHARDUM
1199 174 1306 208 REG.
1336 175 1393 207 {m
1418 174 1633 209 Nleuo'rlo
1662 174 1857 210 IMPERII.
1910 176 2004 211 1263.
2054 176 2212 212 N1·.405.

186 294 380 333 comitem
416 292 646 346 palatinum
681 296 898 345 tamquam
932 290 983 331 ad
1017 291 1166 332 liuius¹'
1198 290 1411 331 discordie
1444 289 1628 331 iudicem
1651 293 1717 331 est
1746 303 1945 331 recursus
1977 290 2219 339 habendus;
2252 293 2358 334 nisi*³

186 363 322 401 forsan
366 373 492 414 super
533 359 743 399 electione
777 359 843 399 vel
877 359 1152 400 coronatione
1193 358 1436 398 huiusmodi
1470 358 1644 399 suborta
1675 358 1889 400 discordia
1921 373 1997 413 per
2027 360 2360 414 appellationem

185 431 249 469 vol
285 428 500 482 querclam
535 427 823 481 predictorum
870 427 1104 481 principum
1138 426 1191 467 ad
1224 440 1406 467 examen
1450 426 1562 467 sedis
1596 427 1833 481 apostolice
1868 452 1917 456 -—
1952 441 2033 482 quo
2069 442 2170 468 casu
2202 429 2360 483 ipsiust

185 507 245 536 est
278 498 317 536 in
351 497 424 536 tali
458 502 614 536 causau
648 496 833 549 cognitio
951 495 1183 536 deferatur.
1246 494 1506 549 Intelligitur
1532 498 1674 535 autem
1708 496 1743 535 is
1767 495 1929 536 clectus
1955 508 2051 537 esse
2076 497 2357 546 concorditer,

186 566 223 604 in
259 578 382 618 quem
418 571 512 604 rota
547 564 732 603 omnium
767 564 999 604 electorum
1034 563 1274 617 principum
1297 563 1363 603 vel
1387 563 1541 603 saltem
1566 563 1742 603 duorum
1767 563 2060 604 tantummodo
2084 565 2124 604 in
2149 566 2360 607 electione
2413 579 2428 603 5

184 633 443 687 presentium
481 630 733 686 diriguntur.
806 632 854 671 In
896 631 1107 672 discordia
1139 645 1240 672 vero
1279 631 1315 671 is
1355 632 1481 672 etiam
1516 634 1736 685 reputatur
1768 632 1953 684 electus,
1994 632 2046 674 de
2079 646 2161 687 quo
2195 633 2237 674 in
2268 634 2362 675 loco

184 715 262 741 non
306 701 430 741 solito
467 701 620 742 electio
663 700 909 742 celebratur
941 704 983 741 et
1020 700 1062 740 in
1095 700 1275 741 termino
1308 699 1360 740 de
1394 700 1606 740 communi
1639 714 1851 741 consensu
1882 700 2091 741 dictorum
2123 702 2362 758 principum

181 784 263 810 non
312 774 484 810 statuto.
559 768 695 815 Quem
743 769 776 809 si
824 769 962 809 forsan
1010 768 1191 823 predicti
1238 769 1453 823 principes
1496 769 1606 810 infra
1646 783 1803 809 annum
1847 773 1890 810 et
1931 768 2043 810 diem
2080 784 2104 810 a
2145 774 2365 826 temporeV

184 838 372 877 vacantis
406 838 571 892 imperii
605 837 874 879 concorditer
907 842 1120 888 statuant,
1163 837 1265 879 licet
1296 852 1379 878 non
1413 839 1679 892 exprimant,
1712 837 1824 892 quod
1857 838 1996 893 ipsum
2029 840 2362 894 peremptorium

184 920 279 946 csso
314 906 495 948 x-tlintw.
530 907 733 947 terminus
767 911 911 947 tamen
944 905 996 946 ab
1030 906 1093 947 eis
1127 906 1314 960 prefixus
1347 907 1493 947 taliter
1526 906 1840 961 peremptorius
1873 910 2108 960 reputatur.
2400 925 2431 949 10

323 973 388 1028 (S)
428 974 560 1014 Porro
603 974 730 1015 iidem
772 979 1074 1029 procuratores
1117 974 1273 1015 hiis-et
1306 975 1401 1015 aliis
1435 975 1691 1029 quibusdam
1730 974 1950 1030 prelibatis
1983 975 2364 1017 consuetudinibus

181 1042 474 1084 adieceruntxz
520 1043 631 1097 quod
674 1048 854 1084 vacante
887 1043 1079 1084 Romano
1122 1044 1323 1098 imperio,
1367 1043 1436 1084 die
1479 1057 1555 1098 per
1594 1058 1742 1085 omnes
1787 1042 2003 1098 predictos
2045 1044 2258 1098 principes
2289 1058 2365 1099 pro

183 1111 441 1152 celebranda
488 1112 600 1166 regis
644 1111 825 1153 Romani
876 1113 945 1152 ins·
990 1113 1295 1167 imperatorem
1344 1116 1494 1167 postea
1541 1111 1822 1167 promovendi
1869 1112 2081 1153 electione
2123 1116 2282 1154 statuto
2323 1113 2365 1154 in

88 1181 140 1223 “³⁶3
183 1181 344 1221 octavis
378 1180 629 1235 epiphaniez
662 1194 773 1221 anno
797 1180 971 1222 Domini
993 1180 1231 1222 MCOLVI.
1266 1180 1380 1235 apud
1412 1185 1696 1222 memoratum
1727 1181 1901 1236 opidum
1931 1181 1983 1222 de
2012 1181 2366 1222 Frankeneforda

50 1220 94 1238 2111.
128 1218 150 1237 iu.

182 1249 368 1303 quinque
402 1253 565 1289 tantum
600 1249 651 1289 (10
684 1248 805 1289 dictis
836 1249 1098 1304 principibus
1134 1254 1221 1290 tum
1257 1263 1332 1304 per
1356 1263 1401 1290 se
1426 1256 1513 1290 tum
1547 1264 1624 1304 per
1647 1250 1768 1300 alios,
1802 1250 2002 1291 videlieet
2021 1250 2132 1291 bone
2155 1250 2361 1292 memorie
2399 1267 2428 1292 15

182 1316 477 1359 Coloniensisb
516 1318 862 1372 archiepiscopus
902 1332 978 1372 pro
1013 1333 1058 1360 se
1092 1323 1134 1360 et
1166 1318 1276 1359 bone
1309 1319 1515 1360 memorie
1548 1317 1833 1373 Maguntinoc
1866 1318 2233 1374 archiepiscopod,
2267 1319 2366 1374 quie

183 1385 373 1439 legitimo
417 1386 721 1441 impedimento
767 1386 967 1428 detentus
1016 1388 1097 1442 ipsi
1142 1387 1387 1429 Coloniensi
1431 1388 1756 1443 archiepiscopo
1803 1401 1855 1428 ea
1894 1388 1986 1429 vice
2027 1388 2068 1428 in
2110 1386 2211 1429 hocf
2251 1401 2366 1429 com-

179 1455 381 1496 miseratg
412 1455 525 1496 vices
559 1470 678 1503 suas,
722 1460 764 1497 et
796 1456 978 1497 dilectus
1017 1457 1128 1497 filius
1162 1457 1316 1498 nobilis
1348 1457 1412 1498 vir
1444 1491 1451 1499 .
1479 1456 1510 1497 ,Ἀ
1543 1470 1685 1497 comes
1718 1457 1934 1512 palatinus
1968 1456 2080 1511 apud
2113 1455 2364 1498 Frankene-

182 1522 305 1565 sordi.
339 1523 449 1565 bone
482 1525 686 1565 memorie
718 1524 846 1566 vero*<
879 1525 1163 1567 Treverensis
1195 1526 1547 1581 archiepiscopus
1581 1530 1623 1566 et
1655 1525 1835 1567 dilectus
1876 1526 1989 1566 filius
2021 1525 2172 1566 nobilis
2206 1525 2268 1566 vir
2301 1557 2310 1566 .
2334 1524 2366 1566 ,Β

179 1591 267 1632 dux
301 1592 485 1634 Saxonic
519 1594 629 1634 intra
660 1593 817 1635 dictum
863 1594 1035 1649 opidum
1070 1600 1377 1637 convenerunt.
1441 1594 1633 1650 Cumque
1673 1594 1803 1636 iidem
1836 1594 2117 1636 Treverensis
2150 1593 2362 1649 archiepi-
2401 1607 2434 1633 20

180 1675 334 1716 scopus
383 1667 424 1701 et
469 1661 554 1702 dux
588 1661 776 1703 Saxonie
819 1663 1012 1718 prefatos
1052 1664 1422 1720 archiepiscopum
1457 1663 1757 1705 Coloniensem
1802 1668 1845 1705 et
1884 1663 2082 1704 comitem
2116 1676 2194 1704 neo
2226 1663 2366 1718 ipsum

179 1729 350 1784 opidum
385 1731 544 1771 intrare
578 1732 877 1786 permitterent
909 1746 987 1772 nec
1020 1733 1073 1773 ad
1107 1747 1180 1774 eos
1213 1733 1331 1774 exire
1364 1733 1526 1774 vellent
1559 1747 1688 1787 super
1719 1733 1799 1773 hoc
1832 1732 1977 1787 sepius
2009 1732 2225 1786 requisiti,
2268 1731 2368 1773 dicti

180 1798 530 1854 archiepiscopus
556 1798 826 1841 Coloniensis
860 1808 901 1842 et
924 1815 1068 1843 comes
1091 1802 1362 1843 attendentes
1387 1816 1442 1844 ex
1464 1803 1589 1857 lapsu
1611 1803 1821 1857 temporis
1851 1801 2086 1856 periculum
2109 1801 2332 1842 imminere
2344 1800 2368 1853 ¹,

180 1868 213 1907 si
258 1867 401 1908 forsan
444 1880 526 1907 non
570 1868 692 1909 fieret
731 1869 885 1910 electio
928 1870 1002 1910 illa
1043 1870 1134 1920 die,
1179 1877 1299 1925 quem
1331 1870 1383 1911 ad
1427 1870 1507 1911 hoc
1550 1870 1692 1911 fuerat
1729 1869 2020 1925 peremptorie
2053 1869 2281 1911 constituta
2313 1894 2368 1900 —-

180 1936 404 1990 presertim
444 1950 538 1977 cum
581 1936 633 1978 de
675 1951 785 1979 anno
831 1942 875 1979 ct
916 1938 984 1980 die
1027 1943 1125 1994 post
1163 1940 1435 1981 vacationem
1476 1939 1642 1995 imperii
1683 1938 1925 1993 quindecim
1969 1938 2060 1980 dies
2101 1938 2366 1981 solummodo
2404 1955 2435 1981 25

180 2010 471 2059 superessent.
504 2005 614 2046 infra
649 2019 754 2060 quos
788 2007 904 2048 nullo
938 2007 1064 2048 modo
1098 2008 1338 2063 potuissent
1368 2012 1546 2063 propter
1577 2008 1768 2048 locorum
1790 2007 2039 2049 distantiam
2073 2012 2116 2048 et
2137 2008 2243 2049 alias
2266 2008 2368 2049 facti

181 2074 519 2114 circumstantias
566 2074 722 2129 prefati
769 2076 986 2131 principes
1025 2077 1178 2117 iterum
1221 2077 1449 2118 convenire
1481 2102 1535 2106 ——
1567 2090 1661 2118 cum
1703 2076 1902 2131 prelatiS,
1943 2076 2123 2118 ducibus
2165 2081 2208 2118 et
2246 2077 2368 2118 aliisn

181 2142 337 2183 ibidem
380 2142 656 2197 presentibus
699 2144 1011 2186 deliberatione
1053 2145 1281 2201 prehabita
1323 2146 1375 2188 de
1418 2146 1607 2201 ipsorum
1649 2145 1863 2187 communi
1905 2145 2079 2186 consilio
2112 2149 2154 2187 et
2186 2159 2366 2187 assensu

183 2211 235 2251 ad
279 2212 536 2253 electionem
579 2212 813 2267 procedere
853 2213 1150 2257 decreverunt.
1223 2214 1281 2255 Et
1324 2214 1498 2255 tandem
1542 2214 1734 2270 prefatus
1776 2213 2047 2255 Coloniensis
2087 2228 2164 2269 pro
2206 2227 2251 2256 se
2292 2220 2368 2255 ac⁰

181 2279 331 2321 dictisf‘
364 2281 659 2335 Maguntino‘l,
701 2282 821 2323 cuius
855 2283 972 2325 vices
1012 2283 1211 2338 gerebat,
1255 2288 1298 2325 et
1340 2284 1496 2325 comite
1529 2286 1730 2339 presente
1763 2296 1811 2323 ac
1844 2282 2161 2334 consentiente,
2195 2282 2365 2324 ᾶίνὶηοΐ
2403 2297 2437 2322 30

181 2350 349 2390 nomine
383 2350 599 2401 invocato,
635 2354 675 2391 te
708 2351 751 2391 in
783 2365 929 2406 regem
961 2351 1278 2394 RomanorumS
1311 2353 1444 2407 elegit
1476 2356 1519 2394 et
1549 2366 1650 2393 mox
1683 2352 1939 2393 electionem
1971 2351 2214 2393 huiusmodi
2245 2366 2365 2407 mag-

181 2426 325 2458 natum
371 2424 411 2459 et
452 2419 632 2460 aliorum
676 2421 906 2461 astantium
948 2422 1122 2476 copiose
1166 2421 1427 2463 multitudini
1470 2421 1719 2476 publicavit.
1839 2419 1905 2475 (9)
1948 2419 2027 2461 Oui
2059 2420 2260 2462 electioni
2291 2435 2369 2477 per

182 2488 446 2528 carissimum
486 2489 527 2528 in
570 2487 740 2529 Christo
782 2489 914 2530 filium
956 2492 1174 2531 nostrumt
1205 2523 1214 2531 .
1238 2523 1246 2531 .
1280 2504 1426 2545 regem
1467 2490 1646 2531 Boemie
1687 2490 1898 2530 illustrem
1942 2493 2036 2544 post
2078 2504 2235 2545 paucos
2276 2490 2367 2532 dies

182 2570 395 2597 consensu
427 2556 621 2611 prestito,
655 2556 825 2598 demum
857 2562 902 2598 tu
935 2558 988 2599 ad
1020 2563 1190 2600 tuorum
1223 2559 1459 2600 electorum
1493 2563 1536 2599 et
1567 2559 1746 2599 aliorum
1779 2557 1946 2613 imperii
1969 2558 2260 2612 optimatumu,
2294 2560 2365 2615 qui

182 2630 353 2680 propter
384 2625 463 2665 11οο
497 2625 549 2666 ad
582 2630 623 2666 te
655 2626 697 2665 in
730 2626 933 2680 Angliam
967 2631 1253 2678 accesserunt,
1288 2628 1532 2668 instantiam
1557 2632 1599 2668 et
1623 2627 1944 2682 requisitionem
1966 2626 2198 2668 instantem
2223 2628 2362 2670 eidem
2400 2639 2431 2665 35
2488 2643 2496 2649 ’

183 2693 378 2734 electioni
417 2698 511 2748 post
549 2693 798 2748 diligentem
842 2708 972 2750 super
1011 2695 1090 2736 hoc
1136 2699 1366 2736 tractatum
1407 2695 1601 2736 habitum
1644 2695 1912 2737 consensisti.
1981 2694 2046 2736 Ac
2088 2698 2370 2751 personaliter

183 2762 438 2803 Alamannie
479 2776 657 2817 regnum
698 2763 918 2817 ingressus
958 2768 1001 2804 et
1040 2777 1198 2804 moram
1239 2763 1349 2818 apud
1381 2764 1644 2818 Aquisgrani
1677 2767 1883 2818 quantum
1916 2762 2060 2804 decuit
2091 2764 2254 2806 faciens
2289 2780 2369 2809 nec

184 2831 406 2871 inveniens
438 2831 731 2881 resistentem,
765 2831 1036 2886 postmodum
1068 2832 1216 2873 fuistiV
1248 2846 1325 2887 per
1357 2832 1622 2887 sepedictum
1646 2830 1951 2872 Coloniensem
1980 2832 2367 2889 archiepiscopum,

183 2898 234 2938 ad
267 2899 386 2939 cuius
417 2898 459 2939 id
491 2899 715 2953 spectabat
748 2900 955 2951 officium,
995 2905 1291 2951 consecratus,
1332 2901 1552 2952 inunctus,
1586 2905 1815 2942 coronatus
1849 2914 1898 2941 ac
1929 2900 2213 2943 intronizatus
2247 2904 2368 2958 regio

184 2981 297 3007 more
329 2968 370 3007 in
405 2967 505 3008 sede
538 2968 788 3022 magnificiw
821 2968 987 3020 Karoli,
1031 2970 1147 3010 nullo
1187 2984 1233 3011 se
1270 2970 1376 3011 inibi
1409 2970 1674 3011 coronationi
1716 2973 1789 3010 tue
1822 2959 1995 3010 realiter
2027 2974 2100 3010 aut
2131 2971 2363 3013 verbaliter
2401 2981 2434 3005 ⁴⁰

184 3040 438 3090 opponente.
499 3035 717 3091 Reccpisti
758 3050 926 3092 quoque
973 3037 1170 3092 homagia
1209 3042 1457 3093 magnatum
1499 3039 1621 3093 regni
1659 3038 1851 3079 eiusdem
1892 3051 1941 3078 ac
1979 3037 2195 3079 fidelitatis
2237 3039 2365 3080 etiam

186 3104 440 3145 iuramenta.
482 3104 701 3145 obtinuisti
737 3110 989 3146 ornamenta
1021 3110 1063 3146 et
1095 3106 1280 3161 insignia
1312 3108 1572 3162 imperialia,
1606 3106 1760 3162 quibus
1792 3120 1868 3146 rex
1900 3106 2223 3147 Romanorumx
2255 3108 2365 3149 solet

320 3216 406 3251 405.
439 3223 466 3260 Γ)
492 3219 535 3251 ab
562 3220 753 3252 huiusmodi
780 3218 810 3252 2.
912 3222 938 3261 ⁸)
965 3221 998 3253 ni
1023 3220 1054 3253 3.
1150 3221 1177 3262 t)
1203 3226 1241 3254 ut
1265 3222 1326 3254 lzoc
1352 3223 1422 3254 loco
1447 3233 1551 3254 manu
1576 3222 1705 3254 scribae
1729 3232 1830 3263 super
1856 3221 1914 3254 lin.
1942 3221 2023 3254 add.
2039 3220 2071 3253 4.
2166 3222 2199 3263 u)
2225 3233 2306 3256 casu
2330 3220 2361 3255 3.

186 3280 216 3313 V)
243 3275 294 3306 ‹lie
320 3274 349 3306 3.
455 3282 493 3315 W)
520 3277 699 3309 terminum
726 3277 806 3309 add.
824 3276 855 3309 3.
963 3278 996 3318 x)
1023 3278 1201 3311 adieerunt
1225 3277 1256 3311 4.
1356 3280 1387 3320 y)
1414 3279 1501 3312 deest
1529 3279 1557 3312 l.
1651 3277 1679 3320 ⁷)
1705 3279 1834 3311 octabis
1859 3279 1980 3321 cpyph.
2006 3277 2037 3311 4.
2131 3278 2162 3321 a)
2189 3281 2361 3312 Frankeu-

187 3332 255 3361 sord
281 3332 312 3362 55.
405 3330 438 3371 b)
465 3333 674 3365 (cluniensis
703 3352 742 3356 —-
770 3334 927 3367 memorie
945 3334 1011 3366 dee.
1030 3333 1063 3367 3.
1157 3334 1188 3377 c)
1214 3336 1396 3378 lllaguntii‘i
1418 3335 1453 3373 1;
1479 3336 1704 3379 Maguntinus
1721 3334 1751 3367 2.
1769 3334 1805 3376 33
1832 3336 2062 3377 Magantinen
2083 3335 2114 3368 4.
2200 3335 2232 3378 d)
2257 3337 2366 3369 archi·
2402 3345 2433 3370 45

186 3388 360 3429 ‹-1.i.<c1›1›11.<
386 3387 484 3420 2—4.
603 3395 633 3429 (ι’)
660 3391 716 3432 qni
743 3408 785 3412 —
811 3391 1063 3433 archiepiscopo
1089 3391 1155 3424 des.
1177 3391 1206 3424 1.
1325 3390 1356 3433 f)
1381 3403 1460 3425 casu
1487 3393 1568 3425 add.
1587 3391 1618 3424 4.
1735 3391 1768 3435 g)
1795 3393 1972 3425 comiserat
1999 3392 2028 3425 1.
2139 3391 2172 3433 11)
2197 3419 2204 3425 -
2225 3418 2232 3425 ·
2259 3393 2326 3426 (3⁶²⁸-
2345 3392 2366 3426 3

186 3455 330 3484 scarpam
355 3445 410 3476 dil.
430 3446 461 3475 fi.
487 3457 539 3477 no.
566 3447 609 3478 vi.
630 3472 637 3478 .
655 3471 662 3477 .
693 3447 718 3478 l.
738 3446 767 3478 2.
786 3446 817 3480 4.
913 3447 935 3491 i)
961 3449 1008 3480 sic
1024 3448 1062 3487 33
1090 3450 1301 3482 1⁴'rankescrd
1329 3449 1365 3488 1;
1392 3450 1597 3483 lf'rankcferd
1621 3448 1657 3491 2;
1684 3447 1959 3491 1⁴'ranqueneford
1983 3449 2015 3482 4.
2109 3448 2142 3492 k)
2170 3477 2176 3483 .
2197 3475 2204 3483 .
2232 3451 2312 3483 adel.
2332 3449 2363 3483 2.

187 3498 207 3539 ¹„
237 3501 373 3533 imincrc
403 3501 433 3539 l;
460 3502 543 3534 inire
569 3501 600 3534 4.
717 3504 758 3545 ΠΤ)
786 3516 851 3545 quo
877 3504 908 3536 4.
1014 3505 1047 3546 ¹¹)
1073 3506 1129 3537 alii
1156 3505 1188 3538 4.
1295 3505 1326 3547 0)
1352 3511 1385 3538 et
1409 3506 1445 3546 33
1472 3518 1530 3549 pro
1556 3517 1591 3538 se
1616 3518 1657 3539 ae
1682 3507 1750 3538 (les.
1767 3505 1798 3538 4.
1905 3506 1937 3548 l‘)
1962 3507 2071 3538 dictus
2094 3505 2126 3538 4.
2229 3507 2262 3549 q)
2288 3509 2364 3541 Ma-

186 3558 306 3599 gumii]
339 3557 371 3594 1;
398 3560 587 3600 Maguntin'
614 3558 651 3599 23
677 3561 903 3602 Magnntinei‘i
929 3560 960 3593 4.
1078 3563 1105 3603 ¹)
1132 3563 1193 3594 Dei
1219 3561 1255 3601 3;
1282 3563 1322 3594 de
1347 3561 1376 3594 4.
1495 3564 1522 3603 s)
1549 3565 1680 3595 Romal]
1708 3562 1736 3595 1.
1853 3563 1877 3604 ¹)
1903 3575 1945 3595 .n.
1974 3563 2011 3601 1;
2037 3575 2091 3595 no.
2116 3562 2155 3602 4;
2181 3588 2188 3595 .
2209 3589 2216 3597 .
2243 3564 2310 3597 (les.
2329 3563 2360 3597 3.

186 3619 219 3653 ¹¹)
257 3614 457 3646 obtimatum
488 3616 524 3647 2:
567 3617 778 3657 aptimatium
811 3617 848 3656 33
888 3619 1104 3650 clemenciam
1136 3618 1167 3651 4.
1308 3621 1340 3659 v)
1379 3620 1532 3652 inuenies
1570 3620 1662 3652 suisti
1698 3620 1909 3662 postmodum
1940 3618 1971 3651 4.
2112 3618 2152 3662 W)
2190 3623 2302 3665 magni
2328 3620 2357 3655 3.
2397 3629 2430 3654 50

187 3675 218 3713 1)
246 3672 375 3703 Roman
407 3671 433 3703 l.
