<?xml version="1.0" encoding="UTF-8"?>
<!DOCTYPE html PUBLIC "-//W3C//DTD XHTML 1.0 Transitional//EN"
    "http://www.w3.org/TR/xhtml1/DTD/xhtml1-transitional.dtd">
<html xmlns="http://www.w3.org/1999/xhtml" xml:lang="en" lang="en">
 <head>
  <title>
</title>
<meta http-equiv="Content-Type" content="text/html;charset=utf-8" />
  <meta name='ocr-system' content='tesseract 3.04.00' />
  <meta name='ocr-capabilities' content='ocr_page ocr_carea ocr_par ocr_line ocrx_word'/>
</head>
<body>
  <div class='ocr_page' id='page_1' title='image "./monumentager02geseuoft_0182.png"; bbox 0 0 2558 3970; ppageno 0'>
   <div class='ocr_carea' id='block_1_1' title="bbox 207 147 1908 190">
    <p class='ocr_par' dir='ltr' id='par_1_1' title="bbox 207 147 1908 190">
     <span class='ocr_line' id='line_1_1' title="bbox 207 147 1908 190; baseline 0.001 -9"><span class='ocrx_word' id='word_1_1' title='bbox 207 152 279 190; x_wconf 67' lang='grc'>144</span> <span class='ocrx_word' id='word_1_2' title='bbox 684 148 923 182; x_wconf 78' lang='lat' dir='ltr'>FRIDERICI</span> <span class='ocrx_word' id='word_1_3' title='bbox 953 148 994 181; x_wconf 87' lang='grc' dir='ltr'>ΙΙ.</span> <span class='ocrx_word' id='word_1_4' title='bbox 1021 147 1447 182; x_wconf 81' lang='lat' dir='ltr'><strong>CONSTITUTIONES.</strong></span> <span class='ocrx_word' id='word_1_5' title='bbox 1501 148 1596 182; x_wconf 75' lang='lat'><strong>1227.</strong></span> <span class='ocrx_word' id='word_1_6' title='bbox 1647 149 1711 183; x_wconf 90' lang='lat' dir='ltr'>Nr.</span> <span class='ocrx_word' id='word_1_7' title='bbox 1731 150 1805 183; x_wconf 67' lang='lat'>11⁴2.</span> <span class='ocrx_word' id='word_1_8' title='bbox 1834 150 1908 184; x_wconf 88' lang='lat'>113.</span> 
     </span>
    </p>
   </div>
   <div class='ocr_carea' id='block_1_2' title="bbox 200 262 2387 522">
    <p class='ocr_par' dir='ltr' id='par_1_2' title="bbox 200 262 2387 522">
     <span class='ocr_line' id='line_1_2' title="bbox 204 262 2387 318; baseline 0.001 -14"><span class='ocrx_word' id='word_1_9' title='bbox 204 270 348 304; x_wconf 82' lang='lat' dir='ltr'>nostro</span> <span class='ocrx_word' id='word_1_10' title='bbox 383 278 512 318; x_wconf 79' lang='lat' dir='ltr'>super</span> <span class='ocrx_word' id='word_1_11' title='bbox 543 264 656 303; x_wconf 85' lang='lat' dir='ltr'>facto</span> <span class='ocrx_word' id='word_1_12' title='bbox 690 262 1043 303; x_wconf 75' lang='lat' dir='ltr'>Lumbardorum.</span> <span class='ocrx_word' id='word_1_13' title='bbox 1108 262 1416 314; x_wconf 65' lang='lat' dir='ltr'>Tmmsscre&#39;psst</span> <span class='ocrx_word' id='word_1_14' title='bbox 1446 263 1598 304; x_wconf 70' lang='lat' dir='ltr'>»nelias</span> <span class='ocrx_word' id='word_1_15' title='bbox 1622 262 1787 316; x_wconf 75' lang='lat' dir='ltr'>formae</span> <span class='ocrx_word' id='word_1_16' title='bbox 1814 265 1979 304; x_wconf 80' lang='lat' dir='ltr'>nr.109</span> <span class='ocrx_word' id='word_1_17' title='bbox 2010 265 2246 315; x_wconf 74' lang='lat' dir='ltr'>sententias,</span> <span class='ocrx_word' id='word_1_18' title='bbox 2277 266 2387 307; x_wconf 81' lang='lat' dir='ltr'>alias</span> 
     </span>
     <span class='ocr_line' id='line_1_3' title="bbox 201 330 2386 383; baseline 0.001 -12"><span class='ocrx_word' id='word_1_19' title='bbox 201 335 332 372; x_wconf 63' lang='lat' dir='ltr'>{amru</span> <span class='ocrx_word' id='word_1_20' title='bbox 369 331 562 373; x_wconf 64' lang='lat' dir='ltr'>variavit.</span> <span class='ocrx_word' id='word_1_21' title='bbox 604 331 807 383; x_wconf 71' lang='lat' dir='ltr'>imprimis</span> <span class='ocrx_word' id='word_1_22' title='bbox 844 343 985 370; x_wconf 69' lang='lat' dir='ltr'>nomen</span> <span class='ocrx_word' id='word_1_23' title='bbox 1020 330 1199 371; x_wconf 49' lang='lat' dir='ltr'>‹di-itatis</span> <span class='ocrx_word' id='word_1_24' title='bbox 1230 330 1459 371; x_wconf 76' lang='lat' dir='ltr'>Ferrare&#39;ac</span> <span class='ocrx_word' id='word_1_25' title='bbox 1489 334 1525 371; x_wconf 76' lang='lat' dir='ltr'>ct</span> <span class='ocrx_word' id='word_1_26' title='bbox 1557 331 1782 382; x_wconf 68' lang='lat' dir='ltr'>appellatio</span> <span class='ocrx_word' id='word_1_27' title='bbox 1813 332 2029 373; x_wconf 71' lang='lat' dir='ltr'>Societaiis</span> <span class='ocrx_word' id='word_1_28' title='bbox 2059 331 2386 374; x_wconf 79' lang='lat' dir='ltr'>Lonibardoriim</span> 
     </span>
     <span class='ocr_line' id='line_1_4' title="bbox 200 398 2384 451; baseline 0.003 -14"><span class='ocrx_word' id='word_1_29' title='bbox 200 413 417 450; x_wconf 69' lang='lat' dir='ltr'>suppressa</span> <span class='ocrx_word' id='word_1_30' title='bbox 441 401 549 440; x_wconf 74' lang='lat' dir='ltr'>sunl.</span> <span class='ocrx_word' id='word_1_31' title='bbox 580 398 739 439; x_wconf 61' lang='lat' dir='ltr'>adicem</span> <span class='ocrx_word' id='word_1_32' title='bbox 760 398 947 438; x_wconf 71' lang='lat' dir='ltr'>clausula</span> <span class='ocrx_word' id='word_1_33' title='bbox 970 398 1018 438; x_wconf 80' lang='lat' dir='ltr'>dc</span> <span class='ocrx_word' id='word_1_34' title='bbox 1041 398 1273 439; x_wconf 72' lang='lat' dir='ltr'><strong><em>marchione</em></strong></span> <span class='ocrx_word' id='word_1_35' title='bbox 1296 398 1627 450; x_wconf 66' lang='lat' dir='ltr'>Illontisfcrmti.</span> <span class='ocrx_word' id='word_1_36' title='bbox 1659 424 1712 428; x_wconf 87' lang='lat'>——</span> <span class='ocrx_word' id='word_1_37' title='bbox 1744 399 2186 442; x_wconf 64' lang='lat' dir='ltr'>Heiillard-Breliolles</span> <span class='ocrx_word' id='word_1_38' title='bbox 2207 401 2273 451; x_wconf 91' lang='lat' dir='ltr'>II,</span> <span class='ocrx_word' id='word_1_39' title='bbox 2290 404 2384 444; x_wconf 80' lang='lat'><strong><em>712.</em></strong></span> 
     </span>
     <span class='ocr_line' id='line_1_5' title="bbox 200 465 2246 522; baseline 0.001 -15"><span class='ocrx_word' id='word_1_40' title='bbox 200 468 391 508; x_wconf 55' lang='lat' dir='ltr'>Riilemcr.</span> <span class='ocrx_word' id='word_1_41' title='bbox 425 467 523 519; x_wconf 55' lang='lat' dir='ltr'>Rea.</span> <span class='ocrx_word' id='word_1_42' title='bbox 559 467 650 519; x_wconf 72' lang='lat' dir='ltr'>imp.</span> <span class='ocrx_word' id='word_1_43' title='bbox 684 465 874 508; x_wconf 57' lang='lat'>111093.</span> <span class='ocrx_word' id='word_1_44' title='bbox 2034 468 2104 521; x_wconf 90' lang='lat' dir='ltr'>(P.</span> <span class='ocrx_word' id='word_1_45' title='bbox 2126 469 2246 522; x_wconf 78' lang='lat'><em>258.)</em></span> 
     </span>
    </p>
   </div>
   <div class='ocr_carea' id='block_1_3' title="bbox 197 591 2392 2981">
    <p class='ocr_par' dir='ltr' id='par_1_3' title="bbox 200 591 2387 715">
     <span class='ocr_line' id='line_1_6' title="bbox 339 591 2387 646; baseline 0.002 -15"><span class='ocrx_word' id='word_1_46' title='bbox 339 591 620 632; x_wconf 72' lang='lat' dir='ltr'>Sanctissnno</span> <span class='ocrx_word' id='word_1_47' title='bbox 654 592 693 631; x_wconf 91' lang='lat' dir='ltr'>in</span> <span class='ocrx_word' id='word_1_48' title='bbox 729 591 897 632; x_wconf 86' lang='lat' dir='ltr'>Christo</span> <span class='ocrx_word' id='word_1_49' title='bbox 939 592 1046 646; x_wconf 86' lang='lat' dir='ltr'>patri</span> <span class='ocrx_word' id='word_1_50' title='bbox 1081 591 1253 632; x_wconf 87' lang='lat' dir='ltr'>domino</span> <span class='ocrx_word' id='word_1_51' title='bbox 1286 591 1477 633; x_wconf 81' lang='lat' dir='ltr'>Honorio</span> <span class='ocrx_word' id='word_1_52' title='bbox 1512 591 1595 633; x_wconf 89' lang='lat' dir='ltr'>Dei</span> <span class='ocrx_word' id='word_1_53' title='bbox 1628 592 1767 646; x_wconf 85' lang='lat' dir='ltr'>gratia</span> <span class='ocrx_word' id='word_1_54' title='bbox 1800 595 1882 633; x_wconf 85' lang='lat' dir='ltr'>etc.</span> <span class='ocrx_word' id='word_1_55' title='bbox 1945 591 2200 634; x_wconf 87' lang='lat' dir='ltr'>Fredcricus</span> <span class='ocrx_word' id='word_1_56' title='bbox 2234 592 2387 635; x_wconf 86' lang='lat' dir='ltr'>eadem</span> 
     </span>
     <span class='ocr_line' id='line_1_7' title="bbox 200 659 1486 715; baseline 0.001 -16"><span class='ocrx_word' id='word_1_57' title='bbox 200 660 335 712; x_wconf 70' lang='lat' dir='ltr'>gratia</span> <span class='ocrx_word' id='word_1_58' title='bbox 371 659 662 700; x_wconf 80' lang='lat' dir='ltr'>Romanorum</span> <span class='ocrx_word' id='word_1_59' title='bbox 697 661 926 714; x_wconf 87' lang='lat' dir='ltr'>imperator</span> <span class='ocrx_word' id='word_1_60' title='bbox 960 674 1131 715; x_wconf 82' lang='lat' dir='ltr'>semper</span> <span class='ocrx_word' id='word_1_61' title='bbox 1163 666 1372 714; x_wconf 85' lang='lat' dir='ltr'>augustus</span> <span class='ocrx_word' id='word_1_62' title='bbox 1405 665 1486 701; x_wconf 87' lang='lat' dir='ltr'>etc.</span> 
     </span>
    </p>

    <p class='ocr_par' dir='ltr' id='par_1_4' title="bbox 197 728 2391 2500">
     <span class='ocr_line' id='line_1_8' title="bbox 342 728 2386 783; baseline 0.002 -16"><span class='ocrx_word' id='word_1_63' title='bbox 342 736 496 768; x_wconf 60' lang='lat' dir='ltr'>(ausam</span> <span class='ocrx_word' id='word_1_64' title='bbox 532 729 694 769; x_wconf 77' lang='lat' dir='ltr'>offenso</span> <span class='ocrx_word' id='word_1_65' title='bbox 728 743 853 783; x_wconf 81' lang='lat' dir='ltr'>quum</span> <span class='ocrx_word' id='word_1_66' title='bbox 887 748 1004 780; x_wconf 69' lang='lat' dir='ltr'>nuper</span> <span class='ocrx_word' id='word_1_67' title='bbox 1035 728 1207 783; x_wconf 81' lang='lat' dir='ltr'>quidam</span> <span class='ocrx_word' id='word_1_68' title='bbox 1241 729 1292 769; x_wconf 90' lang='lat' dir='ltr'>de</span> <span class='ocrx_word' id='word_1_69' title='bbox 1327 729 1586 777; x_wconf 79' lang='lat' dir='ltr'>civitatibus,</span> <span class='ocrx_word' id='word_1_70' title='bbox 1620 729 1723 770; x_wconf 87' lang='lat' dir='ltr'>locis</span> <span class='ocrx_word' id='word_1_71' title='bbox 1747 734 1789 770; x_wconf 88' lang='lat' dir='ltr'>et</span> <span class='ocrx_word' id='word_1_72' title='bbox 1820 730 2014 783; x_wconf 88' lang='lat' dir='ltr'>personis</span> <span class='ocrx_word' id='word_1_73' title='bbox 2039 730 2090 771; x_wconf 91' lang='lat' dir='ltr'>de</span> <span class='ocrx_word' id='word_1_74' title='bbox 2113 729 2386 782; x_wconf 86' lang='lat' dir='ltr'>Lombardia,</span> 
     </span>
     <span class='ocr_line' id='line_1_9' title="bbox 201 796 2386 850; baseline 0.002 -15"><span class='ocrx_word' id='word_1_75' title='bbox 201 796 390 836; x_wconf 76' lang='lat' dir='ltr'>Mai-chia</span> <span class='ocrx_word' id='word_1_76' title='bbox 425 804 465 836; x_wconf 78' lang='lat' dir='ltr'>ct</span> <span class='ocrx_word' id='word_1_77' title='bbox 499 796 763 841; x_wconf 73' lang='lat' dir='ltr'>Ronmniola.</span> <span class='ocrx_word' id='word_1_78' title='bbox 798 797 1001 838; x_wconf 77' lang='lat' dir='ltr'>videlicet</span> <span class='ocrx_word' id='word_1_79' title='bbox 1032 796 1338 844; x_wconf 79' lang='lat' dir='ltr'>Mediolanum,</span> <span class='ocrx_word' id='word_1_80' title='bbox 1373 797 1608 847; x_wconf 71' lang='lat' dir='ltr'>Placentia,</span> <span class='ocrx_word' id='word_1_81' title='bbox 1641 797 1844 838; x_wconf 86' lang='lat' dir='ltr'>Vercelle</span> <span class='ocrx_word' id='word_1_82' title='bbox 1857 805 1886 847; x_wconf 73' lang='lat'>³,</span> <span class='ocrx_word' id='word_1_83' title='bbox 1919 797 2128 848; x_wconf 83' lang='lat' dir='ltr'>Bononia,</span> <span class='ocrx_word' id='word_1_84' title='bbox 2161 798 2386 850; x_wconf 87' lang='lat' dir='ltr'>Fauentia,</span> 
     </span>
     <span class='ocr_line' id='line_1_10' title="bbox 200 864 2386 920; baseline 0.001 -16"><span class='ocrx_word' id='word_1_85' title='bbox 200 864 485 905; x_wconf 77' lang='lat' dir='ltr'>Alexandria.</span> <span class='ocrx_word' id='word_1_86' title='bbox 519 864 752 905; x_wconf 78' lang='lat' dir='ltr'>Taurinum</span> <span class='ocrx_word' id='word_1_87' title='bbox 765 867 793 909; x_wconf 53' lang='grc' dir='ltr'>ι’,</span> <span class='ocrx_word' id='word_1_88' title='bbox 828 866 990 917; x_wconf 87' lang='lat' dir='ltr'>Lauda,</span> <span class='ocrx_word' id='word_1_89' title='bbox 1022 865 1294 920; x_wconf 77' lang='lat' dir='ltr'>Pergamum,</span> <span class='ocrx_word' id='word_1_90' title='bbox 1337 865 1498 915; x_wconf 76' lang='lat' dir='ltr'>Brixia,</span> <span class='ocrx_word' id='word_1_91' title='bbox 1531 865 1722 918; x_wconf 83' lang='lat' dir='ltr'>Mantua,</span> <span class='ocrx_word' id='word_1_92' title='bbox 1756 865 1944 914; x_wconf 77' lang='lat' dir='ltr'>Verona,</span> <span class='ocrx_word' id='word_1_93' title='bbox 1977 866 2140 916; x_wconf 84' lang='lat' dir='ltr'>Padua,</span> <span class='ocrx_word' id='word_1_94' title='bbox 2174 866 2386 918; x_wconf 88' lang='lat' dir='ltr'>Vicentia,</span> 
     </span>
     <span class='ocr_line' id='line_1_11' title="bbox 199 931 2382 989; baseline 0.002 -18"><span class='ocrx_word' id='word_1_95' title='bbox 199 931 465 975; x_wconf 78' lang='lat' dir='ltr'>Tei-uisium.</span> <span class='ocrx_word' id='word_1_96' title='bbox 500 932 697 976; x_wconf 42' lang='lat' dir='ltr'>Cremu&amp;</span> <span class='ocrx_word' id='word_1_97' title='bbox 732 966 740 974; x_wconf 90' lang='lat'><strong>.</strong></span> <span class='ocrx_word' id='word_1_98' title='bbox 765 967 773 975; x_wconf 93' lang='lat'>.</span> <span class='ocrx_word' id='word_1_99' title='bbox 797 934 988 974; x_wconf 81' lang='lat' dir='ltr'>marchio</span> <span class='ocrx_word' id='word_1_100' title='bbox 1022 933 1346 981; x_wconf 75' lang='lat' dir='ltr'>Montisferrati,</span> <span class='ocrx_word' id='word_1_101' title='bbox 1389 948 1532 975; x_wconf 89' lang='lat' dir='ltr'>comes</span> <span class='ocrx_word' id='word_1_102' title='bbox 1567 933 1803 975; x_wconf 82' lang='lat' dir='ltr'>Gotifridus</span> <span class='ocrx_word' id='word_1_103' title='bbox 1844 934 1896 974; x_wconf 89' lang='lat' dir='ltr'>de</span> <span class='ocrx_word' id='word_1_104' title='bbox 1928 934 2164 976; x_wconf 87' lang='lat' dir='ltr'>Blandrato</span> <span class='ocrx_word' id='word_1_105' title='bbox 2204 938 2247 976; x_wconf 88' lang='lat' dir='ltr'>et</span> <span class='ocrx_word' id='word_1_106' title='bbox 2278 948 2382 989; x_wconf 83' lang='lat' dir='ltr'>que-</span> 
     </span>
     <span class='ocr_line' id='line_1_12' title="bbox 199 1000 2386 1057; baseline 0.001 -17"><span class='ocrx_word' id='word_1_107' title='bbox 199 1000 301 1041; x_wconf 78' lang='lat' dir='ltr'>libet</span> <span class='ocrx_word' id='word_1_108' title='bbox 334 1002 412 1041; x_wconf 79' lang='lat' dir='ltr'>ulie</span> <span class='ocrx_word' id='word_1_109' title='bbox 448 1016 628 1056; x_wconf 74' lang='lat' dir='ltr'>persone</span> <span class='ocrx_word' id='word_1_110' title='bbox 663 1002 713 1043; x_wconf 84' lang='lat' dir='ltr'>dc</span> <span class='ocrx_word' id='word_1_111' title='bbox 747 1002 852 1042; x_wconf 85' lang='lat' dir='ltr'>locis</span> <span class='ocrx_word' id='word_1_112' title='bbox 895 1001 1101 1057; x_wconf 79' lang='lat' dir='ltr'>predictis</span> <span class='ocrx_word' id='word_1_113' title='bbox 1135 1006 1282 1043; x_wconf 84' lang='lat' dir='ltr'>contra</span> <span class='ocrx_word' id='word_1_114' title='bbox 1316 1002 1586 1043; x_wconf 86' lang='lat' dir='ltr'>maiestatem</span> <span class='ocrx_word' id='word_1_115' title='bbox 1627 1007 1818 1043; x_wconf 85' lang='lat' dir='ltr'>nostram</span> <span class='ocrx_word' id='word_1_116' title='bbox 1852 1006 1895 1044; x_wconf 89' lang='lat' dir='ltr'>ct</span> <span class='ocrx_word' id='word_1_117' title='bbox 1936 1006 2128 1044; x_wconf 88' lang='lat' dir='ltr'>nostrum</span> <span class='ocrx_word' id='word_1_118' title='bbox 2161 1002 2386 1057; x_wconf 84' lang='lat' dir='ltr'>imperium</span> 
     </span>
     <span class='ocr_line' id='line_1_13' title="bbox 199 1071 2389 1122; baseline 0.002 -14"><span class='ocrx_word' id='word_1_119' title='bbox 199 1071 520 1111; x_wconf 67' lang='lat' dir='ltr'>eonnniserunt.</span> <span class='ocrx_word' id='word_1_120' title='bbox 570 1077 653 1121; x_wconf 62' lang='lat' dir='ltr'>qnia</span> <span class='ocrx_word' id='word_1_121' title='bbox 698 1077 892 1111; x_wconf 73' lang='lat' dir='ltr'>videbatur</span> <span class='ocrx_word' id='word_1_122' title='bbox 933 1077 1239 1122; x_wconf 68' lang='lat' dir='ltr'>inilwdinientnm</span> <span class='ocrx_word' id='word_1_123' title='bbox 1279 1077 1409 1112; x_wconf 67' lang='lat' dir='ltr'>afferre</span> <span class='ocrx_word' id='word_1_124' title='bbox 1456 1077 1608 1121; x_wconf 85' lang='lat' dir='ltr'>negotio</span> <span class='ocrx_word' id='word_1_125' title='bbox 1646 1077 1757 1112; x_wconf 83' lang='lat' dir='ltr'>Terre</span> <span class='ocrx_word' id='word_1_126' title='bbox 1796 1077 1947 1119; x_wconf 77' lang='lat' dir='ltr'>Sancte,</span> <span class='ocrx_word' id='word_1_127' title='bbox 1998 1076 2035 1111; x_wconf 90' lang='lat' dir='ltr'>in</span> <span class='ocrx_word' id='word_1_128' title='bbox 2073 1076 2311 1122; x_wconf 86' lang='lat' dir='ltr'>providentia</span> <span class='ocrx_word' id='word_1_129' title='bbox 2351 1079 2389 1113; x_wconf 88' lang='lat' dir='ltr'>et</span> 
     </span>
     <span class='ocr_line' id='line_1_14' title="bbox 198 1139 2389 1190; baseline 0.002 -13"><span class='ocrx_word' id='word_1_130' title='bbox 198 1144 442 1188; x_wconf 56' lang='lat' dir='ltr'>dispositioni·</span> <span class='ocrx_word' id='word_1_131' title='bbox 468 1146 607 1179; x_wconf 66' lang='lat' dir='ltr'>vestra</span> <span class='ocrx_word' id='word_1_132' title='bbox 643 1158 684 1179; x_wconf 69' lang='grc' dir='ltr'>ιιι·</span> <span class='ocrx_word' id='word_1_133' title='bbox 718 1147 871 1180; x_wconf 77' lang='lat' dir='ltr'>fratrum</span> <span class='ocrx_word' id='word_1_134' title='bbox 897 1148 1103 1180; x_wconf 71' lang='lat' dir='ltr'>vestrorum</span> <span class='ocrx_word' id='word_1_135' title='bbox 1130 1140 1442 1181; x_wconf 77' lang='lat' dir='ltr'>venerabilium</span> <span class='ocrx_word' id='word_1_136' title='bbox 1467 1139 1749 1180; x_wconf 72' lang='lat' dir='ltr'><strong>cardinalium</strong></span> <span class='ocrx_word' id='word_1_137' title='bbox 1782 1145 1973 1190; x_wconf 78' lang='lat' dir='ltr'>posuimus</span> <span class='ocrx_word' id='word_1_138' title='bbox 1996 1146 2178 1181; x_wconf 79' lang='lat' dir='ltr'>absolute.</span> <span class='ocrx_word' id='word_1_139' title='bbox 2228 1139 2389 1181; x_wconf 81' lang='lat' dir='ltr'>Vestra</span> 
     </span>
     <span class='ocr_line' id='line_1_15' title="bbox 199 1213 2388 1259; baseline 0.001 -12"><span class='ocrx_word' id='word_1_140' title='bbox 199 1213 313 1257; x_wconf 74' lang='lat' dir='ltr'>igitur</span> <span class='ocrx_word' id='word_1_141' title='bbox 344 1213 555 1257; x_wconf 68' lang='lat' dir='ltr'>provisione</span> <span class='ocrx_word' id='word_1_142' title='bbox 589 1227 698 1259; x_wconf 74' lang='lat' dir='ltr'>super</span> <span class='ocrx_word' id='word_1_143' title='bbox 730 1215 797 1249; x_wconf 89' lang='lat' dir='ltr'>hoc</span> <span class='ocrx_word' id='word_1_144' title='bbox 830 1214 974 1259; x_wconf 81' lang='lat' dir='ltr'>plenius</span> <span class='ocrx_word' id='word_1_145' title='bbox 1012 1214 1215 1257; x_wconf 77' lang='lat' dir='ltr'>intellecta,</span> <span class='ocrx_word' id='word_1_146' title='bbox 1248 1226 1315 1258; x_wconf 86' lang='lat' dir='ltr'>pro</span> <span class='ocrx_word' id='word_1_147' title='bbox 1348 1214 1559 1249; x_wconf 88' lang='lat' dir='ltr'>reverentia</span> <span class='ocrx_word' id='word_1_148' title='bbox 1598 1215 1682 1249; x_wconf 89' lang='lat' dir='ltr'>Iesu</span> <span class='ocrx_word' id='word_1_149' title='bbox 1714 1214 1853 1249; x_wconf 75' lang='lat' dir='ltr'>Christi</span> <span class='ocrx_word' id='word_1_150' title='bbox 1885 1216 1922 1249; x_wconf 89' lang='lat' dir='ltr'>et</span> <span class='ocrx_word' id='word_1_151' title='bbox 1961 1214 2077 1259; x_wconf 88' lang='lat' dir='ltr'>ipsius</span> <span class='ocrx_word' id='word_1_152' title='bbox 2110 1213 2221 1249; x_wconf 86' lang='lat' dir='ltr'>Terre</span> <span class='ocrx_word' id='word_1_153' title='bbox 2253 1214 2388 1251; x_wconf 82' lang='lat' dir='ltr'>Sancte</span> 
     </span>
     <span class='ocr_line' id='line_1_16' title="bbox 199 1277 2387 1331; baseline 0.002 -17"><span class='ocrx_word' id='word_1_154' title='bbox 199 1282 349 1326; x_wconf 70' lang='lat' dir='ltr'>negotio</span> <span class='ocrx_word' id='word_1_155' title='bbox 383 1282 564 1316; x_wconf 76' lang='lat' dir='ltr'>universis</span> <span class='ocrx_word' id='word_1_156' title='bbox 598 1285 632 1316; x_wconf 79' lang='lat' dir='ltr'>et</span> <span class='ocrx_word' id='word_1_157' title='bbox 667 1282 823 1327; x_wconf 77' lang='lat' dir='ltr'>singulis</span> <span class='ocrx_word' id='word_1_158' title='bbox 857 1277 1112 1331; x_wconf 82' lang='lat' dir='ltr'>supradictis</span> <span class='ocrx_word' id='word_1_159' title='bbox 1145 1283 1189 1317; x_wconf 89' lang='lat' dir='ltr'>de</span> <span class='ocrx_word' id='word_1_160' title='bbox 1220 1283 1353 1317; x_wconf 84' lang='lat' dir='ltr'>innata</span> <span class='ocrx_word' id='word_1_161' title='bbox 1383 1282 1490 1317; x_wconf 89' lang='lat' dir='ltr'>nobis</span> <span class='ocrx_word' id='word_1_162' title='bbox 1523 1283 1722 1318; x_wconf 89' lang='lat' dir='ltr'>clementia</span> <span class='ocrx_word' id='word_1_163' title='bbox 1752 1282 1978 1318; x_wconf 69' lang='lat' dir='ltr'>remittimus</span> <span class='ocrx_word' id='word_1_164' title='bbox 2010 1294 2157 1318; x_wconf 90' lang='lat' dir='ltr'>omnem</span> <span class='ocrx_word' id='word_1_165' title='bbox 2184 1294 2387 1327; x_wconf 84' lang='lat' dir='ltr'>rancorem,</span> 
     </span>
     <span class='ocr_line' id='line_1_17' title="bbox 198 1349 2387 1396; baseline 0.001 -13"><span class='ocrx_word' id='word_1_166' title='bbox 198 1350 509 1391; x_wconf 72' lang='lat' dir='ltr'>malivolentiam,</span> <span class='ocrx_word' id='word_1_167' title='bbox 543 1350 696 1385; x_wconf 79' lang='lat' dir='ltr'>iniurius</span> <span class='ocrx_word' id='word_1_168' title='bbox 729 1354 763 1385; x_wconf 80' lang='lat' dir='ltr'>ct</span> <span class='ocrx_word' id='word_1_169' title='bbox 799 1352 974 1393; x_wconf 80' lang='lat' dir='ltr'>offensas,</span> <span class='ocrx_word' id='word_1_170' title='bbox 1008 1351 1206 1395; x_wconf 75' lang='lat' dir='ltr'>omniaque</span> <span class='ocrx_word' id='word_1_171' title='bbox 1237 1351 1373 1393; x_wconf 80' lang='lat' dir='ltr'>banna,</span> <span class='ocrx_word' id='word_1_172' title='bbox 1407 1351 1697 1386; x_wconf 81' lang='lat' dir='ltr'>constitutiones</span> <span class='ocrx_word' id='word_1_173' title='bbox 1732 1349 1774 1386; x_wconf 83' lang='lat' dir='ltr'>et</span> <span class='ocrx_word' id='word_1_174' title='bbox 1806 1351 2013 1386; x_wconf 85' lang='lat' dir='ltr'>sententias</span> <span class='ocrx_word' id='word_1_175' title='bbox 2046 1353 2084 1386; x_wconf 87' lang='lat' dir='ltr'>et</span> <span class='ocrx_word' id='word_1_176' title='bbox 2116 1351 2387 1396; x_wconf 80' lang='lat' dir='ltr'>ordinamenta,</span> 
     </span>
     <span class='ocr_line' id='line_1_18' title="bbox 197 1414 2390 1468; baseline 0.002 -17"><span class='ocrx_word' id='word_1_177' title='bbox 197 1431 266 1461; x_wconf 66' lang='lat' dir='ltr'>qus·</span> <span class='ocrx_word' id='word_1_178' title='bbox 302 1418 451 1453; x_wconf 72' lang='lat' dir='ltr'>fecimus</span> <span class='ocrx_word' id='word_1_179' title='bbox 487 1420 539 1453; x_wconf 74' lang='lat' dir='ltr'>vel</span> <span class='ocrx_word' id='word_1_180' title='bbox 583 1420 823 1465; x_wconf 68' lang='lat' dir='ltr'>imposuimus</span> <span class='ocrx_word' id='word_1_181' title='bbox 866 1433 930 1464; x_wconf 77' lang='lat' dir='ltr'>per</span> <span class='ocrx_word' id='word_1_182' title='bbox 963 1432 1028 1455; x_wconf 82' lang='lat' dir='ltr'>nos</span> <span class='ocrx_word' id='word_1_183' title='bbox 1063 1421 1120 1455; x_wconf 79' lang='lat' dir='ltr'>vel</span> <span class='ocrx_word' id='word_1_184' title='bbox 1158 1432 1224 1464; x_wconf 83' lang='lat' dir='ltr'>per</span> <span class='ocrx_word' id='word_1_185' title='bbox 1255 1420 1370 1454; x_wconf 79' lang='lat' dir='ltr'>alium</span> <span class='ocrx_word' id='word_1_186' title='bbox 1404 1419 1545 1454; x_wconf 80' lang='lat' dir='ltr'>aliusve</span> <span class='ocrx_word' id='word_1_187' title='bbox 1578 1432 1644 1464; x_wconf 86' lang='lat' dir='ltr'>pro</span> <span class='ocrx_word' id='word_1_188' title='bbox 1676 1419 1783 1454; x_wconf 87' lang='lat' dir='ltr'>nobis</span> <span class='ocrx_word' id='word_1_189' title='bbox 1824 1414 2027 1468; x_wconf 78' lang='lat' dir='ltr'>imposuit</span> <span class='ocrx_word' id='word_1_190' title='bbox 2059 1414 2120 1455; x_wconf 87' lang='lat' dir='ltr'>eis</span> <span class='ocrx_word' id='word_1_191' title='bbox 2155 1428 2232 1455; x_wconf 87' lang='lat' dir='ltr'>seu</span> <span class='ocrx_word' id='word_1_192' title='bbox 2263 1414 2390 1455; x_wconf 83' lang='lat' dir='ltr'>alicui</span> 
     </span>
     <span class='ocr_line' id='line_1_19' title="bbox 197 1481 2389 1534; baseline 0.002 -14"><span class='ocrx_word' id='word_1_193' title='bbox 197 1481 248 1521; x_wconf 71' lang='lat' dir='ltr'>(le</span> <span class='ocrx_word' id='word_1_194' title='bbox 282 1487 512 1523; x_wconf 70' lang='lat' dir='ltr'>civitatibus.</span> <span class='ocrx_word' id='word_1_195' title='bbox 560 1482 662 1522; x_wconf 83' lang='lat' dir='ltr'>locis</span> <span class='ocrx_word' id='word_1_196' title='bbox 696 1490 733 1523; x_wconf 75' lang='lat' dir='ltr'>et</span> <span class='ocrx_word' id='word_1_197' title='bbox 764 1489 932 1534; x_wconf 80' lang='lat' dir='ltr'>personis</span> <span class='ocrx_word' id='word_1_198' title='bbox 965 1482 1149 1533; x_wconf 76' lang='lat' dir='ltr'>eisdem,</span> <span class='ocrx_word' id='word_1_199' title='bbox 1190 1491 1227 1523; x_wconf 78' lang='lat' dir='ltr'>ct</span> <span class='ocrx_word' id='word_1_200' title='bbox 1259 1501 1489 1533; x_wconf 77' lang='lat' dir='ltr'>quecumque</span> <span class='ocrx_word' id='word_1_201' title='bbox 1530 1500 1573 1523; x_wconf 78' lang='lat' dir='ltr'>ex</span> <span class='ocrx_word' id='word_1_202' title='bbox 1607 1488 1658 1523; x_wconf 88' lang='lat' dir='ltr'>eis</span> <span class='ocrx_word' id='word_1_203' title='bbox 1692 1489 1748 1524; x_wconf 82' lang='lat' dir='ltr'>vel</span> <span class='ocrx_word' id='word_1_204' title='bbox 1782 1488 1827 1523; x_wconf 90' lang='lat' dir='ltr'>ob</span> <span class='ocrx_word' id='word_1_205' title='bbox 1861 1500 1903 1523; x_wconf 85' lang='lat' dir='ltr'>ea</span> <span class='ocrx_word' id='word_1_206' title='bbox 1935 1490 2062 1524; x_wconf 84' lang='lat' dir='ltr'>secuta</span> <span class='ocrx_word' id='word_1_207' title='bbox 2093 1490 2196 1532; x_wconf 88' lang='lat' dir='ltr'>sunt,</span> <span class='ocrx_word' id='word_1_208' title='bbox 2239 1489 2389 1534; x_wconf 86' lang='lat' dir='ltr'>penitus</span> 
     </span>
     <span class='ocr_line' id='line_1_20' title="bbox 199 1557 2391 1601; baseline 0.002 -12"><span class='ocrx_word' id='word_1_209' title='bbox 199 1568 427 1590; x_wconf 45' lang='lat' dir='ltr'>rex-ocanni&amp;</span> <span class='ocrx_word' id='word_1_210' title='bbox 471 1559 505 1590; x_wconf 72' lang='lat' dir='ltr'>ct</span> <span class='ocrx_word' id='word_1_211' title='bbox 549 1557 762 1601; x_wconf 71' lang='lat' dir='ltr'>specialiter</span> <span class='ocrx_word' id='word_1_212' title='bbox 794 1558 1103 1593; x_wconf 74' lang='lat' dir='ltr'>constitutionem</span> <span class='ocrx_word' id='word_1_213' title='bbox 1145 1559 1280 1592; x_wconf 82' lang='lat' dir='ltr'>factam</span> <span class='ocrx_word' id='word_1_214' title='bbox 1313 1558 1357 1593; x_wconf 86' lang='lat' dir='ltr'>de</span> <span class='ocrx_word' id='word_1_215' title='bbox 1396 1557 1519 1592; x_wconf 84' lang='lat' dir='ltr'>studio</span> <span class='ocrx_word' id='word_1_216' title='bbox 1553 1559 1591 1592; x_wconf 82' lang='lat' dir='ltr'>et</span> <span class='ocrx_word' id='word_1_217' title='bbox 1630 1557 1866 1592; x_wconf 78' lang='lat' dir='ltr'>studentibus</span> <span class='ocrx_word' id='word_1_218' title='bbox 1900 1557 2085 1598; x_wconf 87' lang='lat' dir='ltr'>Bononie;</span> <span class='ocrx_word' id='word_1_219' title='bbox 2127 1557 2320 1593; x_wconf 87' lang='lat' dir='ltr'>universos</span> <span class='ocrx_word' id='word_1_220' title='bbox 2352 1560 2391 1594; x_wconf 86' lang='lat' dir='ltr'>et</span> 
     </span>
     <span class='ocr_line' id='line_1_21' title="bbox 197 1624 2389 1671; baseline 0.003 -16"><span class='ocrx_word' id='word_1_221' title='bbox 197 1624 373 1669; x_wconf 67' lang='lat' dir='ltr'>singulos,</span> <span class='ocrx_word' id='word_1_222' title='bbox 407 1625 470 1668; x_wconf 74' lang='lat' dir='ltr'>qui</span> <span class='ocrx_word' id='word_1_223' title='bbox 503 1626 695 1661; x_wconf 76' lang='lat' dir='ltr'>occasione</span> <span class='ocrx_word' id='word_1_224' title='bbox 727 1627 883 1661; x_wconf 80' lang='lat' dir='ltr'>alieuius</span> <span class='ocrx_word' id='word_1_225' title='bbox 915 1627 1168 1671; x_wconf 87' lang='lat' dir='ltr'>predictorum</span> <span class='ocrx_word' id='word_1_226' title='bbox 1200 1626 1268 1662; x_wconf 87' lang='lat' dir='ltr'>lesi</span> <span class='ocrx_word' id='word_1_227' title='bbox 1300 1626 1483 1668; x_wconf 88' lang='lat' dir='ltr'>videntur,</span> <span class='ocrx_word' id='word_1_228' title='bbox 1516 1625 1758 1661; x_wconf 81' lang='lat' dir='ltr'>restituentes</span> <span class='ocrx_word' id='word_1_229' title='bbox 1790 1625 1829 1660; x_wconf 90' lang='lat' dir='ltr'>in</span> <span class='ocrx_word' id='word_1_230' title='bbox 1860 1625 2047 1671; x_wconf 85' lang='lat' dir='ltr'>integrum</span> <span class='ocrx_word' id='word_1_231' title='bbox 2078 1626 2117 1660; x_wconf 92' lang='lat' dir='ltr'>in</span> <span class='ocrx_word' id='word_1_232' title='bbox 2149 1626 2319 1662; x_wconf 84' lang='lat' dir='ltr'>omnibus</span> <span class='ocrx_word' id='word_1_233' title='bbox 2351 1629 2389 1663; x_wconf 90' lang='lat' dir='ltr'>et</span> 
     </span>
     <span class='ocr_line' id='line_1_22' title="bbox 197 1694 2389 1740; baseline 0.002 -14"><span class='ocrx_word' id='word_1_234' title='bbox 197 1705 262 1738; x_wconf 75' lang='lat' dir='ltr'>per</span> <span class='ocrx_word' id='word_1_235' title='bbox 301 1694 423 1728; x_wconf 82' lang='lat' dir='ltr'>omnia</span> <span class='ocrx_word' id='word_1_236' title='bbox 465 1706 529 1728; x_wconf 85' lang='lat' dir='ltr'>suo</span> <span class='ocrx_word' id='word_1_237' title='bbox 563 1695 678 1729; x_wconf 79' lang='lat' dir='ltr'>statui</span> <span class='ocrx_word' id='word_1_238' title='bbox 710 1698 823 1740; x_wconf 84' lang='lat' dir='ltr'>atque</span> <span class='ocrx_word' id='word_1_239' title='bbox 864 1696 977 1733; x_wconf 82' lang='lat' dir='ltr'>fame,</span> <span class='ocrx_word' id='word_1_240' title='bbox 1019 1696 1244 1731; x_wconf 88' lang='lat' dir='ltr'>remittendo</span> <span class='ocrx_word' id='word_1_241' title='bbox 1284 1695 1478 1730; x_wconf 77' lang='lat' dir='ltr'>infamiam</span> <span class='ocrx_word' id='word_1_242' title='bbox 1518 1707 1664 1730; x_wconf 88' lang='lat' dir='ltr'>omnem</span> <span class='ocrx_word' id='word_1_243' title='bbox 1702 1696 1740 1729; x_wconf 90' lang='lat' dir='ltr'>et</span> <span class='ocrx_word' id='word_1_244' title='bbox 1779 1706 1911 1739; x_wconf 85' lang='lat' dir='ltr'>penam</span> <span class='ocrx_word' id='word_1_245' title='bbox 1950 1706 2021 1739; x_wconf 88' lang='lat' dir='ltr'>que</span> <span class='ocrx_word' id='word_1_246' title='bbox 2062 1696 2187 1730; x_wconf 90' lang='lat' dir='ltr'>secute</span> <span class='ocrx_word' id='word_1_247' title='bbox 2226 1697 2313 1730; x_wconf 90' lang='lat' dir='ltr'>sunt</span> <span class='ocrx_word' id='word_1_248' title='bbox 2344 1707 2389 1731; x_wconf 85' lang='lat' dir='ltr'>ex</span> 
     </span>
     <span class='ocr_line' id='line_1_23' title="bbox 197 1762 2388 1809; baseline 0.002 -14"><span class='ocrx_word' id='word_1_249' title='bbox 197 1762 322 1806; x_wconf 72' lang='lat' dir='ltr'>aliquo</span> <span class='ocrx_word' id='word_1_250' title='bbox 360 1762 628 1807; x_wconf 80' lang='lat' dir='ltr'>predictorum,</span> <span class='ocrx_word' id='word_1_251' title='bbox 670 1764 724 1798; x_wconf 85' lang='lat' dir='ltr'>ita</span> <span class='ocrx_word' id='word_1_252' title='bbox 761 1765 860 1808; x_wconf 84' lang='lat' dir='ltr'>quod</span> <span class='ocrx_word' id='word_1_253' title='bbox 899 1776 941 1799; x_wconf 81' lang='lat' dir='ltr'>ea</span> <span class='ocrx_word' id='word_1_254' title='bbox 973 1776 1044 1808; x_wconf 88' lang='lat' dir='ltr'>que</span> <span class='ocrx_word' id='word_1_255' title='bbox 1076 1776 1142 1809; x_wconf 87' lang='lat' dir='ltr'>per</span> <span class='ocrx_word' id='word_1_256' title='bbox 1173 1776 1235 1799; x_wconf 88' lang='lat' dir='ltr'>eos</span> <span class='ocrx_word' id='word_1_257' title='bbox 1267 1763 1389 1798; x_wconf 86' lang='lat' dir='ltr'>medio</span> <span class='ocrx_word' id='word_1_258' title='bbox 1426 1765 1596 1807; x_wconf 87' lang='lat' dir='ltr'>tempore</span> <span class='ocrx_word' id='word_1_259' title='bbox 1627 1764 1712 1797; x_wconf 85' lang='lat' dir='ltr'>acta</span> <span class='ocrx_word' id='word_1_260' title='bbox 1744 1764 1846 1805; x_wconf 88' lang='lat' dir='ltr'>sunt,</span> <span class='ocrx_word' id='word_1_261' title='bbox 1885 1774 1961 1797; x_wconf 92' lang='lat' dir='ltr'>non</span> <span class='ocrx_word' id='word_1_262' title='bbox 1993 1762 2229 1798; x_wconf 78' lang='lat' dir='ltr'>obstantibus</span> <span class='ocrx_word' id='word_1_263' title='bbox 2263 1775 2388 1809; x_wconf 88' lang='lat' dir='ltr'>supra·</span> 
     </span>
     <span class='ocr_line' id='line_1_24' title="bbox 198 1831 2388 1878; baseline 0.002 -14"><span class='ocrx_word' id='word_1_264' title='bbox 198 1831 316 1865; x_wconf 67' lang='lat' dir='ltr'>dictis.</span> <span class='ocrx_word' id='word_1_265' title='bbox 352 1831 461 1866; x_wconf 76' lang='lat' dir='ltr'>robur</span> <span class='ocrx_word' id='word_1_266' title='bbox 493 1832 689 1867; x_wconf 72' lang='lat' dir='ltr'>obtineant</span> <span class='ocrx_word' id='word_1_267' title='bbox 721 1834 818 1877; x_wconf 85' lang='lat' dir='ltr'>quod</span> <span class='ocrx_word' id='word_1_268' title='bbox 851 1833 943 1868; x_wconf 80' lang='lat' dir='ltr'>alias</span> <span class='ocrx_word' id='word_1_269' title='bbox 975 1833 1179 1868; x_wconf 80' lang='lat' dir='ltr'>debuerant</span> <span class='ocrx_word' id='word_1_270' title='bbox 1213 1832 1393 1867; x_wconf 82' lang='lat' dir='ltr'>obtinere.</span> <span class='ocrx_word' id='word_1_271' title='bbox 1446 1832 1502 1866; x_wconf 90' lang='lat' dir='ltr'>Ad</span> <span class='ocrx_word' id='word_1_272' title='bbox 1524 1832 1592 1867; x_wconf 85' lang='lat' dir='ltr'>hec</span> <span class='ocrx_word' id='word_1_273' title='bbox 1614 1831 1798 1874; x_wconf 85' lang='lat' dir='ltr'>civitates,</span> <span class='ocrx_word' id='word_1_274' title='bbox 1831 1832 1912 1866; x_wconf 85' lang='lat' dir='ltr'>loca</span> <span class='ocrx_word' id='word_1_275' title='bbox 1935 1833 1972 1867; x_wconf 91' lang='lat' dir='ltr'>et</span> <span class='ocrx_word' id='word_1_276' title='bbox 2001 1843 2180 1876; x_wconf 81' lang='lat' dir='ltr'>personas</span> <span class='ocrx_word' id='word_1_277' title='bbox 2202 1832 2388 1878; x_wconf 87' lang='lat' dir='ltr'>predictas</span> 
     </span>
     <span class='ocr_line' id='line_1_25' title="bbox 200 1893 2388 1946; baseline 0.002 -14"><span class='ocrx_word' id='word_1_278' title='bbox 200 1900 395 1944; x_wconf 58' lang='lat' dir='ltr'>recipimus</span> <span class='ocrx_word' id='word_1_279' title='bbox 434 1901 471 1935; x_wconf 88' lang='lat' dir='ltr'>in</span> <span class='ocrx_word' id='word_1_280' title='bbox 512 1903 638 1935; x_wconf 72' lang='lat' dir='ltr'>nostre</span> <span class='ocrx_word' id='word_1_281' title='bbox 675 1902 795 1945; x_wconf 73' lang='lat' dir='ltr'>gratie</span> <span class='ocrx_word' id='word_1_282' title='bbox 836 1901 1105 1946; x_wconf 86' lang='lat' dir='ltr'>plenitudinem</span> <span class='ocrx_word' id='word_1_283' title='bbox 1148 1903 1185 1936; x_wconf 87' lang='lat' dir='ltr'>et</span> <span class='ocrx_word' id='word_1_284' title='bbox 1217 1900 1268 1935; x_wconf 80' lang='lat' dir='ltr'>eis</span> <span class='ocrx_word' id='word_1_285' title='bbox 1308 1900 1495 1936; x_wconf 87' lang='lat' dir='ltr'>reddimus</span> <span class='ocrx_word' id='word_1_286' title='bbox 1537 1901 1678 1934; x_wconf 87' lang='lat' dir='ltr'>firmam</span> <span class='ocrx_word' id='word_1_287' title='bbox 1718 1893 1889 1945; x_wconf 79' lang='lat' dir='ltr'>pacem*‚</span> <span class='ocrx_word' id='word_1_288' title='bbox 1930 1899 2204 1936; x_wconf 79' lang='lat' dir='ltr'>reservantes</span> <span class='ocrx_word' id='word_1_289' title='bbox 2245 1899 2388 1936; x_wconf 86' lang='lat' dir='ltr'>tamen</span> 
     </span>
     <span class='ocr_line' id='line_1_26' title="bbox 201 1962 2389 2019; baseline 0.002 -18"><span class='ocrx_word' id='word_1_290' title='bbox 201 1962 323 2002; x_wconf 83' lang='lat' dir='ltr'>nobis</span> <span class='ocrx_word' id='word_1_291' title='bbox 357 1968 501 2003; x_wconf 76' lang='lat' dir='ltr'>contra</span> <span class='ocrx_word' id='word_1_292' title='bbox 541 1964 782 2019; x_wconf 86' lang='lat' dir='ltr'>predictum</span> <span class='ocrx_word' id='word_1_293' title='bbox 820 1965 1111 2005; x_wconf 82' lang='lat' dir='ltr'>marchionem</span> <span class='ocrx_word' id='word_1_294' title='bbox 1146 1963 1458 2004; x_wconf 85' lang='lat' dir='ltr'>Montisferrati</span> <span class='ocrx_word' id='word_1_295' title='bbox 1499 1963 1641 2003; x_wconf 90' lang='lat' dir='ltr'>omnia</span> <span class='ocrx_word' id='word_1_296' title='bbox 1683 1964 1777 2003; x_wconf 88' lang='lat' dir='ltr'>iura</span> <span class='ocrx_word' id='word_1_297' title='bbox 1810 1977 2043 2017; x_wconf 87' lang='lat' dir='ltr'>omnesque</span> <span class='ocrx_word' id='word_1_298' title='bbox 2084 1964 2275 2005; x_wconf 87' lang='lat' dir='ltr'>actiones</span> <span class='ocrx_word' id='word_1_299' title='bbox 2307 1978 2389 2019; x_wconf 86' lang='lat' dir='ltr'>que</span> 
     </span>
     <span class='ocr_line' id='line_1_27' title="bbox 199 2031 2389 2088; baseline 0.002 -18"><span class='ocrx_word' id='word_1_300' title='bbox 199 2031 321 2071; x_wconf 78' lang='lat' dir='ltr'>nobis</span> <span class='ocrx_word' id='word_1_301' title='bbox 357 2037 616 2086; x_wconf 81' lang='lat' dir='ltr'>competunt,</span> <span class='ocrx_word' id='word_1_302' title='bbox 649 2037 734 2073; x_wconf 83' lang='lat' dir='ltr'>tam</span> <span class='ocrx_word' id='word_1_303' title='bbox 769 2033 820 2074; x_wconf 89' lang='lat' dir='ltr'>de</span> <span class='ocrx_word' id='word_1_304' title='bbox 854 2033 997 2074; x_wconf 89' lang='lat' dir='ltr'>debito</span> <span class='ocrx_word' id='word_1_305' title='bbox 1031 2047 1113 2088; x_wconf 91' lang='lat' dir='ltr'>quo</span> <span class='ocrx_word' id='word_1_306' title='bbox 1147 2036 1291 2073; x_wconf 87' lang='lat' dir='ltr'>nostre</span> <span class='ocrx_word' id='word_1_307' title='bbox 1325 2031 1566 2073; x_wconf 87' lang='lat' dir='ltr'>celsitudini</span> <span class='ocrx_word' id='word_1_308' title='bbox 1599 2037 1666 2073; x_wconf 89' lang='lat' dir='ltr'>est</span> <span class='ocrx_word' id='word_1_309' title='bbox 1698 2032 1913 2081; x_wconf 74' lang='lat' dir='ltr'>astrictus,</span> <span class='ocrx_word' id='word_1_310' title='bbox 1947 2046 2073 2086; x_wconf 91' lang='lat' dir='ltr'>quam</span> <span class='ocrx_word' id='word_1_311' title='bbox 2096 2031 2148 2073; x_wconf 87' lang='lat' dir='ltr'>de</span> <span class='ocrx_word' id='word_1_312' title='bbox 2170 2036 2389 2088; x_wconf 83' lang='lat' dir='ltr'>terraque</span> 
     </span>
     <span class='ocr_line' id='line_1_28' title="bbox 199 2101 2390 2155; baseline 0.002 -16"><span class='ocrx_word' id='word_1_313' title='bbox 199 2107 373 2154; x_wconf 82' lang='lat' dir='ltr'>propter</span> <span class='ocrx_word' id='word_1_314' title='bbox 415 2101 555 2155; x_wconf 88' lang='lat' dir='ltr'>ipsum</span> <span class='ocrx_word' id='word_1_315' title='bbox 596 2101 786 2142; x_wconf 84' lang='lat' dir='ltr'>debitum</span> <span class='ocrx_word' id='word_1_316' title='bbox 827 2101 949 2142; x_wconf 89' lang='lat' dir='ltr'>nobis</span> <span class='ocrx_word' id='word_1_317' title='bbox 991 2102 1136 2142; x_wconf 83' lang='lat' dir='ltr'>extitit</span> <span class='ocrx_word' id='word_1_318' title='bbox 1175 2101 1378 2155; x_wconf 83' lang='lat' dir='ltr'>obligata.</span> <span class='ocrx_word' id='word_1_319' title='bbox 1453 2107 1645 2142; x_wconf 88' lang='lat' dir='ltr'>Faciemus</span> <span class='ocrx_word' id='word_1_320' title='bbox 1687 2107 1802 2141; x_wconf 90' lang='lat' dir='ltr'>etiam</span> <span class='ocrx_word' id='word_1_321' title='bbox 1838 2107 1987 2142; x_wconf 84' lang='lat' dir='ltr'>restitui</span> <span class='ocrx_word' id='word_1_322' title='bbox 2027 2109 2157 2152; x_wconf 84' lang='lat' dir='ltr'>captos</span> <span class='ocrx_word' id='word_1_323' title='bbox 2196 2107 2390 2143; x_wconf 87' lang='lat' dir='ltr'>occasione</span> 
     </span>
     <span class='ocr_line' id='line_1_29' title="bbox 198 2169 2389 2221; baseline 0.002 -14"><span class='ocrx_word' id='word_1_324' title='bbox 198 2174 362 2218; x_wconf 76' lang='lat' dir='ltr'>predicte</span> <span class='ocrx_word' id='word_1_325' title='bbox 396 2169 557 2210; x_wconf 82' lang='lat' dir='ltr'>offense</span> <span class='ocrx_word' id='word_1_326' title='bbox 591 2188 672 2211; x_wconf 89' lang='lat' dir='ltr'>cum</span> <span class='ocrx_word' id='word_1_327' title='bbox 702 2176 810 2211; x_wconf 87' lang='lat' dir='ltr'>bonis</span> <span class='ocrx_word' id='word_1_328' title='bbox 843 2177 917 2212; x_wconf 87' lang='lat' dir='ltr'>suis</span> <span class='ocrx_word' id='word_1_329' title='bbox 941 2189 983 2212; x_wconf 85' lang='lat' dir='ltr'>ac</span> <span class='ocrx_word' id='word_1_330' title='bbox 1005 2177 1079 2211; x_wconf 87' lang='lat' dir='ltr'>alia</span> <span class='ocrx_word' id='word_1_331' title='bbox 1101 2188 1173 2221; x_wconf 92' lang='lat' dir='ltr'>que</span> <span class='ocrx_word' id='word_1_332' title='bbox 1196 2176 1390 2211; x_wconf 86' lang='lat' dir='ltr'>occasione</span> <span class='ocrx_word' id='word_1_333' title='bbox 1412 2176 1625 2211; x_wconf 88' lang='lat' dir='ltr'>huiusmodi</span> <span class='ocrx_word' id='word_1_334' title='bbox 1657 2178 1768 2221; x_wconf 86' lang='lat' dir='ltr'>capta</span> <span class='ocrx_word' id='word_1_335' title='bbox 1790 2178 1877 2210; x_wconf 84' lang='lat' dir='ltr'>sunt</span> <span class='ocrx_word' id='word_1_336' title='bbox 1899 2175 1957 2211; x_wconf 86' lang='lat' dir='ltr'>vel</span> <span class='ocrx_word' id='word_1_337' title='bbox 1978 2176 2144 2212; x_wconf 87' lang='lat' dir='ltr'>detenta.</span> <span class='ocrx_word' id='word_1_338' title='bbox 2197 2176 2389 2212; x_wconf 87' lang='lat' dir='ltr'>Faciemus</span> 
     </span>
     <span class='ocr_line' id='line_1_30' title="bbox 200 2238 2389 2295; baseline 0.001 -18"><span class='ocrx_word' id='word_1_339' title='bbox 200 2244 350 2288; x_wconf 78' lang='lat' dir='ltr'>insuper</span> <span class='ocrx_word' id='word_1_340' title='bbox 382 2244 459 2279; x_wconf 85' lang='lat' dir='ltr'>fieri</span> <span class='ocrx_word' id='word_1_341' title='bbox 491 2247 663 2290; x_wconf 82' lang='lat' dir='ltr'>patentes</span> <span class='ocrx_word' id='word_1_342' title='bbox 696 2246 842 2281; x_wconf 83' lang='lat' dir='ltr'>litteras</span> <span class='ocrx_word' id='word_1_343' title='bbox 876 2259 918 2281; x_wconf 74' lang='lat' dir='ltr'>ex</span> <span class='ocrx_word' id='word_1_344' title='bbox 952 2248 1057 2291; x_wconf 78' lang='lat' dir='ltr'>parte</span> <span class='ocrx_word' id='word_1_345' title='bbox 1083 2239 1290 2280; x_wconf 74' lang='lat' dir='ltr'>carissimi</span> <span class='ocrx_word' id='word_1_346' title='bbox 1312 2245 1379 2280; x_wconf 83' lang='lat' dir='ltr'>filii</span> <span class='ocrx_word' id='word_1_347' title='bbox 1401 2245 1520 2281; x_wconf 88' lang='lat' dir='ltr'>nostri</span> <span class='ocrx_word' id='word_1_348' title='bbox 1545 2239 1722 2280; x_wconf 80' lang='lat' dir='ltr'>Henrici</span> <span class='ocrx_word' id='word_1_349' title='bbox 1744 2238 2035 2280; x_wconf 77' lang='lat' dir='ltr'>Romanorum</span> <span class='ocrx_word' id='word_1_350' title='bbox 2059 2240 2174 2295; x_wconf 84' lang='lat' dir='ltr'>regis</span> <span class='ocrx_word' id='word_1_351' title='bbox 2198 2240 2389 2291; x_wconf 78' lang='lat' dir='ltr'>illustris,</span> 
     </span>
     <span class='ocr_line' id='line_1_31' title="bbox 199 2308 2391 2358; baseline 0.002 -12"><span class='ocrx_word' id='word_1_352' title='bbox 199 2312 298 2356; x_wconf 83' lang='lat' dir='ltr'>quod</span> <span class='ocrx_word' id='word_1_353' title='bbox 341 2324 468 2356; x_wconf 82' lang='lat' dir='ltr'>pacem</span> <span class='ocrx_word' id='word_1_354' title='bbox 507 2316 543 2347; x_wconf 81' lang='lat' dir='ltr'>et</span> <span class='ocrx_word' id='word_1_355' title='bbox 590 2308 886 2349; x_wconf 87' lang='lat' dir='ltr'>remissionem</span> <span class='ocrx_word' id='word_1_356' title='bbox 924 2315 1035 2350; x_wconf 88' lang='lat' dir='ltr'>istam</span> <span class='ocrx_word' id='word_1_357' title='bbox 1080 2317 1201 2349; x_wconf 89' lang='lat' dir='ltr'>ratam</span> <span class='ocrx_word' id='word_1_358' title='bbox 1245 2315 1400 2350; x_wconf 87' lang='lat' dir='ltr'>habebit</span> <span class='ocrx_word' id='word_1_359' title='bbox 1446 2316 1484 2349; x_wconf 85' lang='lat' dir='ltr'>ct</span> <span class='ocrx_word' id='word_1_360' title='bbox 1532 2315 1674 2349; x_wconf 88' lang='lat' dir='ltr'>firmam</span> <span class='ocrx_word' id='word_1_361' title='bbox 1720 2314 1893 2358; x_wconf 87' lang='lat' dir='ltr'>quodque</span> <span class='ocrx_word' id='word_1_362' title='bbox 1934 2314 2104 2350; x_wconf 84' lang='lat' dir='ltr'>remittet</span> <span class='ocrx_word' id='word_1_363' title='bbox 2143 2309 2203 2350; x_wconf 88' lang='lat' dir='ltr'>eis</span> <span class='ocrx_word' id='word_1_364' title='bbox 2245 2326 2391 2351; x_wconf 88' lang='lat' dir='ltr'>omnem</span> 
     </span>
     <span class='ocr_line' id='line_1_32' title="bbox 199 2382 2391 2430; baseline 0.003 -16"><span class='ocrx_word' id='word_1_365' title='bbox 199 2393 399 2416; x_wconf 72' lang='lat' dir='ltr'>rancorem.</span> <span class='ocrx_word' id='word_1_366' title='bbox 434 2382 738 2425; x_wconf 74' lang='lat' dir='ltr'>malivolentiam,</span> <span class='ocrx_word' id='word_1_367' title='bbox 772 2383 926 2418; x_wconf 83' lang='lat' dir='ltr'>iniurias</span> <span class='ocrx_word' id='word_1_368' title='bbox 958 2386 996 2418; x_wconf 87' lang='lat' dir='ltr'>et</span> <span class='ocrx_word' id='word_1_369' title='bbox 1028 2384 1197 2419; x_wconf 66' lang='lat' dir='ltr'>offensas</span> <span class='ocrx_word' id='word_1_370' title='bbox 1260 2384 1315 2417; x_wconf 80' lang='lat' dir='ltr'>Ad</span> <span class='ocrx_word' id='word_1_371' title='bbox 1348 2384 1497 2428; x_wconf 84' lang='lat' dir='ltr'>plenam</span> <span class='ocrx_word' id='word_1_372' title='bbox 1532 2385 1658 2418; x_wconf 86' lang='lat' dir='ltr'>autem</span> <span class='ocrx_word' id='word_1_373' title='bbox 1690 2382 1954 2418; x_wconf 86' lang='lat' dir='ltr'>certitudinem</span> <span class='ocrx_word' id='word_1_374' title='bbox 1985 2383 2094 2418; x_wconf 86' lang='lat' dir='ltr'>huius</span> <span class='ocrx_word' id='word_1_375' title='bbox 2115 2384 2169 2419; x_wconf 85' lang='lat' dir='ltr'>rei</span> <span class='ocrx_word' id='word_1_376' title='bbox 2199 2387 2391 2430; x_wconf 80' lang='lat' dir='ltr'>presentes</span> 
     </span>
     <span class='ocr_line' id='line_1_33' title="bbox 198 2447 2131 2500; baseline 0.003 -18"><span class='ocrx_word' id='word_1_377' title='bbox 198 2449 343 2483; x_wconf 75' lang='lat' dir='ltr'>litteras</span> <span class='ocrx_word' id='word_1_378' title='bbox 376 2450 481 2484; x_wconf 76' lang='lat' dir='ltr'>iuxta</span> <span class='ocrx_word' id='word_1_379' title='bbox 511 2450 787 2495; x_wconf 81' lang='lat' dir='ltr'>beneplacitum</span> <span class='ocrx_word' id='word_1_380' title='bbox 821 2451 1009 2486; x_wconf 79' lang='lat' dir='ltr'>vestrum</span> <span class='ocrx_word' id='word_1_381' title='bbox 1042 2452 1120 2487; x_wconf 88' lang='lat' dir='ltr'>fieri</span> <span class='ocrx_word' id='word_1_382' title='bbox 1151 2452 1324 2487; x_wconf 89' lang='lat' dir='ltr'>iussimus</span> <span class='ocrx_word' id='word_1_383' title='bbox 1357 2447 1495 2500; x_wconf 86' lang='lat' dir='ltr'>sigillo</span> <span class='ocrx_word' id='word_1_384' title='bbox 1530 2452 1742 2487; x_wconf 87' lang='lat' dir='ltr'>maiestatis</span> <span class='ocrx_word' id='word_1_385' title='bbox 1773 2454 1900 2487; x_wconf 90' lang='lat' dir='ltr'>nostre</span> <span class='ocrx_word' id='word_1_386' title='bbox 1933 2447 2131 2489; x_wconf 81' lang='lat' dir='ltr'>munitas.</span> 
     </span>
    </p>

    <p class='ocr_par' dir='ltr' id='par_1_5' title="bbox 344 2511 1474 2561">
     <span class='ocr_line' id='line_1_34' title="bbox 344 2511 1474 2561; baseline 0.004 -10"><span class='ocrx_word' id='word_1_387' title='bbox 344 2511 455 2552; x_wconf 83' lang='lat' dir='ltr'>Data</span> <span class='ocrx_word' id='word_1_388' title='bbox 489 2512 711 2556; x_wconf 84' lang='lat' dir='ltr'>Cathanie.</span> <span class='ocrx_word' id='word_1_389' title='bbox 745 2513 778 2555; x_wconf 88' lang='lat' dir='ltr'>I.</span> <span class='ocrx_word' id='word_1_390' title='bbox 810 2513 879 2555; x_wconf 90' lang='lat' dir='ltr'>die</span> <span class='ocrx_word' id='word_1_391' title='bbox 913 2514 1052 2561; x_wconf 59' lang='lat' dir='ltr'>Febr„</span> <span class='ocrx_word' id='word_1_392' title='bbox 1085 2515 1181 2555; x_wconf 89' lang='lat' dir='ltr'>XV.</span> <span class='ocrx_word' id='word_1_393' title='bbox 1215 2515 1474 2556; x_wconf 87' lang='lat' dir='ltr'>indictionis.</span> 
     </span>
    </p>

    <p class='ocr_par' dir='ltr' id='par_1_6' title="bbox 200 2580 2392 2981">
     <span class='ocr_line' id='line_1_35' title="bbox 342 2580 2388 2638; baseline 0.002 -18"><span class='ocrx_word' id='word_1_394' title='bbox 342 2580 390 2620; x_wconf 90' lang='lat' dir='ltr'>In</span> <span class='ocrx_word' id='word_1_395' title='bbox 425 2580 607 2622; x_wconf 90' lang='lat' dir='ltr'>eundem</span> <span class='ocrx_word' id='word_1_396' title='bbox 639 2582 810 2622; x_wconf 88' lang='lat' dir='ltr'>modum</span> <span class='ocrx_word' id='word_1_397' title='bbox 845 2584 1015 2638; x_wconf 87' lang='lat' dir='ltr'>scripsit</span> <span class='ocrx_word' id='word_1_398' title='bbox 1045 2583 1157 2624; x_wconf 89' lang='lat' dir='ltr'>idem</span> <span class='ocrx_word' id='word_1_399' title='bbox 1199 2584 1431 2638; x_wconf 86' lang='lat' dir='ltr'>imperator</span> <span class='ocrx_word' id='word_1_400' title='bbox 1464 2583 1704 2624; x_wconf 88' lang='lat' dir='ltr'>rectoribus</span> <span class='ocrx_word' id='word_1_401' title='bbox 1739 2583 1963 2624; x_wconf 89' lang='lat' dir='ltr'>civitatum</span> <span class='ocrx_word' id='word_1_402' title='bbox 1996 2583 2250 2634; x_wconf 79' lang='lat' dir='ltr'>Mediolani,</span> <span class='ocrx_word' id='word_1_403' title='bbox 2289 2584 2388 2625; x_wconf 86' lang='lat' dir='ltr'>Pla-</span> 
     </span>
     <span class='ocr_line' id='line_1_36' title="bbox 200 2648 2389 2707; baseline 0.003 -20"><span class='ocrx_word' id='word_1_404' title='bbox 200 2649 353 2689; x_wconf 81' lang='lat' dir='ltr'>centie.</span> <span class='ocrx_word' id='word_1_405' title='bbox 374 2648 711 2690; x_wconf 66' lang='lat' dir='ltr'>Vercellaruma.</span> <span class='ocrx_word' id='word_1_406' title='bbox 745 2650 951 2697; x_wconf 74' lang='lat' dir='ltr'>Bononie,</span> <span class='ocrx_word' id='word_1_407' title='bbox 985 2652 1207 2694; x_wconf 79' lang='lat' dir='ltr'>Faventie.</span> <span class='ocrx_word' id='word_1_408' title='bbox 1232 2651 1511 2701; x_wconf 80' lang='lat' dir='ltr'>Alexandrie,</span> <span class='ocrx_word' id='word_1_409' title='bbox 1545 2650 1763 2699; x_wconf 71' lang='lat' dir='ltr'>Taurinib,</span> <span class='ocrx_word' id='word_1_410' title='bbox 1789 2651 1953 2703; x_wconf 86' lang='lat' dir='ltr'>Laude,</span> <span class='ocrx_word' id='word_1_411' title='bbox 1987 2652 2203 2707; x_wconf 82' lang='lat' dir='ltr'>Pergami,</span> <span class='ocrx_word' id='word_1_412' title='bbox 2225 2653 2389 2703; x_wconf 82' lang='lat' dir='ltr'>Brixie‚</span> 
     </span>
     <span class='ocr_line' id='line_1_37' title="bbox 201 2716 2392 2770; baseline 0.003 -14"><span class='ocrx_word' id='word_1_413' title='bbox 201 2716 388 2757; x_wconf 78' lang='lat' dir='ltr'>Mantue.</span> <span class='ocrx_word' id='word_1_414' title='bbox 423 2716 605 2760; x_wconf 73' lang='lat' dir='ltr'>Verone.</span> <span class='ocrx_word' id='word_1_415' title='bbox 641 2718 801 2759; x_wconf 87' lang='lat' dir='ltr'>Padue.</span> <span class='ocrx_word' id='word_1_416' title='bbox 835 2720 1050 2765; x_wconf 69' lang='lat' dir='ltr'>Vicentie.</span> <span class='ocrx_word' id='word_1_417' title='bbox 1092 2720 1292 2770; x_wconf 83' lang='lat' dir='ltr'>Teruisii,</span> <span class='ocrx_word' id='word_1_418' title='bbox 1327 2719 1495 2770; x_wconf 77' lang='lat' dir='ltr'>Creme,</span> <span class='ocrx_word' id='word_1_419' title='bbox 1533 2752 1540 2760; x_wconf 91' lang='lat'><strong><em>.</em></strong></span> <span class='ocrx_word' id='word_1_420' title='bbox 1569 2753 1576 2761; x_wconf 93' lang='lat'>.</span> <span class='ocrx_word' id='word_1_421' title='bbox 1610 2720 1848 2760; x_wconf 86' lang='lat' dir='ltr'>marchioni</span> <span class='ocrx_word' id='word_1_422' title='bbox 1884 2720 2211 2770; x_wconf 84' lang='lat' dir='ltr'>Montisferrati,</span> <span class='ocrx_word' id='word_1_423' title='bbox 2245 2721 2392 2762; x_wconf 88' lang='lat' dir='ltr'>comiti</span> 
     </span>
     <span class='ocr_line' id='line_1_38' title="bbox 201 2784 2391 2843; baseline 0.002 -18"><span class='ocrx_word' id='word_1_424' title='bbox 201 2784 412 2825; x_wconf 82' lang='lat' dir='ltr'>Gotifrido</span> <span class='ocrx_word' id='word_1_425' title='bbox 453 2785 505 2825; x_wconf 86' lang='lat' dir='ltr'>de</span> <span class='ocrx_word' id='word_1_426' title='bbox 540 2786 769 2827; x_wconf 81' lang='lat' dir='ltr'>Blandrato</span> <span class='ocrx_word' id='word_1_427' title='bbox 813 2789 995 2843; x_wconf 86' lang='lat' dir='ltr'>aliisque</span> <span class='ocrx_word' id='word_1_428' title='bbox 1040 2789 1145 2829; x_wconf 84' lang='lat' dir='ltr'>locis</span> <span class='ocrx_word' id='word_1_429' title='bbox 1186 2793 1228 2829; x_wconf 90' lang='lat' dir='ltr'>et</span> <span class='ocrx_word' id='word_1_430' title='bbox 1267 2789 1464 2843; x_wconf 88' lang='lat' dir='ltr'>personis</span> <span class='ocrx_word' id='word_1_431' title='bbox 1498 2788 1765 2843; x_wconf 88' lang='lat' dir='ltr'>quibuslibet</span> <span class='ocrx_word' id='word_1_432' title='bbox 1798 2788 1850 2829; x_wconf 87' lang='lat' dir='ltr'>de</span> <span class='ocrx_word' id='word_1_433' title='bbox 1885 2788 2158 2840; x_wconf 78' lang='lat' dir='ltr'>Lombardia,</span> <span class='ocrx_word' id='word_1_434' title='bbox 2198 2788 2391 2830; x_wconf 88' lang='lat' dir='ltr'>Marchia</span> 
     </span>
     <span class='ocr_line' id='line_1_39' title="bbox 201 2853 2391 2912; baseline 0.003 -20"><span class='ocrx_word' id='word_1_435' title='bbox 201 2860 242 2893; x_wconf 84' lang='lat' dir='ltr'>et</span> <span class='ocrx_word' id='word_1_436' title='bbox 282 2853 554 2894; x_wconf 86' lang='lat' dir='ltr'>Romaniola.</span> <span class='ocrx_word' id='word_1_437' title='bbox 603 2869 685 2908; x_wconf 89' lang='lat' dir='ltr'>que</span> <span class='ocrx_word' id='word_1_438' title='bbox 733 2870 869 2911; x_wconf 86' lang='lat' dir='ltr'>nuper</span> <span class='ocrx_word' id='word_1_439' title='bbox 912 2862 1060 2898; x_wconf 84' lang='lat' dir='ltr'>contra</span> <span class='ocrx_word' id='word_1_440' title='bbox 1101 2858 1372 2897; x_wconf 83' lang='lat' dir='ltr'>maiestatem</span> <span class='ocrx_word' id='word_1_441' title='bbox 1421 2857 1689 2912; x_wconf 82' lang='lat' dir='ltr'>imperialem</span> <span class='ocrx_word' id='word_1_442' title='bbox 1732 2861 1775 2898; x_wconf 88' lang='lat' dir='ltr'>et</span> <span class='ocrx_word' id='word_1_443' title='bbox 1819 2857 2043 2912; x_wconf 90' lang='lat' dir='ltr'>imperium</span> <span class='ocrx_word' id='word_1_444' title='bbox 2089 2858 2391 2898; x_wconf 87' lang='lat' dir='ltr'>commiserunt</span> 
     </span>
     <span class='ocr_line' id='line_1_40' title="bbox 200 2923 2001 2981; baseline 0.002 -19"><span class='ocrx_word' id='word_1_445' title='bbox 200 2923 420 2963; x_wconf 78' lang='lat' dir='ltr'>offensam.</span> <span class='ocrx_word' id='word_1_446' title='bbox 452 2936 586 2977; x_wconf 86' lang='lat' dir='ltr'>usque</span> <span class='ocrx_word' id='word_1_447' title='bbox 620 2924 661 2963; x_wconf 90' lang='lat' dir='ltr'>in</span> <span class='ocrx_word' id='word_1_448' title='bbox 694 2924 837 2976; x_wconf 85' lang='lat' dir='ltr'>finem,</span> <span class='ocrx_word' id='word_1_449' title='bbox 873 2925 1013 2966; x_wconf 86' lang='lat' dir='ltr'>verbis</span> <span class='ocrx_word' id='word_1_450' title='bbox 1048 2930 1345 2981; x_wconf 82' lang='lat' dir='ltr'>competenter</span> <span class='ocrx_word' id='word_1_451' title='bbox 1387 2926 1575 2966; x_wconf 87' lang='lat' dir='ltr'>mutatis.</span> <span class='ocrx_word' id='word_1_452' title='bbox 1636 2924 1751 2966; x_wconf 88' lang='lat' dir='ltr'>Data</span> <span class='ocrx_word' id='word_1_453' title='bbox 1782 2929 1829 2966; x_wconf 93' lang='lat' dir='ltr'>ut</span> <span class='ocrx_word' id='word_1_454' title='bbox 1861 2939 2001 2980; x_wconf 83' lang='lat' dir='ltr'>supra.</span> 
     </span>
    </p>
   </div>
   <div class='ocr_carea' id='block_1_4' title="bbox 445 3101 2149 3148">
    <p class='ocr_par' dir='ltr' id='par_1_7' title="bbox 445 3101 2149 3148">
     <span class='ocr_line' id='line_1_41' title="bbox 445 3101 2149 3148; baseline 0.004 -6"><span class='ocrx_word' id='word_1_455' title='bbox 445 3101 543 3144; x_wconf 85' lang='lat'>113.</span> <span class='ocrx_word' id='word_1_456' title='bbox 587 3103 885 3146; x_wconf 78' lang='lat' dir='ltr'>EPISTOLA</span> <span class='ocrx_word' id='word_1_457' title='bbox 926 3104 1362 3147; x_wconf 83' lang='lat' dir='ltr'><strong><em>IMPERATORIS</em></strong></span> <span class='ocrx_word' id='word_1_458' title='bbox 1395 3104 1481 3146; x_wconf 90' lang='lat' dir='ltr'>AD</span> <span class='ocrx_word' id='word_1_459' title='bbox 1513 3104 1907 3148; x_wconf 80' lang='lat' dir='ltr'><strong><em>LOMBARDOS.</em></strong></span> <span class='ocrx_word' id='word_1_460' title='bbox 1967 3107 2090 3148; x_wconf 80' lang='lat' dir='ltr'>Febr.</span> <span class='ocrx_word' id='word_1_461' title='bbox 2114 3110 2149 3148; x_wconf 88' lang='lat'>1.</span> 
     </span>
    </p>
   </div>
   <div class='ocr_carea' id='block_1_5' title="bbox 199 3182 2390 3444">
    <p class='ocr_par' dir='ltr' id='par_1_8' title="bbox 199 3182 2390 3444">
     <span class='ocr_line' id='line_1_42' title="bbox 348 3182 2390 3239; baseline 0.003 -18"><span class='ocrx_word' id='word_1_462' title='bbox 348 3182 385 3221; x_wconf 86' lang='lat' dir='ltr'><em>T</em></span> <span class='ocrx_word' id='word_1_463' title='bbox 383 3183 546 3222; x_wconf 72' lang='lat' dir='ltr'>raditur</span> <span class='ocrx_word' id='word_1_464' title='bbox 582 3184 624 3223; x_wconf 73' lang='lat' dir='ltr'>ln</span> <span class='ocrx_word' id='word_1_465' title='bbox 671 3184 707 3237; x_wconf 85' lang='lat' dir='ltr'>l)</span> <span class='ocrx_word' id='word_1_466' title='bbox 743 3184 932 3237; x_wconf 65' lang='lat' dir='ltr'>Rcsjistro</span> <span class='ocrx_word' id='word_1_467' title='bbox 962 3198 1064 3225; x_wconf 78' lang='lat' dir='ltr'>novo</span> <span class='ocrx_word' id='word_1_468' title='bbox 1095 3185 1276 3225; x_wconf 75' lang='lat' dir='ltr'>civitatis</span> <span class='ocrx_word' id='word_1_469' title='bbox 1306 3185 1593 3226; x_wconf 75' lang='lat' dir='ltr'>Bononiensis</span> <span class='ocrx_word' id='word_1_470' title='bbox 1623 3198 1724 3226; x_wconf 75' lang='lat' dir='ltr'>saec.</span> <span class='ocrx_word' id='word_1_471' title='bbox 1752 3185 1885 3227; x_wconf 85' lang='lat' dir='ltr'><strong><em>XIII.</em></strong></span> <span class='ocrx_word' id='word_1_472' title='bbox 1912 3185 1991 3239; x_wconf 79' lang='lat' dir='ltr'>fol.</span> <span class='ocrx_word' id='word_1_473' title='bbox 2016 3187 2082 3236; x_wconf 83' lang='lat'>15,</span> <span class='ocrx_word' id='word_1_474' title='bbox 2120 3186 2228 3239; x_wconf 76' lang='lat' dir='ltr'>qnod</span> <span class='ocrx_word' id='word_1_475' title='bbox 2255 3198 2390 3227; x_wconf 82' lang='lat' dir='ltr'>asser-</span> 
     </span>
     <span class='ocr_line' id='line_1_43' title="bbox 203 3251 2390 3305; baseline 0.003 -16"><span class='ocrx_word' id='word_1_476' title='bbox 203 3252 321 3289; x_wconf 61' lang='lat' dir='ltr'>vatur</span> <span class='ocrx_word' id='word_1_477' title='bbox 363 3251 406 3289; x_wconf 75' lang='lat' dir='ltr'>in</span> <span class='ocrx_word' id='word_1_478' title='bbox 448 3251 656 3291; x_wconf 68' lang='lat' dir='ltr'>tabulario</span> <span class='ocrx_word' id='word_1_479' title='bbox 695 3253 822 3303; x_wconf 57' lang='lat' dir='ltr'>renio,</span> <span class='ocrx_word' id='word_1_480' title='bbox 866 3253 937 3293; x_wconf 79' lang='lat' dir='ltr'>nbi</span> <span class='ocrx_word' id='word_1_481' title='bbox 980 3253 1129 3305; x_wconf 65' lang='lat' dir='ltr'>leyitm·</span> <span class='ocrx_word' id='word_1_482' title='bbox 1169 3253 1215 3293; x_wconf 86' lang='lat' dir='ltr'>in</span> <span class='ocrx_word' id='word_1_483' title='bbox 1258 3256 1512 3294; x_wconf 74' lang='lat' dir='ltr'>transsumto</span> <span class='ocrx_word' id='word_1_484' title='bbox 1542 3253 1721 3294; x_wconf 81' lang='lat' dir='ltr'>chrici</span> <span class='ocrx_word' id='word_1_485' title='bbox 1760 3253 1938 3304; x_wconf 70' lang='lat' dir='ltr'>episcopi</span> <span class='ocrx_word' id='word_1_486' title='bbox 1975 3253 2256 3295; x_wconf 74' lang='lat' dir='ltr'>Bononiensis</span> <span class='ocrx_word' id='word_1_487' title='bbox 2295 3253 2390 3295; x_wconf 73' lang='lat' dir='ltr'>dato</span> 
     </span>
     <span class='ocr_line' id='line_1_44' title="bbox 199 3318 2388 3375; baseline 0.003 -19"><span class='ocrx_word' id='word_1_488' title='bbox 199 3319 373 3356; x_wconf 44' lang='lat'>41:227</span> <span class='ocrx_word' id='word_1_489' title='bbox 411 3318 475 3357; x_wconf 72' lang='lat' dir='ltr'>(Zia</span> <span class='ocrx_word' id='word_1_490' title='bbox 516 3320 724 3360; x_wconf 74' lang='lat' dir='ltr'>midecimo</span> <span class='ocrx_word' id='word_1_491' title='bbox 766 3321 951 3361; x_wconf 73' lang='lat' dir='ltr'>intrante</span> <span class='ocrx_word' id='word_1_492' title='bbox 990 3321 1138 3373; x_wconf 73' lang='lat' dir='ltr'>Innio5</span> <span class='ocrx_word' id='word_1_493' title='bbox 1178 3321 1416 3373; x_wconf 68' lang='lat' dir='ltr'>Rcyistricm</span> <span class='ocrx_word' id='word_1_494' title='bbox 1455 3321 1646 3362; x_wconf 75' lang='lat' dir='ltr'>adhibuit</span> <span class='ocrx_word' id='word_1_495' title='bbox 1685 3321 1808 3361; x_wconf 65' lang='lat' dir='ltr'>editio</span> <span class='ocrx_word' id='word_1_496' title='bbox 1839 3321 2074 3363; x_wconf 78' lang='lat' dir='ltr'>Muratorii</span> <span class='ocrx_word' id='word_1_497' title='bbox 2111 3323 2158 3363; x_wconf 89' lang='lat' dir='ltr'>in</span> <span class='ocrx_word' id='word_1_498' title='bbox 2187 3322 2388 3375; x_wconf 78' lang='lat' dir='ltr'>Antiqui-</span> 
     </span>
     <span class='ocr_line' id='line_1_45' title="bbox 201 3385 2389 3444; baseline 0.004 -21"><span class='ocrx_word' id='word_1_499' title='bbox 201 3385 354 3424; x_wconf 68' lang='lat' dir='ltr'>tatibus</span> <span class='ocrx_word' id='word_1_500' title='bbox 395 3386 555 3427; x_wconf 73' lang='lat' dir='ltr'>Italicis</span> <span class='ocrx_word' id='word_1_501' title='bbox 586 3387 673 3436; x_wconf 83' lang='lat' dir='ltr'>III,</span> <span class='ocrx_word' id='word_1_502' title='bbox 697 3389 802 3437; x_wconf 75' lang='lat'>90.9,·</span> <span class='ocrx_word' id='word_1_503' title='bbox 841 3390 878 3428; x_wconf 75' lang='lat' dir='ltr'>et</span> <span class='ocrx_word' id='word_1_504' title='bbox 920 3388 962 3428; x_wconf 86' lang='lat' dir='ltr'>in</span> <span class='ocrx_word' id='word_1_505' title='bbox 1006 3389 1049 3442; x_wconf 80' lang='lat'>2)</span> <span class='ocrx_word' id='word_1_506' title='bbox 1092 3388 1339 3430; x_wconf 73' lang='lat' dir='ltr'>Scliz&#39;avinae</span> <span class='ocrx_word' id='word_1_507' title='bbox 1380 3389 1622 3430; x_wconf 73' lang='lat' dir='ltr'>Annalibus</span> <span class='ocrx_word' id='word_1_508' title='bbox 1660 3389 1951 3444; x_wconf 73' lang='lat' dir='ltr'>Alexandriae</span> <span class='ocrx_word' id='word_1_509' title='bbox 1994 3390 2115 3431; x_wconf 77' lang='lat' dir='ltr'>editis</span> <span class='ocrx_word' id='word_1_510' title='bbox 2151 3391 2196 3431; x_wconf 87' lang='lat' dir='ltr'>in</span> <span class='ocrx_word' id='word_1_511' title='bbox 2235 3391 2389 3432; x_wconf 73' lang='lat' dir='ltr'>Monu-</span> 
     </span>
    </p>
   </div>
   <div class='ocr_carea' id='block_1_6' title="bbox 339 3492 1152 3543">
    <p class='ocr_par' dir='ltr' id='par_1_9' title="bbox 339 3492 1152 3543">
     <span class='ocr_line' id='line_1_46' title="bbox 339 3492 1152 3543; baseline 0.004 -12"><span class='ocrx_word' id='word_1_512' title='bbox 339 3498 422 3532; x_wconf 73' lang='lat'>112.</span> <span class='ocrx_word' id='word_1_513' title='bbox 459 3500 488 3539; x_wconf 57' lang='grc' dir='ltr'>ὃ)</span> <span class='ocrx_word' id='word_1_514' title='bbox 516 3492 653 3533; x_wconf 73' lang='lat' dir='ltr'>Vcrceli</span> <span class='ocrx_word' id='word_1_515' title='bbox 673 3501 744 3533; x_wconf 73' lang='lat' dir='ltr'>cml.</span> <span class='ocrx_word' id='word_1_516' title='bbox 863 3500 895 3543; x_wconf 70' lang='lat'>¹¹)</span> <span class='ocrx_word' id='word_1_517' title='bbox 924 3503 1053 3535; x_wconf 85' lang='lat' dir='ltr'>Taurin</span> <span class='ocrx_word' id='word_1_518' title='bbox 1081 3504 1152 3536; x_wconf 71' lang='lat' dir='ltr'>coil.</span> 
     </span>
    </p>
   </div>
   <div class='ocr_carea' id='block_1_7' title="bbox 205 3587 2388 3688">
    <p class='ocr_par' dir='ltr' id='par_1_10' title="bbox 205 3587 2388 3688">
     <span class='ocr_line' id='line_1_47' title="bbox 340 3587 2388 3637; baseline 0.004 -16"><span class='ocrx_word' id='word_1_519' title='bbox 340 3590 372 3631; x_wconf 84' lang='grc'><strong>1)</strong></span> <span class='ocrx_word' id='word_1_520' title='bbox 400 3587 655 3622; x_wconf 69' lang='grc' dir='ltr'>Αιῖηοεαηᾱιιηι</span> <span class='ocrx_word' id='word_1_521' title='bbox 683 3594 740 3633; x_wconf 59' lang='lat' dir='ltr'>esi,</span> <span class='ocrx_word' id='word_1_522' title='bbox 764 3590 826 3625; x_wconf 80' lang='lat' dir='ltr'>hoc</span> <span class='ocrx_word' id='word_1_523' title='bbox 851 3592 925 3625; x_wconf 84' lang='lat' dir='ltr'>loco</span> <span class='ocrx_word' id='word_1_524' title='bbox 951 3601 1075 3626; x_wconf 81' lang='lat' dir='ltr'>nomen</span> <span class='ocrx_word' id='word_1_525' title='bbox 1093 3592 1244 3626; x_wconf 73' lang='lat' dir='ltr'>civitatis</span> <span class='ocrx_word' id='word_1_526' title='bbox 1265 3591 1457 3627; x_wconf 75' lang='lat' dir='ltr'>Ferrariae</span> <span class='ocrx_word' id='word_1_527' title='bbox 1481 3603 1705 3637; x_wconf 63' lang='lat' dir='ltr'>summes-siim</span> <span class='ocrx_word' id='word_1_528' title='bbox 1732 3604 1813 3637; x_wconf 80' lang='lat' dir='ltr'>esse,</span> <span class='ocrx_word' id='word_1_529' title='bbox 1841 3594 1936 3637; x_wconf 75' lang='lat' dir='ltr'>quod</span> <span class='ocrx_word' id='word_1_530' title='bbox 1960 3594 1999 3628; x_wconf 86' lang='lat' dir='ltr'>in</span> <span class='ocrx_word' id='word_1_531' title='bbox 2019 3594 2144 3637; x_wconf 78' lang='lat' dir='ltr'>formis</span> <span class='ocrx_word' id='word_1_532' title='bbox 2166 3604 2222 3628; x_wconf 82' lang='lat' dir='ltr'>nr.</span> <span class='ocrx_word' id='word_1_533' title='bbox 2236 3599 2309 3630; x_wconf 84' lang='lat'>109.</span> <span class='ocrx_word' id='word_1_534' title='bbox 2326 3599 2388 3629; x_wconf 88' lang='grc'>110</span> 
     </span>
     <span class='ocr_line' id='line_1_48' title="bbox 205 3644 343 3688; baseline 0.014 -12"><span class='ocrx_word' id='word_1_535' title='bbox 205 3644 343 3688; x_wconf 66' lang='lat' dir='ltr'>legitur.</span> 
     </span>
    </p>
   </div>
   <div class='ocr_carea' id='block_1_8' title="bbox 2423 951 2456 976">
    <p class='ocr_par' dir='ltr' id='par_1_11' title="bbox 2423 951 2456 976">
     <span class='ocr_line' id='line_1_49' title="bbox 2423 951 2456 976; baseline -0.03 0"><span class='ocrx_word' id='word_1_536' title='bbox 2423 951 2456 976; x_wconf 87' lang='lat'>10</span> 
     </span>
    </p>
   </div>
   <div class='ocr_carea' id='block_1_9' title="bbox 2425 1291 2456 1316">
    <p class='ocr_par' dir='ltr' id='par_1_12' title="bbox 2425 1291 2456 1316">
     <span class='ocr_line' id='line_1_50' title="bbox 2425 1291 2456 1316; baseline 0 0"><span class='ocrx_word' id='word_1_537' title='bbox 2425 1291 2456 1316; x_wconf 85' lang='lat'>15</span> 
     </span>
    </p>
   </div>
   <div class='ocr_carea' id='block_1_10' title="bbox 2425 1633 2457 1660">
    <p class='ocr_par' dir='ltr' id='par_1_13' title="bbox 2425 1633 2457 1660">
     <span class='ocr_line' id='line_1_51' title="bbox 2425 1633 2457 1660; baseline 0.031 -1"><span class='ocrx_word' id='word_1_538' title='bbox 2425 1633 2457 1660; x_wconf 86' lang='lat'>20</span> 
     </span>
    </p>
   </div>
   <div class='ocr_carea' id='block_1_11' title="bbox 2426 1977 2458 2003">
    <p class='ocr_par' dir='ltr' id='par_1_14' title="bbox 2426 1977 2458 2003">
     <span class='ocr_line' id='line_1_52' title="bbox 2426 1977 2458 2003; baseline 0 0"><span class='ocrx_word' id='word_1_539' title='bbox 2426 1977 2458 2003; x_wconf 85' lang='lat'>25</span> 
     </span>
    </p>
   </div>
   <div class='ocr_carea' id='block_1_12' title="bbox 2426 2321 2460 2347">
    <p class='ocr_par' dir='ltr' id='par_1_15' title="bbox 2426 2321 2460 2347">
     <span class='ocr_line' id='line_1_53' title="bbox 2426 2321 2460 2347; baseline 0 0"><span class='ocrx_word' id='word_1_540' title='bbox 2426 2321 2460 2347; x_wconf 90' lang='lat'>30</span> 
     </span>
    </p>
   </div>
   <div class='ocr_carea' id='block_1_13' title="bbox 2426 2665 2457 2692">
    <p class='ocr_par' dir='ltr' id='par_1_16' title="bbox 2426 2665 2457 2692">
     <span class='ocr_line' id='line_1_54' title="bbox 2426 2665 2457 2692; baseline -0.065 0"><span class='ocrx_word' id='word_1_541' title='bbox 2426 2665 2457 2692; x_wconf 80' lang='lat'>35</span> 
     </span>
    </p>
   </div>
   <div class='ocr_carea' id='block_1_14' title="bbox 2422 3506 2454 3532">
    <p class='ocr_par' dir='ltr' id='par_1_17' title="bbox 2422 3506 2454 3532">
     <span class='ocr_line' id='line_1_55' title="bbox 2422 3506 2454 3532; baseline 0 0"><span class='ocrx_word' id='word_1_542' title='bbox 2422 3506 2454 3532; x_wconf 74' lang='lat'>45</span> 
     </span>
    </p>
   </div>
  </div>
 </body>
</html>
