2558 3970
650 145 866 180 HEINRICI
895 146 1033 182 REGIS
1060 147 1491 184 CONSTITUTIONES.
1543 149 1639 184 1234.
1692 150 1752 185 Nr.
1770 151 1848 186 319.
2260 155 2341 194 429

292 262 330 302 3.
373 259 430 300 Et
467 265 514 300 ut
551 260 592 300 in
637 260 862 302 iudicando
905 262 1128 316 diligentie
1174 264 1352 304 formam
1393 265 1591 306 omnibus
1632 268 1922 321 proferamus.
1963 281 2062 308 cere
2104 268 2143 308 in
2186 281 2336 308 manus

149 329 386 384 principum
418 329 713 383 promisimus,
757 331 869 385 quod
905 332 943 372 in
977 332 1168 386 quolibet
1202 346 1369 376 mense,
1404 333 1649 389 ubicunqu(¹
1684 335 1722 375 in
1757 336 1936 390 imperio
1971 337 2199 383 fuerimus,
2233 350 2336 391 qua-

147 403 245 440 tuor
281 397 433 439 diebus
476 398 528 439 ad
572 400 709 440 minus
742 400 938 441 volumus
978 401 1291 455 personaliterb
1325 401 1507 443 iudicioc
1540 403 1709 458 publice
1753 404 1984 459 presidere.
2047 404 2172 452 Quod
2206 405 2334 445 etiam

147 481 172 507 a
204 466 394 523 quolibet
433 467 573 508 iudice
614 468 734 510 fierid
767 469 965 510 volumus
1008 470 1272 525 temporibus
1307 470 1360 511 ad
1394 471 1473 511 hoc
1508 473 1652 513 iuxta⁰
1686 474 2039 515 consuetudinem
2075 474 2333 515 constitutis.

93 548 107 572 ⁵
146 535 270 584 Quod
308 536 342 577 si
379 537 578 592 princeps
617 537 758 579 facere
799 538 1044 593 neglexerit
1084 544 1127 580 et
1170 538 1222 580 de
1264 539 1343 579 hoc
1378 541 1597 581 convietus
1640 543 1786 585 fuerit.
1830 549 1874 582 ut
1908 544 2043 595 exigit
2082 544 2184 584 iuris
2218 542 2334 590 ordo,

76 898 108 923 10

76 1247 106 1272 1⁵

71 1938 103 1963 25

70 2284 104 2308 30

72 2631 103 2656 35

71 2985 105 3010 40

71 3365 105 3390 45

146 605 315 647 domino
349 606 439 660 regi
473 605 506 646 C
544 605 675 647 libras
709 608 802 648 auri
836 608 876 648 in
910 607 1101 663 pondere
1134 606 1282 648 Karoli
1317 609 1548 663 persolvet.
1612 610 1767 651 Comes
1802 625 1903 651 vcro
1939 612 2003 651 vel
2037 613 2145 653 alius
2178 612 2334 653 nobilis

145 674 348 716 iudicium
390 675 578 721 habens,
627 677 660 717 si
703 690 784 718 non
829 676 1084 718 iudicaverit
1123 677 1268 718 iuxta⁰
1313 678 1627 732 provinciarum
1667 680 2042 723 consuetudinem.
2091 682 2199 721 sieut
2240 695 2337 735 pre-

144 743 328 784 dictums
359 749 437 790 est,
470 744 640 786 domino
673 747 763 801 regi
797 745 830 786 O
864 760 1031 787 marcas
1065 747 1233 799 argenti
1267 752 1511 802 componet.

287 818 326 856 4.
366 813 476 855 Item
519 816 554 856 si
594 816 688 870 quis
727 816 859 856 alium
898 816 1048 857 leserit
1081 816 1147 856 vel
1180 830 1381 871 guerram
1416 818 1453 857 ei
1489 818 1671 858 moverit
1705 818 1870 873 absque
1903 818 2162 873 procedente
2197 819 2339 873 queri-

144 882 306 930 monia,
339 883 374 923 si
406 884 605 939 princeps
637 884 849 936 extiterit,
885 883 917 925 C
951 899 1118 926 mareas
1152 886 1270 927 aurid
1303 887 1423 941 regie
1458 901 1627 928 camere
1663 888 1952 942 presentabit:
1996 889 2029 928 si
2065 903 2162 928 vero
2196 902 2340 929 eomes

146 953 213 993 vel
245 953 403 994 nobilis
436 953 504 994 vel
537 954 624 996 alia
654 968 842 1010 persona
874 956 1082 1003 extiterit,
1118 955 1150 997 C
1184 970 1353 997 marcas
1388 957 1554 1011 argenti
1589 960 1824 1012 componet.

289 1026 329 1063 5.
363 1022 473 1064 Item
508 1024 737 1065 statuimus
770 1024 895 1079 quod,
930 1026 963 1066 si
996 1024 1118 1080 quisd
1153 1030 1329 1081 treugas
1363 1026 1487 1067 datas
1512 1027 1750 1073 violaverit,
1785 1028 1846 1068 si¹3
1880 1042 1975 1067 cum
2012 1028 2118 1082 ipso,
2155 1028 2193 1067 in
2220 1028 2340 1067 vuius

145 1105 315 1133 manum
350 1095 502 1147 treuge
536 1092 707 1134 fuerant
740 1095 1063 1149 compromisso,
1100 1099 1141 1136 et
1175 1109 1269 1136 cum
1294 1095 1461 1136 duobus
1487 1096 1581 1136 aliis
1607 1096 1872 1137 sinodalibus
1897 1096 2139 1137 hominibus
2165 1100 2338 1147 treugas

145 1175 242 1202 esse
274 1161 487 1203 violatas¹¹
521 1163 781 1204 convincere
815 1163 1019 1218 potueriti
1051 1168 1095 1205 et
1126 1165 1291 1214 testari,
1327 1166 1512 1206 violator
1544 1180 1716 1207 manum
1750 1166 1913 1221 perdat.

287 1232 326 1271 6.
359 1230 468 1271 Item
504 1231 539 1271 si
572 1232 666 1286 quis
700 1231 782 1273 fide
816 1231 916 1273 data
948 1233 1194 1288 promiserit
1226 1233 1388 1289 aliquid
1422 1239 1464 1274 et
1497 1235 1718 1276 convictus
1752 1235 1882 1276 fuerit
1905 1234 2029 1275 cum‘l
2062 1234 2200 1275 tribus
2226 1235 2338 1275 sino-

142 1299 311 1341 dalibus
359 1299 628 1353 hominibus,
678 1300 805 1342 fidem
854 1316 938 1342 non
987 1316 1207 1355 servasse,
1255 1304 1457 1344 continuo
1506 1305 1799 1359 proscribatur
1837 1319 1915 1345 nec
1958 1319 1983 1345 a
2025 1304 2338 1360 proscriptione

142 1369 300 1425 poterit
332 1368 511 1422 absolvi,
544 1370 626 1411 nisi
659 1370 890 1426 dupliciter
921 1371 1161 1427 persolvat,
1195 1372 1307 1427 quod
1340 1373 1598 1427 promiserat
1630 1378 1672 1414 et
1703 1388 1778 1428 pro
1803 1388 1885 1429 quo
1917 1373 2044 1415 fidem
2069 1373 2262 1415 dederat.
2297 1379 2339 1414 et

118 1438 329 1499 *iudicetk
360 1439 426 1481 ius
460 1453 596 1481 suum.

288 1513 324 1552 7.
366 1509 476 1551 Item
517 1511 552 1551 si
595 1510 689 1566 quis
727 1510 782 1552 de
823 1510 1086 1566 principibus
1128 1515 1202 1552 aut
1243 1511 1472 1553 comitibus
1513 1513 1580 1553 vel
1624 1512 1838 1554 nobilibus
1882 1526 1956 1568 pro
1997 1512 2154 1553 delicto
2198 1512 2339 1553 iudicii

143 1592 298 1634 penam
330 1583 395 1620 ter
426 1579 655 1634 pertulerit
687 1580 977 1631 constitutam,
1011 1580 1284 1636 postmodum
1318 1580 1476 1622 iudicio
1509 1581 1620 1636 quod
1654 1581 1803 1623 habuit
1838 1586 1904 1623 est
1935 1582 2180 1638 privandus

285 1649 324 1692 8.
355 1647 565 1690 Preterea
598 1649 843 1696 statuimus,
875 1654 921 1690 ut
953 1650 1167 1691 sententia
1199 1650 1526 1705 proscriptionis
1549 1655 1716 1691 tantum
1741 1651 1780 1692 in
1807 1652 1910 1692 loeis
1942 1651 2125 1707 publicis
2150 1651 2335 1706 promul-

141 1721 279 1772 getur,
310 1731 389 1760 nec
422 1719 651 1774 proscripti
684 1719 958 1773 aliquatenus
991 1718 1285 1770 absolvantur,
1329 1719 1409 1760 nisi
1443 1719 1674 1761 sufficienti
1709 1721 1907 1762 cautione
1940 1719 2207 1761 fideiussoria
2241 1735 2338 1776 pre-

142 1786 336 1829 cedente.
399 1786 523 1835 Quod
558 1787 770 1843 siquidem
804 1789 838 1829 si
872 1787 1004 1829 iudex
1038 1801 1122 1829 non
1155 1787 1328 1829 fecerit.
1375 1788 1518 1830 ablata
1551 1790 1591 1830 in
1626 1789 1842 1844 integrum
1875 1790 2074 1831 restituat
2106 1789 2336 1844 dampnum

140 1870 290 1913 passo:
324 1857 438 1913 quod
471 1857 603 1898 etiam
635 1856 926 1914 promittimus
958 1871 1037 1899 nos
1069 1858 1276 1899 facturos.

283 1929 319 1967 9.
363 1925 471 1968 Item
513 1931 711 1968 monetas
753 1926 886 1968 falsas
929 1931 972 1968 et
1010 1927 1190 1969 iniustas
1233 1941 1283 1969 ac
1328 1928 1488 1969 iniusta
1530 1928 1743 1980 thelonia,
1791 1942 1873 1984 que
1907 1943 1931 1969 a
1973 1933 2165 1984 tempore
2198 1928 2338 1969 domni

140 1995 362 2037 Frederici
401 1996 674 2052 imperatoris
712 1996 864 2052 proavi
905 1997 1041 2038 nostri
1082 1996 1246 2052 absque
1288 2011 1505 2039 consensu
1549 2002 1591 2039 et
1636 1998 1913 2039 conniventia
1958 1998 2196 2053 principum
2242 2003 2341 2038 sunt

142 2068 318 2117 statuta,
350 2078 427 2121 per
459 2066 720 2107 sententiam
753 2079 976 2108 cassamus
1010 2071 1052 2108 et
1082 2067 1344 2122 precipimus
1378 2067 1588 2114 amoveri:
1623 2071 1666 2107 et
1688 2080 1765 2108 nos
1789 2066 1983 2109 thelonia
2005 2071 2151 2108 nostra
2174 2067 2341 2107 noviter

140 2134 337 2175 instituta
367 2135 564 2190 primitus
596 2148 859 2187 amovemus,
891 2139 1236 2191 transgressores
1259 2149 1390 2177 manu
1413 2136 1580 2191 potenti
1604 2140 1647 2177 et
1677 2140 1857 2177 extento
1889 2136 2064 2177 brachio
2090 2135 2340 2178 coercendo.

140 2203 450 2260 Principesque
493 2205 609 2247 curie
653 2209 879 2261 presentes
921 2205 1210 2247 ecclesiastici
1252 2209 1294 2246 et
1332 2204 1537 2247 mundani
1581 2204 1663 2247 fide
1696 2205 1798 2247 data
1830 2205 2064 2247 efficaciter
2096 2206 2137 2246 in
2170 2208 2339 2246 nostras

139 2281 320 2316 manus⁰
360 2275 667 2330 promiserunt,
714 2274 827 2330 quod
868 2274 922 2316 ad
966 2274 1282 2330 reprimendam
1335 2278 1704 2330 transgressorum
1750 2276 2011 2330 proterviam
2053 2280 2094 2316 ct
2132 2274 2186 2316 ad
2228 2275 2341 2315 iusta

140 2343 299 2386 iudicia
329 2343 633 2400 prosequenda
663 2344 781 2386 fideli
813 2344 938 2386 nobis
971 2345 1132 2386 auxilio
1165 2345 1387 2386 assistant.

287 2416 350 2456 10.
393 2413 506 2456 Item
549 2414 800 2467 statuimus,
845 2419 892 2456 ut
930 2415 1074 2456 nullus
1107 2415 1149 2455 in
1181 2428 1365 2470 persona
1398 2413 1464 2454 vel
1498 2414 1540 2454 in
1576 2413 1706 2455 rebus
1739 2413 1869 2454 alicui
1902 2412 2134 2468 dampnum
2168 2413 2338 2457 inferat,

139 2483 221 2525 nisi
252 2483 372 2539 prius
404 2497 525 2535 eum,
559 2484 627 2525 cui
659 2483 893 2540 dampnum
925 2484 1085 2525 inferre
1109 2484 1307 2533 voluerit,
1341 2483 1395 2524 ad
1419 2484 1559 2524 minus
1582 2484 1708 2524 trium
1733 2482 1898 2524 dierum
1924 2487 1967 2524 et
1989 2483 2176 2523 noctium
2202 2483 2339 2538 spatio

140 2552 417 2604 diffidaverit,
459 2557 502 2595 et
533 2552 658 2594 tuncd
691 2557 873 2608 uterque
905 2567 1057 2609 pacem
1090 2553 1144 2595 ab
1178 2553 1316 2595 altero
1350 2566 1427 2608 per
1460 2551 1700 2608 predictum
1734 2553 1963 2594 terminum
1997 2551 2195 2593 habebit:
2229 2552 2336 2592 alio-

141 2622 242 2677 quin
274 2636 352 2678 per
384 2623 645 2664 sententiam
678 2622 989 2679 proscribatur.

288 2694 351 2733 11.
383 2691 571 2748 Reysam
604 2705 686 2747 que
718 2692 1028 2748 heymszuche¹
1062 2691 1215 2734 dicitur
1248 2692 1281 2733 si
1315 2692 1410 2747 quis
1445 2691 1722 2742 commiserit,
1760 2691 2065 2746 proscribatur.

287 2762 351 2803 12.
383 2760 495 2802 Item
525 2762 802 2818 precipimus,
835 2761 950 2818 quod
980 2762 1125 2804 nullus
1157 2760 1417 2803 conductum
1449 2760 1576 2802 alicui
1611 2760 1804 2815 prebeat,
1838 2760 1919 2800 nisi
1942 2759 2051 2802 forte
2077 2759 2335 2800 conductum

141 2843 167 2870 a
198 2829 322 2872 nobis
355 2835 398 2872 et
429 2831 483 2872 ab
516 2831 697 2887 imperio
730 2831 823 2872 iure
854 2831 1076 2887 possideat
1108 2830 1280 2873 feodali.

288 2901 351 2942 13.
383 2900 492 2942 Item
526 2901 569 2942 in
602 2900 800 2943 omnibus
833 2900 1098 2953 civitatibus,
1133 2899 1319 2957 oppidis,
1360 2899 1691 2949 munitionibus,
1725 2898 1838 2939 villis
1873 2903 1915 2939 et
1948 2898 2042 2939 aliis
2076 2898 2180 2939 locis
2213 2897 2334 2952 regni

140 2970 295 3022 nostri,
337 2969 689 3012 iurisdictionesm
727 2969 1174 3025 archiepiscoporum,
1219 2970 1541 3025 episcoporum,
1586 2967 1993 3022 archidyaconorum
2028 2972 2070 3008 et
2102 2967 2334 3007 sententias

142 3052 291 3080 eorum
321 3040 584 3096 precipimus
616 3039 796 3081 firmiter
827 3038 1065 3082 observari.

290 3112 352 3150 14.
393 3109 505 3151 Item
547 3109 691 3151 omnia
731 3108 961 3164 privilegia
1002 3123 1027 3150 a
1067 3108 1251 3150 domnoc
1292 3108 1551 3163 imperatore
1594 3111 1715 3162 patre
1749 3111 1922 3147 nostron
1956 3111 1998 3148 et
2031 3121 2055 3147 a
2087 3105 2211 3146 nobis
2246 3111 2331 3146 tam

139 3177 404 3234 principibus
438 3192 566 3234 quam
596 3179 815 3220 nobilibus
849 3177 1016 3219 indulta
1048 3191 1126 3233 per
1165 3177 1309 3219 omnia
1340 3177 1537 3218 volumus
1570 3190 1667 3218 esse
1703 3176 1834 3219 salva.

275 3302 363 3339 319.
398 3305 432 3349 b)
456 3317 543 3349 pers.
569 3307 636 3339 vol.
661 3305 692 3338 2.
813 3305 842 3347 c)
870 3306 962 3338 deest
983 3304 1014 3338 2.
1125 3302 1158 3346 d)
1184 3305 1275 3338 deest
1300 3304 1330 3337 1.
1442 3303 1472 3344 ε5)
1498 3304 1684 3338 secundum
1711 3301 1741 3336 2.
1855 3300 1884 3342 f)
1911 3301 2037 3334 dictum
2064 3299 2096 3333 2.
2206 3304 2238 3341 ¹3)
2266 3301 2333 3333 vio-

141 3362 233 3396 latus
257 3364 485 3406 supplendum
510 3375 578 3397 esse
601 3363 743 3397 videtur.
896 3363 930 3405 h)
957 3364 1083 3396 violata
1107 3374 1181 3396 esse
1207 3363 1237 3395 1.
1393 3360 1417 3402 ἰ)
1443 3367 1603 3404 potuerat
1628 3360 1658 3393 2.
1802 3359 1835 3401 k)
1861 3360 2038 3400 le-qenclum
2062 3359 2195 3391 ridetur
2220 3358 2334 3390 iudici.

140 3417 166 3462 1)
191 3422 338 3460 correxi:
362 3423 590 3465 keymszuche
617 3421 646 3454 1.
672 3420 703 3453 ²2.
821 3422 863 3463 m)
891 3422 1128 3455 iuredictiones
1153 3420 1184 3452 2.
1303 3418 1337 3462 1¹)
1364 3424 1458 3462 patre
1484 3424 1598 3452 nost-ro
1626 3419 1703 3461 imp.
1731 3418 1762 3451 22.
