2558 3970
109 954 141 977 lo

107 1304 136 1328 15

102 2396 135 2422 30

101 2783 134 2808 35

99 3127 134 3152 40

101 3524 134 3549 45

561 205 969 241 CONFOEDERATIO
998 205 1133 241 PACIS
1158 206 1406 240 RHENANA.
1461 207 1557 241 1254.
1599 207 1696 241 12:35.
1747 207 1808 241 Nr.
1828 208 1945 241 42511.
1967 219 2011 241 m.
2302 211 2384 250 583

178 321 258 363 lesi
291 334 394 362 vero
435 322 524 362 suis
557 322 760 378 expensis
802 321 977 362 mittent
1009 321 1199 362 nuncios.
1320 322 1411 376 (13)
1447 322 1555 363 Item
1602 323 1897 377 promisimus,
1944 324 2146 378 quoniam
2181 338 2283 379 sepe
2317 325 2380 365 in-

179 390 399 444 digemus,
441 394 489 431 ut
520 391 562 432 in
593 403 862 446 quocumque
896 390 987 431 loco
1024 390 1281 445 colloquium
1315 390 1618 443 indixerimus,
1663 392 1822 433 domini
1857 397 1900 433 ct
1933 393 2132 434 civitates
2167 407 2265 434 suos
2299 393 2384 433 sol-

179 459 374 514 lempnes
420 459 597 500 nuncios
642 460 817 500 mittent
863 459 957 500 illos
1000 463 1183 514 quatuor
1227 460 1298 514 qui
1342 460 1395 501 ad
1440 460 1517 501 hm·
1555 460 1750 516 deputati
1786 466 1883 501 sunt
1919 462 1985 502 vel
2019 467 2185 516 partem
2221 476 2384 503 eorum.

178 527 415 568 secundum
457 527 569 582 quod
611 532 822 569 tractatus
865 528 1032 582 negocii
1075 532 1176 569 tunc
1208 529 1412 583 agitantis
1445 530 1637 584 expetit:
1681 531 1750 584 qui
1786 531 1914 585 plena
1945 531 2200 571 auctoritate
2234 545 2259 571 a
2293 531 2382 571 suis

178 596 424 638 civitatibus
470 610 601 652 super
640 596 892 638 ordinandis
925 597 1190 652 quibuslibet
1232 598 1511 652 perfruantur
1545 602 1587 638 et
1627 597 1784 638 ibidem
1819 603 1981 639 statuta
2016 599 2103 639 suis
2137 599 2384 640 civitatibus

175 664 444 706 revelabunt.
507 664 668 707 Omnes
692 680 792 707 vero
826 680 922 707 eum
957 666 1125 707 nunciis
1150 666 1373 706 civitatum
1399 667 1644 721 equitantes
1671 668 1737 708 vel
1762 666 1815 707 ad
1841 668 1956 722 ipsos
1982 668 2205 709 venientes
2231 683 2382 723 pacem

175 733 412 785 habebunt,
446 734 506 774 ita
537 734 649 789 quod
683 735 801 776 nullo
835 735 990 776 iudicio
1022 735 1225 790 occupari
1259 739 1451 790 possunt.
1546 735 1637 789 (ll)
1675 736 1783 776 Item
1815 736 2094 780 inhibuimus.
2129 737 2241 792 quod
2268 737 2385 777 nulla

176 803 396 844 civitatum
422 802 500 843 sibi
524 807 719 844 assumat
738 804 854 845 cives
878 817 964 844 non
988 802 1244 854 residentes,
1269 802 1381 858 quod
1402 803 1530 857 vulgo
1549 805 1796 859 appellatur
1819 805 2095 859 palelmrgcr,
2157 806 2251 860 (15)
2280 806 2384 846 ltcm

175 871 451 928 promisimus
485 870 674 924 firmiter,
713 871 826 927 quod
861 873 895 913 si
929 873 1024 928 quis
1057 873 1382 913 coniuratorum
1416 873 1536 928 pacis
1571 888 1722 928 pacem
1755 874 2002 928 infregerit,
2038 889 2112 914 nos
2147 875 2385 914 wllmnusv

181 941 366 982 celerius
408 944 558 982 eontra
600 954 697 982 eum
741 955 869 996 quam
908 945 1057 983 contra
1089 945 1348 983 extraneum
1392 941 1628 997 procedere
1662 947 1705 983 et
1744 943 1883 997 ipsum
1918 942 1971 983 ad
2005 943 2229 983 emendam
2265 944 2381 983 suffi-

175 1011 359 1052 cientem
394 1010 670 1066 compellere.
791 1010 884 1065 (16)
918 1011 1029 1053 Item
1062 1012 1353 1067 promisimUS,
1386 1026 1464 1053 nos
1489 1016 1532 1054 et
1555 1012 1754 1053 dominos
1778 1011 2027 1052 coniuratos
2062 1012 2242 1053 invicem
2278 1012 2383 1052 lide—

174 1080 274 1121 liter
307 1079 494 1120 litterisq
526 1079 683 1121 nostris
716 1080 963 1135 prcmunire
998 1095 1130 1137 super
1163 1081 1377 1133 omnibus,
1411 1095 1494 1137 que
1535 1081 1811 1137 percepimus
1846 1080 1897 1121 de
1934 1081 2088 1121 emulis
2123 1082 2280 1121 nostris
2316 1082 2382 1122 vel

174 1147 226 1190 de
258 1148 354 1190 aliis
387 1148 485 1204 quir
516 1149 641 1190 nobis
675 1148 834 1191 obesse
868 1154 1066 1205 possunt,
1099 1154 1147 1192 ut
1178 1155 1348 1192 maturo
1381 1150 1504 1192 nobis
1529 1149 1708 1192 consilio
1732 1149 2052 1204 provideamus.
2144 1150 2239 1204 (17)
2276 1150 2383 1190 Item

175 1218 424 1270 statuimus,
465 1222 512 1259 ut
549 1218 692 1259 nullus
733 1223 957 1274 presumat
998 1220 1140 1261 curias
1184 1223 1257 1260 aut
1289 1218 1439 1261 domos
1472 1219 1727 1260 clericorum
1760 1219 2040 1270 secularium,
2085 1219 2384 1274 religiosorum

175 1300 560 1343 quorumcumque,
596 1286 876 1342 griseorum⁸,
909 1288 1146 1343 nigrorum,
1180 1288 1377 1329 alborum
1410 1288 1719 1329 monachorum
1744 1289 1812 1329 vel
1838 1288 2102 1338 monialium,
2138 1293 2181 1329 et
2203 1289 2383 1329 aliorum

175 1356 494 1411 religiosorum,
527 1356 839 1411 cuiuscumque
874 1357 958 1398 sint
990 1356 1165 1409 ordinis,
1198 1357 1367 1412 ingredi
1401 1358 1616 1399 violenter
1647 1362 1721 1398 aut
1753 1357 1806 1398 ab
1843 1358 1905 1398 cis
1940 1357 2149 1413 hospicia,
2184 1357 2386 1398 victualia

173 1429 247 1467 aut
278 1425 461 1467 servicia
493 1429 566 1467 aut
598 1426 928 1481 qualiacumque
963 1431 1114 1468 contra
1147 1441 1296 1469 eorum
1329 1427 1552 1482 requirere
1585 1427 1855 1468 voluntatem
1889 1431 1963 1467 aut
1995 1427 2212 1468 ullatenus
2237 1430 2383 1467 extor-

172 1508 319 1549 quere.
382 1493 429 1536 Si
460 1494 556 1550 quis
597 1499 741 1537 autem
785 1495 867 1537 1100
907 1499 1072 1537 temere
1116 1495 1290 1537 duxerit
1331 1496 1698 1551 attemptandum,
1742 1495 2008 1551 reputandus
2052 1499 2096 1537 et
2128 1495 2385 1536 iudicandus

173 1568 241 1605 est
272 1567 493 1619 tamquam
525 1565 644 1620 pacis
677 1564 894 1620 publicus‘
930 1565 1124 1607 violator.
1245 1565 1340 1620 (18)
1373 1566 1485 1607 Item
1518 1565 1764 1617 statuimus,
1797 1564 1909 1619 quod
1941 1564 2137 1620 quelibet
2162 1565 2384 1606 civitatum

103 1648 118 1662 0
173 1633 228 1674 ab
261 1633 358 1685 hiis,
392 1633 463 1689 qui
495 1647 649 1689 pacem
683 1633 871 1675 nondum
895 1634 1159 1686 iuraverunt,
1194 1634 1277 1676 sibi
1298 1635 1449 1676 vicinis
1473 1639 1516 1676 et
1546 1635 1800 1691 propinquis
1815 1641 1833 1658 ¹¹
1865 1633 2212 1689 quibuscumque
2236 1634 2386 1687 exiget

173 1707 216 1744 et
249 1702 451 1758 requiret,
483 1706 531 1744 ut
561 1716 715 1758 pacem
748 1703 911 1751 iurent;
945 1703 1061 1759 quod
1085 1703 1120 1744 si
1141 1703 1287 1745 facere
1310 1704 1605 1759 neglexerint,
1637 1718 1662 1744 a
1684 1717 1791 1759 pace
1816 1703 2036 1758 segregati
2060 1707 2187 1744 crunt
2211 1703 2384 1757 penitus

172 1775 215 1813 ct
247 1771 436 1824 exclusi,
474 1771 535 1813 ita
574 1775 621 1813 ut
659 1772 802 1814 nullus
844 1787 996 1829 pacem
1029 1773 1071 1813 in
1104 1773 1303 1828 personis
1338 1777 1381 1815 et
1413 1773 1541 1815 rebus
1575 1787 1744 1825 eorum,
1791 1773 1827 1814 si
1861 1777 2011 1814 contra
2043 1787 2118 1813 cos
2153 1773 2384 1827 quisquam

171 1841 338 1893 fecerit,
371 1841 506 1883 violet
538 1845 612 1883 aut
643 1842 881 1897 perturbet.
1001 1841 1094 1897 (19)
1126 1841 1237 1884 Item
1266 1843 1488 1895 volumus,
1521 1843 1635 1899 quod
1669 1856 1821 1884 omnes
1855 1842 2152 1883 coniuratores
2185 1845 2273 1881 tam
2306 1840 2382 1881 do-

170 1910 276 1951 mini
316 1924 444 1966 quam
486 1910 684 1952 civitates
717 1915 762 1953 et
803 1910 876 1952 alii
909 1925 954 1952 se
995 1916 1229 1968 preparent
1260 1911 1371 1954 adeo
1405 1912 1614 1955 decenter
1647 1916 1690 1954 et
1722 1912 1954 1953 honorifice
1987 1911 2168 1963 armati,
2209 1916 2256 1952 ut
2289 1925 2383 1952 cum

101 1998 116 2012 τ’
171 1993 375 2022 neccesse
416 1980 698 2023 habuerimus
736 1984 780 2023 et
819 1995 951 2037 super
993 1981 1075 2023 1100
1116 1982 1314 2037 requisiti
1354 1982 1534 2034 fuerint,
1580 1983 1695 2023 omni
1740 1982 1848 2023 hora
1889 1984 2064 2037 paratos
2098 1980 2382 2023 inveniamus,

169 2049 263 2103 (20)
306 2049 419 2092 Item
459 2052 708 2101 statuimus,
754 2049 868 2105 quod
912 2050 1107 2091 civitates
1159 2049 1212 2092 de
1256 2050 1441 2092 Mosella
1486 2064 1624 2106 usque
1674 2050 1729 2092 ad
1770 2050 1989 2091 Basileam
2031 2053 2204 2091 eentum
2250 2064 2382 2091 naves

168 2119 348 2161 bellicas
395 2123 438 2161 et
477 2121 674 2162 civitates
715 2120 944 2162 inferiores
988 2120 1249 2175 quingentas
1288 2134 1423 2161 naves
1468 2120 1650 2161 bellicas
1692 2120 1900 2161 honestas
1940 2123 1982 2159 01
2014 2132 2109 2159 011111
2143 2119 2382 2173 sagittariis

171 2193 449 2245 preparentv,
482 2194 526 2232 et
559 2190 754 2246 quelibet
786 2188 939 2230 civitas
972 2204 1049 2245 pro
1082 2204 1212 2245 posse
1246 2203 1293 2231 se
1327 2189 1535 2231 decenter
1557 2194 1600 2231 et
1632 2194 1835 2245 potenter
1857 2203 1954 2230 cum
1979 2189 2120 2240 armis,
2155 2188 2381 2244 equitariis

171 2262 216 2300 et
246 2258 500 2314 peditibusW
531 2262 748 2315 preparet.

592 2385 667 2420 III.
702 2383 1024 2420 GONVENTUS
1049 2383 1165 2420 MOG
1174 2383 1409 2420 UNTINUS
1429 2383 1621 2419 ALTER.
1672 2388 1759 2418 1255.
1808 2384 1892 2418 Ιιιη.
1910 2389 1961 2418 29.

319 2489 385 2546 (1)
430 2490 540 2531 Item
572 2505 684 2532 anno
717 2490 892 2532 Domini
924 2489 1141 2532 MCCLV.
1174 2489 1219 2530 in
1259 2489 1372 2531 festo
1404 2490 1697 2545 apostolorum
1730 2488 1850 2530 Petri
1885 2492 1928 2530 et
1958 2488 2083 2530 Pauli
2118 2488 2379 2529 convenien-

171 2560 316 2602 tibusa
346 2559 514 2601 nunciis
553 2558 824 2601 dominorum
857 2573 906 2601 ac
939 2559 1163 2600 civitatum
1195 2557 1573 2600 confederatarum
1607 2559 1650 2599 in
1683 2557 1925 2612 Mogontia,
1965 2561 2170 2613 presente
2206 2556 2378 2597 domino

169 2629 222 2671 de
251 2628 473 2685 Waldekn
504 2629 741 2685 imperialis
774 2628 872 2670 aule
906 2627 1156 2680 iusticiario,
1190 2627 1449 2669 statuimus¹
1481 2627 1661 2669 firmiter
1693 2627 1772 2668 sub
1806 2641 1920 2683 pena
1952 2625 2102 2668 decem
2137 2639 2379 2667 marcarum

171 2698 496 2740 coloniensium
528 2697 583 2739 ad
613 2697 823 2739 fabricam
856 2697 1063 2752 cuiusque
1093 2696 1292 2748 civitatis,
1325 2695 1400 2738 ubi
1432 2696 1515 2738 hoc
1547 2696 1820 2751 infringetur,
1855 2695 2057 2737 videlicet
2088 2694 2201 2749 quod
2235 2695 2378 2735 nullus

170 2766 331 2809 Iudeus
363 2767 459 2822 plus
491 2781 621 2822 quam
653 2766 763 2808 duos
797 2766 998 2808 denarios
1032 2765 1086 2807 ad
1120 2765 1406 2820 septimanam
1439 2765 1492 2806 de
1526 2764 1638 2806 libra
1670 2765 1904 2820 reciperet,
1945 2765 1988 2804 in
2021 2763 2174 2805 eadem
2208 2764 2376 2818 quanti-

169 2840 259 2878 tate
292 2835 346 2878 de
380 2835 650 2887 Coloniensi,
682 2835 887 2877 Hallensi
919 2839 963 2876 et
994 2834 1404 2890 Argentoratensib.
1467 2834 1513 2876 Si
1545 2849 1647 2876 vcro
1684 2833 1738 2875 ad
1777 2848 1938 2875 annum
1972 2848 2067 2874 cum
2101 2833 2194 2888 ipso
2228 2837 2376 2887 pacta-

169 2910 289 2947 retur
320 2905 389 2946 vel
422 2905 741 2955 conveniretur,
773 2904 936 2946 Iudeus
968 2904 1164 2959 recipere
1197 2903 1357 2945 debeat
1389 2907 1575 2959 quatuor
1606 2903 1753 2944 uncias
1787 2902 1840 2943 de
1873 2902 1996 2953 libra,
2031 2907 2074 2943 et
2107 2902 2169 2942 sie
2203 2901 2255 2943 de
2289 2901 2375 2942 sin-

168 2975 297 3030 gulis.
358 2973 480 3030 Opus
513 2975 628 3016 enim
661 2978 754 3016 erat
784 2975 866 3016 hiis
898 2974 1124 3026 institutis,
1157 2973 1260 3028 quia
1292 2973 1516 3014 christiani
1548 2973 1735 3014 usurarii
1762 2971 2194 3014 excommunicantur
2225 2974 2268 3012 01
2300 2984 2379 3026 per

169 3044 375 3086 iudicium
407 3044 461 3086 ad
493 3043 785 3086 restituendas
815 3057 970 3101 usuras
1003 3046 1266 3085 coartantur.

314 3112 380 3169 (2)
411 3113 523 3155 Item
555 3113 831 3169 deposuimus
863 3112 1026 3154 ibidem
1058 3113 1173 3154 cives
1208 3112 1280 3168 qui
1311 3111 1513 3154 dicuntur
1551 3111 1814 3168 palburger⁰
1845 3110 2039 3152 totaliter
2070 3113 2113 3150 et
2145 3108 2198 3150 de
2230 3109 2374 3163 pleno,

169 3183 231 3224 ita
261 3182 375 3238 quod
407 3182 461 3225 de
494 3186 638 3224 cetero
676 3183 795 3224 nulla
827 3182 1049 3224 civitatum
1088 3182 1198 3223 tales
1240 3180 1422 3223 habebit
1453 3182 1523 3222 vel
1561 3180 1789 3236 recipict2.
1850 3180 1920 3221 Illi
1954 3193 2076 3229 vero,
2119 3192 2227 3233 quos
2260 3192 2377 3219 rece-

170 3252 312 3308 pimus
343 3253 412 3294 vel
444 3252 663 3308 recepturi
695 3265 855 3302 sumus,
889 3250 1143 3292 residebunt
1174 3250 1403 3291 nobiscum
1436 3264 1522 3291 una
1552 3264 1648 3291 cum
1682 3249 1890 3291 uxoribus
1923 3252 1965 3289 et
1989 3247 2154 3288 familia
2184 3247 2375 3301 ipsorum

170 3321 345 3363 cottidie
377 3336 454 3378 per
485 3325 623 3362 totum
656 3334 830 3372 annum,
863 3324 1048 3375 excepto
1079 3324 1225 3361 tamen
1258 3319 1373 3375 quod
1406 3319 1672 3375 temporibus
1705 3317 1913 3359 messium
1947 3315 2129 3358 exibunt
2160 3329 2246 3356 una
2277 3329 2373 3355 cum

308 3458 394 3493 428.
420 3461 464 3493 11.
489 3458 523 3502 P)
549 3460 637 3492 velle
661 3458 692 3492 2.
823 3458 857 3500 q)
885 3465 903 3499 7
929 3458 1011 3490 add.
1029 3456 1062 3491 2.
1192 3458 1221 3500 1')
1247 3461 1272 3499 q
1295 3457 1327 3491 2.
1461 3459 1488 3500 S›)
1515 3458 1699 3491 criseorum
1725 3456 1757 3489 2.
1875 3456 1901 3497 ι)
1929 3455 2064 3499 publice
2090 3454 2236 3487 correxit
2260 3455 2373 3488 Weizs.

170 3516 206 3558 u)
232 3518 347 3560 exiget
371 3517 454 3550 adel.
472 3515 504 3549 2.
622 3515 657 3558 v)
681 3520 879 3560 preparatas
904 3514 944 3553 2;
969 3526 1029 3548 em.
1057 3514 1170 3548 Weizs.
1288 3514 1328 3557 W)
1352 3516 1455 3558 pedes
1478 3514 1516 3556 2;
1542 3527 1603 3548 em.
1629 3514 1742 3547 Weizs.

304 3587 366 3620 111.
394 3584 426 3628 a)
452 3586 710 3619 convenietibus
735 3584 768 3618 2.
887 3585 918 3626 b)
945 3585 1054 3617 Color]
1080 3581 1159 3617 hail
1185 3590 1203 3621 7
1228 3590 1372 3628 argento
1397 3584 1429 3618 2.
1549 3584 1579 3629 c)
1605 3585 1788 3626 balburger
1813 3583 1845 3615 2.

309 3700 343 3739 1)
372 3698 425 3741 Cf.
451 3698 557 3733 etiam
581 3701 663 3733 acta
686 3698 794 3733 huius
818 3700 1006 3732 emeremus
1030 3697 1133 3740 infra
1155 3707 1212 3732 nr.
1230 3702 1417 3733 431—433.
1536 3698 1573 3741 2)
1599 3696 1638 3731 V.
1664 3696 1766 3740 infra
1790 3706 1846 3731 nr.
1861 3700 1924 3730 431
1948 3706 1976 3729 c.
1991 3701 2022 3730 4.
