2558 3970
114 897 146 921 10

114 1243 144 1267 15

112 1703 146 1729 20

112 2084 144 2111 25

115 2429 147 2455 ³0

114 2773 146 2800 35

118 3462 150 3489 45

680 143 919 178 FRlDERlCI
946 144 989 178 ΙΙ.
1017 144 1450 180 CoNsTlTL'TloNES.
1505 145 1601 179 1245».
1655 146 1713 179 Nr.
1732 145 1808 180 256.
1834 146 1911 180 257.
2307 149 2387 187 355

186 259 307 300 firma
328 258 485 300 fiducia
506 272 583 314 per
605 259 898 300 venerabilem
924 265 1086 315 patrem
1113 262 1163 302 A.
1188 261 1472 316 patriarcham
1501 261 1819 301 Antioclienum
1845 262 1966 302 nobis
1991 261 2162 302 oblatad
2188 261 2357 303 reduxit
2375 269 2389 286 ⁰

186 328 228 370 in
261 329 416 370 lucem.
479 326 586 369 Cum
631 328 742 368 enim
787 329 1078 383 patriarcham
1121 329 1318 370 eumdem
1352 330 1405 370 ab
1440 336 1619 384 experta
1661 331 1909 371 sinceritate
1954 330 2230 372 fidissimums
2260 335 2332 371 ct*3
2366 345 2390 371 a

186 397 325 452 longis
359 400 473 438 retro
506 396 773 452 temporibus
798 397 922 438 nobis
956 399 1206 452 precipuum
1232 404 1482 452 reputemus
1506 399 1704 442 amicum,
1738 399 1790 439 ab
1816 400 1906 454 ipso
1931 398 2106 455 ‹lecipi¹¹
2141 400 2388 440 nullatenus

183 465 474 516 formidamus,
509 465 579 520 qui
613 465 736 506 nobis
771 465 1101 507 indubitabilem
1127 466 1273 507 offerti
1307 466 1359 507 de
1384 473 1524 507 vestra
1562 468 1823 522 paternitate
1850 467 2061 508 fiduciam.
2098 468 2240 523 quodk
2275 468 2388 510 nos¹.

184 533 292 575 filios
324 539 543 586 vestrosm,
578 534 756 575 sinceris
791 534 1017 575 affectibus
1051 534 1234 588 diligere
1267 534 1477 575 debeatis.
1544 534 1692 590 quue
1729 537 1864 590 magis
1897 536 1948 576 ad
1980 536 2049 577 id¹¹
2084 537 2323 578 inducimur
2348 543 2390 578 et

185 604 454 660 promptius⁰
487 604 739 653 animamur.
774 616 856 657 quo
891 602 943 643 de
977 603 1185 644 filiatione
1220 608 1366 644 nostra
1390 604 1529 644 velitis
1563 604 1792 645 affcctione
1819 612 1997 660 paterna
2021 606 2252 657 confidere,
2287 605 2386 646 dum

183 680 236 713 ap
267 672 391 714 nobis
424 672 710 714 amicabiliter
741 673 902 727 petitur
933 686 1009 728 per
1041 672 1247 723 eundem,
1279 672 1419 728 quodq
1454 687 1529 713 nos
1565 687 1689 714 versa
1723 674 1814 713 vice
1849 673 1900 714 de
1935 675 2058 714 vobis
2092 676 2130 715 in
2167 675 2268 716 biis.
2305 688 2387 729 que

183 740 315 783 decus
355 742 523 797 imperii
565 742 723 783 nostrir
754 741 1015 796 respiciunt,
1058 756 1211 782 secure
1245 741 1459 782 confidere
1499 741 1750 784 debeamus
1814 742 1998 798 Propter
2036 743 2145 798 quod
2179 745 2219 784 in
2255 744 2384 784 verbo

184 823 261 852 suo
300 809 455 851 fiducie
497 813 665 850 nostre⁸
708 814 798 851 rete
831 810 981 851 laxare
1016 809 1303 865 disponimus,
1348 824 1445 861 VOS,
1485 825 1611 865 quem
1654 811 1745 851 orbi
1789 817 1955 866 patrem
1999 812 2143 852 divina
2178 813 2383 867 provisio*

184 880 379 927 contulit,
412 878 537 920 nobis
571 893 625 920 ex
658 883 747 920 toto
781 879 1034 934 precipuum
1069 893 1292 921 assumere
1328 880 1568 935 cupientes.
1631 879 1721 920 Vos
1757 880 1909 924 etiam.
1945 881 2216 921 sanctissime
2252 888 2386 936 pater,

182 954 327 990 nostre
361 947 604 990 devotionis
637 947 891 1002 obsequium
926 952 1044 989 tanto
1079 949 1296 1004 recipiatis
1332 949 1494 1003 ylarius
1528 954 1687 1004 quanto
1713 948 1917 989 Crucifixi
1945 950 2145 997 servitiis,
2179 951 2387 1004 exigente

181 1018 430 1074 potissimeu
471 1017 728 1058 necessitate
770 1018 1035 1073 presentium
1080 1031 1220 1058 rerum
1262 1023 1305 1058 ct
1346 1018 1593 1073 temporis'.
1634 1018 1725 1059 fore
1760 1018 1984 1059 dinoscitis
2018 1024 2294 1073 oportunum.
2338 1018 2389 1059 ad

182 1086 348 1143 quew·¹,
391 1087 581 1127 vicissim
621 1087 851 1141 utrinque¹
885 1091 1105 1128 contracta
1139 1086 1294 1128 fiducia
1327 1086 1540 1128 Doinin0³’
1573 1089 1720 1143 previo
1762 1102 1934 1143 semper
1973 1089 2013 1129 in
2048 1088 2202 1129 melius
2237 1102 2388 1143 proce-

182 1157 334 1209 dente,
374 1157 497 1198 iuxta
528 1155 800 1211 paternitatis
832 1159 976 1197 vestre
1011 1157 1235 1197 consilium
1271 1163 1469 1212 prompta
1502 1156 1734 1198 devotione
1768 1171 2032 1211 consurgere
2066 1162 2388 1213 preoptamusz.

184 1224 416 1267 Ceterum⁸
455 1239 586 1280 super
630 1225 925 1266 benivolentia
957 1230 1000 1265 et
1033 1224 1213 1276 affectu,
1256 1240 1383 1281 quem
1424 1225 1477 1267 ad
1521 1226 1678 1266 bonum
1713 1227 1830 1281 pacis
1864 1227 2054 1280 gerimus
2089 1232 2130 1268 et
2165 1227 2387 1280 negotium

182 1293 316 1336 Terre
356 1294 535 1342 Sancte,
581 1308 634 1336 ea
677 1307 759 1349 que
803 1293 866 1336 ..b
911 1294 1118 1348 magister
1159 1294 1311 1336 domus
1348 1294 1715 1336 Theotonicorum
1757 1296 1903 1337 vobisc
1945 1301 2168 1350 suggeret,
2213 1294 2388 1337 indubie

183 1363 386 1406 credatis.

180 1532 284 1577 257.
330 1533 631 1577 EPISTOLA
670 1534 919 1577 ALTERA
961 1535 1042 1577 PA
1050 1535 1417 1578 TRIARCHAE
1454 1536 1851 1579 MTJOCHENJ
1889 1537 1976 1579 AD
2019 1537 2391 1580 RAJNERJUM

891 1604 1322 1648 GARDJNALEM.
1385 1608 1532 1658 (1245.
1562 1609 1690 1662 Apr.)

325 1685 581 1738 Epistolam,
627 1700 712 1739 qua
745 1687 997 1742 patriarcha
1037 1687 1243 1729 Rainerz'o
1283 1688 1520 1729 transmisit
1559 1689 1824 1741 imperatoris
1865 1689 2027 1730 litteras
2064 1689 2120 1730 ad
2153 1689 2389 1741 pontificem

178 1755 302 1797 datas
341 1759 430 1809 (nr.
458 1755 564 1805 256)
601 1754 750 1797 damus
791 1769 811 1796 e
848 1755 980 1798 codice
1006 1755 1209 1798 Vaticano
1241 1756 1381 1798 Palat.
1406 1758 1490 1798 953
1521 1770 1622 1799 saec.
1655 1758 1791 1799 XIII.
1837 1758 1939 1799 med.
1984 1772 2043 1810 ep.
2069 1761 2122 1798 14
2160 1772 2187 1798 α
2226 1757 2391 1799 Ρσνίεἰο

179 1836 370 1876 excusso;
401 1837 421 1865 e
451 1824 571 1866 cuius
601 1825 784 1878 exemplo
814 1839 904 1867 eam
934 1826 1065 1868 edidit
1093 1826 1393 1869 Winkelmamz
1425 1826 1547 1869 ‘Acta
1580 1828 1746 1882 imperii
1774 1827 1946 1869 inedita’
1980 1827 2016 1877 I,
2049 1841 2113 1869 nr.
2140 1828 2236 1868 719.

2009 1895 2080 1943 (P.
2105 1896 2247 1945 deest.)

329 1997 611 2041 Venerabili³
648 1999 691 2040 in
729 1998 902 2042 Christo
950 1999 1062 2056 patri
1106 2004 1148 2042 et
1192 2000 1364 2042 domino
1407 2000 1626 2058 Raynerio
1668 2000 1753 2042 Dei
1795 2001 1932 2056 gratia
1966 2000 2123 2043 Sancte
2163 2000 2299 2043 Maric
2349 2001 2391 2042 in

183 2065 417 2110 cosmedin
462 2067 642 2110 diacono
687 2068 894 2110 cardinali
934 2068 1182 2125 Alb(ertus)
1225 2070 1503 2112 miseratione
1543 2070 1687 2111 divina
1727 2074 1874 2112 sancte
1918 2074 1961 2112 et
2001 2071 2239 2126 apostolice
2276 2069 2390 2111 sedis

181 2136 482 2178 Antiocheneb
514 2137 761 2193 patriarcha
793 2139 978 2179 salutem
1011 2142 1054 2180 et
1087 2140 1298 2180 sinceram
1330 2140 1373 2180 in
1405 2138 1592 2180 Domino
1627 2140 1864 2180 caritatem.

324 2205 603 2248 Meminimus
634 2207 887 2263 paternitati
918 2212 1063 2249 vestre
1096 2221 1224 2264 super
1256 2208 1369 2249 facto
1401 2209 1521 2264 pacis
1545 2209 1651 2250 alias
1684 2221 1761 2264 per
1783 2213 1973 2250 vestrum
1998 2210 2195 2250 nuntium
2219 2213 2388 2250 nostras

182 2275 347 2317 litteras
379 2276 607 2318 direxisse.
668 2275 821 2333 Nuper
844 2281 992 2319 autem
1015 2277 1252 2319 intellectis
1277 2292 1360 2333 que
1384 2291 1460 2333 per
1484 2283 1676 2319 vestrum
1699 2278 1895 2319 nuntium
1920 2279 2233 2328 transmisistis,
2267 2278 2387 2319 vobis

181 2358 258 2400 per
297 2344 483 2387 eundem
526 2346 723 2387 nuntium
766 2345 1082 2402 respondemus
1116 2350 1159 2388 et
1191 2347 1417 2388 scribimus
1455 2347 1628 2397 iterato,
1672 2346 1965 2401 significantes
1999 2347 2111 2402 quod
2147 2347 2200 2389 ad
2232 2347 2390 2388 bonum

182 2415 301 2470 pacis
341 2415 581 2471 principem
624 2415 866 2456 invenimus
899 2416 1209 2468 voluntarium,
1257 2416 1489 2471 propitium
1530 2420 1573 2457 et
1617 2416 1868 2471 benignum.
1929 2415 2092 2458 Verum
2126 2417 2225 2471 quia
2258 2431 2388 2472 super

183 2483 369 2539 quodam
400 2485 578 2526 minimo
613 2485 799 2540 capitulo
832 2484 1106 2526 dissonamus
1141 2490 1183 2526 et
1216 2486 1316 2540 quia
1349 2491 1502 2540 superc
1534 2486 1708 2539 negotio
1743 2485 1907 2540 absque
1942 2485 2179 2540 pontificali
2213 2485 2387 2526 licentia

182 2553 417 2608 procedere
450 2553 731 2606 timebamus,
774 2555 835 2595 rei
867 2555 1027 2596 seriem
1059 2555 1215 2596 litteris
1249 2555 1408 2595 nostris
1441 2555 1611 2595 domino
1651 2554 1793 2610 paped
1827 2559 1870 2595 et
1901 2555 2105 2596 fratribus
2140 2554 2388 2595 intimamus

181 2635 260 2677 per
289 2622 585 2664 venerabilem
616 2624 754 2665 virum
786 2624 1042 2679 magistrum
1074 2624 1437 2675 Alamannorum,
1472 2624 1540 2665 cui
1575 2623 1811 2665 revertenti
1845 2638 1868 2664 a
1903 2624 2020 2664 curia
2052 2623 2094 2664 in
2126 2623 2389 2665 Lombardia

183 2690 398 2732 credimus
430 2691 619 2734 obviare.
680 2692 789 2733 Illuc
823 2694 936 2734 enim
976 2693 1215 2749 principem
1257 2697 1561 2749 properantem
1594 2707 1671 2748 per
1704 2693 1810 2733 duas
1846 2693 1911 2734 vel
1947 2698 2034 2734 tres
2067 2692 2203 2734 dictas
2236 2706 2387 2748 prece-

182 2759 332 2802 demus
364 2766 439 2802 aut
470 2775 714 2817 sequemur,
752 2762 913 2804 ibidem
944 2762 1199 2804 mandatum
1232 2763 1516 2818 apostolicum
1549 2763 1841 2818 prestolantes
1875 2766 1935 2813 et,
1971 2762 2082 2802 sicut
2115 2762 2311 2813 iusserit,
2345 2762 2387 2802 in

181 2830 356 2884 negotio
386 2831 687 2886 procedemus.
749 2831 890 2887 Igitur
921 2833 1228 2888 paternitatem
1261 2837 1451 2873 vestram
1484 2832 1704 2873 humiliter
1733 2831 2030 2886 deprecamur,
2065 2835 2276 2886 quatenus
2310 2844 2388 2886 per

182 2911 256 2939 vos
288 2899 357 2940 vel
389 2914 468 2955 per
499 2904 668 2941 vestros
701 2900 894 2943 homines
927 2902 1057 2943 nichil
1089 2902 1245 2943 iniurie
1279 2906 1353 2943 aut
1385 2902 1583 2943 molestie
1616 2902 1857 2948 innovetur,
1899 2899 2012 2954 quod
2046 2900 2189 2940 valeat
2222 2899 2381 2940 bonum

319 3036 406 3072 256.
438 3037 471 3080 d)
495 3041 576 3072 Ant.
602 3040 705 3073 nobla
731 3039 760 3072 1.
894 3041 924 3081 e)
949 3040 1080 3072 reducit
1105 3039 1137 3073 3.
1162 3039 1194 3073 4.
1329 3039 1360 3082 f)
1387 3041 1452 3073 sibi
1478 3041 1619 3073 firmiter
1647 3040 1676 3072 1.
1807 3040 1839 3080 Β)
1867 3039 1970 3071 etiam
1996 3037 2027 3070 3.
2054 3037 2084 3070 4.
2222 3036 2254 3077 h)
2280 3039 2384 3081 recipi

183 3095 272 3128 male
296 3095 328 3129 3.
353 3095 391 3136 4;
431 3097 626 3130 nullatenus
651 3097 721 3130 dec.
750 3099 846 3130 form.
873 3095 904 3129 2.
1048 3095 1072 3140 i)
1100 3098 1200 3130 affert
1224 3096 1256 3130 2.
1389 3096 1422 3138 k)
1456 3103 1495 3130 ut
1520 3098 1696 3141 imperium
1723 3102 1756 3128 ct
1781 3095 1819 3135 2;
1853 3102 1883 3128 et
1911 3094 1940 3127 1.
1967 3094 1998 3128 3.
2133 3093 2158 3138 ¹)
2184 3106 2223 3127 ac
2248 3095 2330 3128 add.
2348 3094 2388 3136 2;

184 3156 217 3184 et
241 3153 322 3186 add.
344 3153 374 3186 1.
399 3153 431 3187 3.
455 3153 489 3188 4.
594 3154 637 3197 1η)
663 3159 795 3187 nostros
822 3153 851 3186 1.
878 3153 910 3187 3.
935 3153 966 3187 4.
1074 3155 1107 3195 n)
1137 3155 1343 3188 credendum
1370 3153 1402 3187 2.
1508 3156 1540 3196 0)
1566 3156 1733 3198 propitius
1759 3153 1790 3187 2.
1898 3159 1931 3195 1³)
1959 3153 2047 3186 deest
2075 3151 2173 3185 1—-4.
2268 3152 2301 3194 (Ι)
2328 3163 2387 3195 per

183 3211 272 3251 quod
296 3209 328 3244 3.
352 3210 385 3245 4.
502 3211 530 3253 r)
556 3212 647 3246 deest
670 3211 702 3245 3.
727 3211 758 3244 4.
889 3211 918 3255 Β)
944 3217 1058 3244 nostre
1084 3212 1176 3245 deest
1200 3212 1237 3252 1;
1274 3213 1330 3246 fid.
1357 3216 1471 3245 nostre
1497 3212 1565 3244 des.
1584 3211 1616 3245 3.
1642 3210 1672 3243 4.
1792 3211 1816 3251 t)
1843 3211 2020 3253 promissio
2048 3210 2086 3249 1;
2118 3209 2332 3253 providentia
2356 3207 2388 3241 2.

182 3265 217 3308 ¹²)
242 3269 419 3310 potissima
442 3268 475 3303 3.
499 3268 532 3303 4.
627 3269 659 3311 V)
684 3280 766 3313 prae
785 3296 792 3303 .
811 3294 818 3301 .
843 3280 958 3302 rerum
978 3296 985 3303 .
1004 3295 1011 3302 .
1037 3275 1188 3313 tempore
1213 3269 1245 3303 3.
1340 3271 1382 3311 W)
1408 3276 1509 3312 atque
1534 3268 1570 3307 2;
1606 3275 1710 3312 utque
1735 3268 1767 3301 3.
1862 3268 1896 3309 x)
1923 3273 2070 3309 utraque
2094 3266 2133 3308 33
2160 3267 2339 3309 utriusque
2355 3265 2388 3298 4.

181 3321 214 3367 Υ)
238 3325 336 3359 Dom.
361 3327 489 3360 fiducia
512 3326 545 3361 4.
662 3329 692 3368 Ζ)
718 3332 904 3371 poptamus
930 3327 961 3360 1.
1080 3327 1112 3370 ³²)
1138 3328 1295 3360 Ceterum
1324 3345 1363 3350 —
1391 3328 1535 3360 credatis
1561 3327 1628 3360 des.
1648 3325 1680 3360 2.
1805 3324 1837 3367 b)
1866 3351 1872 3357 .
1893 3350 1900 3357 .
1926 3325 1962 3357 in
1991 3325 2019 3358 1.
2139 3324 2169 3366 0)
2194 3325 2265 3357 loco
2291 3325 2389 3358 vobis

183 3391 286 3423 usque
311 3384 457 3417 credatis
483 3382 520 3417 1:
545 3390 609 3418 etc.

321 3450 408 3486 257.
447 3452 477 3495 a)
510 3453 668 3486 rubrica:
704 3455 756 3487 De
793 3455 1032 3487 reformatione
1069 3455 1170 3496 paciS.
1311 3453 1345 3495 ¹⁰)
1384 3454 1617 3486 Antiochenus
1650 3452 1723 3484 eod.
1865 3451 1894 3492 c)
1925 3452 2020 3494 sorte
2051 3451 2277 3493 supplendum
2310 3452 2385 3484 hoc.

186 3504 218 3550 d)
243 3519 330 3552 papa
355 3511 428 3543 cod.

322 3611 356 3657 1)
380 3611 403 3646 i.
421 3622 446 3646 e.
472 3613 524 3648 ad
550 3613 719 3657 Orucifioei
742 3613 897 3648 servitia.

2035 3727 2108 3763 45²·
