2558 3970
96 896 128 921 lo

93 1241 123 1266 1⁵

92 1930 124 1956 25

108 2615 140 2642 ³5

102 3317 136 3345 45

700 139 939 173 FRlDERlCI
966 139 1009 174 11.
1037 139 1470 175 ‹3¹0Ns'1‘1TL'T10NES.
1523 141 1620 175 1227.
1672 142 1732 174 Nr.
1757 143 1832 175 llo.
2290 149 2363 186 145)

165 256 302 297 solum
342 269 450 310 gens
491 257 639 295 contra
670 258 842 309 gentem
877 255 1078 309 insurgit,
1121 270 1204 295 non
1241 270 1418 309 regnum
1453 270 1587 307 regno
1623 257 1825 298 minatur.
1870 271 1951 297 non
1988 259 2118 312 pestis
2153 264 2194 298 et
2228 261 2363 299 fumes

164 323 459 365 tantummodo
493 322 622 364 corda
654 323 916 363 viventium'¹
950 325 1156 378 premisso
1190 329 1352 364 terrore
1386 324 1658 367 conturbant.
1693 332 1757 364 sot
1793 326 1885 380 ipsa
1910 327 2081 371 raritas,
2116 342 2198 381 qua
2224 329 2361 368 velum

163 397 206 434 et
237 398 351 434 terra
383 393 564 447 regitur,
607 405 689 432 non
723 396 888 432 tantum
923 391 963 432 in
1004 392 1173 435 rivulis,
1220 397 1286 432 set
1319 392 1488 433 videtur
1522 394 1560 433 iu
1595 396 1711 434 fonte
1746 395 1928 437 turbari.
1976 395 2090 435 dumi
2127 396 2362 438 Romanum

162 462 388 517 imperium
412 461 464 502 ad
489 460 787 502 defensionem
811 461 1045 501 christiane
1071 460 1167 500 tidei
1193 460 1348 500 divinis
1382 462 1698 515 provisionibus
1723 462 1992 518 deputatum.
2029 479 2109 504 non
2135 480 2158 505 a
2183 466 2360 519 quibus-

161 530 268 572 libet
301 530 469 580 infimis‚
504 533 570 570 set
593 529 647 570 ab
682 528 827 584 ipsisk‚
861 543 967 583 quos
1000 528 1227 569 honoravit
1251 535 1293 568 ct
1315 529 1396 568 sibi
1422 531 1655 584 preposuit.
1692 532 1885 585 patribus
1910 534 2100 584 graviter
2124 534 2362 575 infestatur.

164 598 208 640 Si
249 599 362 640 enim
396 603 543 639 contra
574 611 652 639 nos
694 598 821 638 homo
856 598 1054 638 inimicus
1094 598 1359 652 insurgeret.
1406 600 1439 638 si
1475 600 1744 653 persecutor-¹
1779 601 1986 643 ecclesie.
2030 603 2062 641 si
2100 603 2232 642 hostis
2266 603 2362 643 tidci

163 667 415 709 subiectosm
466 667 644 722 imperio
692 671 836 707 nostro
885 666 1066 721 populos
1111 667 1150 706 iu
1198 672 1390 706 nostrum
1426 666 1567 707 «ulium
1606 670 1886 709 ‹·on‹·itarct'¹.
1936 671 2363 724 approheudorcmus

162 750 282 778 arma
313 736 578 778 defensionis
609 741 651 776 et
684 735 887 790 gladium,
922 736 1043 775 euius
1078 741 1145 775 est.
1169 735 1290 776 nobis
1314 751 1336 775 a
1362 736 1546 777 Domino
1572 752 1645 792 pro
1671 739 1850 777 tuitione
1875 738 1973 778 tidci
2000 746 2041 778 et
2065 740 2360 780 ecclesiastico

163 805 376 847 libertatis
399 805 605 846 attributa
628 809 836 860 potestas,
868 808 911 843 ct
938 804 1036 844 totis
1061 804 1349 859 inciperemus
1375 805 1535 845 viribus
1561 806 1695 860 prolia
1722 806 1892 847 Domini
1919 808 2104 862 proliari.
2198 812 2261 850 (2⁵
2290 812 2363 848 Set

163 888 259 916 cum
291 874 547 915 universalis
581 873 678 914 ille⁰
711 877 846 927 puter.
883 872 1041 913 Christi
1076 873 1260 913 vicarius
1295 878 1337 913 et
1371 873 1484 914 beati
1520 874 1635 914 l'ctri
1672 889 1906 920 successor,
1943 877 1981 916 iu
2017 892 2098 931 quo
2130 877 2363 917 locavimus

159 943 359 985 fiduciam
392 944 484 998 spei
526 947 692 991 nostre,
736 947 886 982 contra
919 942 1201 997 patientiam¹'
1235 947 1424 983 nostram
1461 942 1634 995 indigne
1669 950 1734 983 sot.
1766 945 1947 984 acriter‘¹
1982 951 2206 986 moventur
2237 954 2277 985 vt
2312 947 2362 986 ud

160 1011 431 1055 conflandum
480 1012 520 1052 in
566 1025 642 1052 nos
685 1010 828 1051 odium
878 1011 1005 1050 totius
1050 1011 1162 1051 orbis
1206 1011 1430 1051 intendero
1473 1011 1685 1055 videatur.
1734 1013 1827 1066 quis
1868 1028 1949 1053 nou
1991 1014 2270 1054 ‹eonmrlu-tur
2302 1023 2365 1054 ets

161 1086 352 1137 stupeat,
385 1081 594 1122 adversus
627 1079 915 1120 innocentiam
950 1084 1136 1119 nostram
1171 1084 1257 1120 tam
1292 1081 1439 1133 gravia
1474 1080 1588 1120 bella
1621 1082 1783 1135 parari.
1817 1082 1968 1136 quibus
2004 1084 2168 1122 nonnisi
2205 1098 2361 1136 urgens

160 1151 396 1192 necessitas
420 1163 495 1190 nos
519 1149 674 1190 invitos
699 1153 874 1202 cogeret
898 1148 1088 1197 obviare,
1122 1162 1217 1188 cum
1242 1148 1369 1189 beato
1396 1148 1540 1192 l'etro.
1576 1150 1717 1189 velut⁸
1741 1150 1806 1190 cui
1833 1151 1991 1203 ligandi
2016 1158 2143 1206 atquc
2169 1153 2361 1192 solvendi

160 1219 373 1261 concessit
403 1219 446 1259 in
479 1218 604 1258 terris
638 1216 851 1258 Dominus
885 1219 1184 1272 potestatcm‘7
1229 1217 1283 1257 ob
1317 1218 1578 1258 conferentis
1619 1220 1903 1260 reverentiam
1939 1220 2190 1261 credamusu
2226 1221 2362 1261 humi-

160 1290 256 1330 liter
299 1287 595 1330 deferendum.
666 1286 829 1328 Audiat
877 1287 1008 1341 igitur
1047 1290 1089 1327 et
1139 1287 1352 1341 intelligat
1392 1287 1506 1327 orbis
1553 1292 1687 1333 terre,
1737 1288 1851 1342 quod
1897 1290 2116 1343 provocati
2158 1289 2366 1330 trahimur

160 1343 383 1414 scripturis
415 1360 459 1398 et
489 1356 651 1397 nuntiis
685 1355 876 1396 dudumv
910 1360 1055 1396 nostre
1088 1356 1236 1396 matris
1270 1357 1474 1403 ecclesie,
1509 1370 1620 1397 nunc
1657 1357 1697 1397 in
1733 1358 1865 1398 tilium
1900 1359 2188 1401 novercantis,
2223 1367 2362 1413 quosuv

160 1432 310 1469 contra
341 1440 419 1469 nos
443 1426 601 1480 ubique
634 1430 858 1470 terrarum.
893 1425 1007 1465 sicut
1030 1425 1290 1479 accepimus,
1324 1425 1571 1466 destinavit.
1679 1426 1741 1477 (3)
1776 1427 1971 1467 Audistis
1997 1442 2114 1469 sano.
2149 1428 2260 1482 quod
2287 1430 2359 1468 im-

159 1497 348 1554 peratrix
381 1494 635 1536 Constantia
666 1493 763 1534 dive
803 1494 1009 1534 memorie
1043 1498 1180 1534 mater
1213 1499 1359 1534 nostra
1394 1494 1444 1534 dc
1479 1495 1602 1534 nobis
1641 1496 1765 1535 unis-o
1799 1496 1907 1539 filio.
1952 1505 2107 1551 quem’t
2140 1498 2362 1547 diligebat.

162 1565 422 1608 laudabilem
457 1578 604 1605 curam
634 1577 807 1618 gerens,
840 1563 882 1603 in
906 1567 1103 1603 extrema
1127 1563 1349 1604 voluntate
1385 1564 1554 1618 ipsum-v
1588 1564 1626 1604 in
1662 1565 1756 1605 sinu
1782 1570 1848 1604 οῖ’·
1880 1566 2058 1605 tuitione
2084 1573 2361 1606 sacr-rosanen-

160 1635 309 1677 matris
358 1634 539 1675 ecclesie
583 1639 697 1674 nona
738 1633 830 1673 sine
877 1632 1009 1673 multa
1049 1633 1437 1688 circumspectione
1482 1633 1709 1678 commisit,
1755 1639 1800 1674 ut
1844 1634 1944 1675 rex'’
1987 1635 2095 1675 filius
2140 1635 2278 1675 adhuc
2324 1636 2361 1675 in

161 1704 386 1747 cunabulis
416 1704 579 1759 positus
602 1707 796 1743 materno
820 1702 996 1742 minime
1021 1701 1211 1742 subsidio
1246 1702 1498 1756 privaretur,
1535 1708 1627 1742 setc
1649 1703 1808 1743 amisse
1833 1704 1979 1743 matris
2003 1704 2171 1747 solatia,
2197 1705 2364 1744 novim-

161 1771 409 1828 susceptad,
442 1785 545 1813 cura
578 1770 790 1812 salubrior
822 1774 941 1811 tanto
974 1770 1163 1811 firmius⁰
1197 1775 1515 1825 compensaret.
1550 1776 1708 1825 quanto
1734 1785 1810 1826 per
1835 1772 2100 1826 spiritualem
2126 1778 2167 1812 et
2192 1781 2359 1827 tempo-

161 1843 295 1885 ralem
328 1842 422 1883 eius
454 1841 691 1896 potentiam
725 1839 875 1895 pupilli
923 1844 1095 1894 poterat
1127 1838 1513 1894 indempnitatibus
1547 1839 1773 1894 provideri.
1835 1839 1901 1880 De
1936 1842 2057 1881 euius
2090 1842 2226 1881 tutela
2261 1842 2361 1881 livet

161 1916 309 1954 sancta
342 1910 469 1952 sedes
503 1909 739 1965 apostolica
772 1909 1106 1950 sollicitudinem
1141 1909 1303 1950 habere
1342 1909 1604 1950 laudabilem
1638 1909 1874 1956 debuisset,
1909 1925 1993 1951 non
2028 1916 2169 1951 tamen
2205 1911 2364 1966 pupillo

160 1981 297 2024 defuit
339 1980 392 2022 de
439 1978 648 2036 personas
691 1979 930 2034 periculum
980 1983 1022 2019 et
1067 1978 1119 2020 de
1162 1992 1294 2033 regno
1335 1992 1412 2019 suo
1454 1992 1539 2018 nou
1582 1978 1794 2019 modicum
1834 1978 2156 2020 detrimentum.
2219 1979 2274 2019 Et
2308 1994 2359 2019 nc

160 2049 386 2092 videamur
423 2048 620 2090 diffusius
661 2048 832 2102 cognita
868 2047 1100 2088 recitare&
1145 2048 1318 2088 omnino
1357 2048 1497 2102 patuit
1536 2047 1862 2088 invasionibus¹¹
1895 2053 1936 2088 et
1978 2048 2358 2089 destructionibusi

162 2133 343 2175 regnum
376 2121 584 2159 nostrum.
648 2116 704 2157 Et
737 2117 849 2157 sicut
880 2116 1001 2157 navis
1034 2116 1077 2156 in
1110 2120 1371 2171 tempestate
1405 2117 1496 2157 sinc
1529 2117 1712 2171 remige,
1747 2117 1807 2157 sic
1840 2116 2000 2171 absque
2034 2116 2362 2172 gubernatorisk

162 2188 371 2243 regimine
408 2186 631 2243 pupillaris
673 2185 893 2227 hereditas
925 2184 1150 2226 indefensa
1182 2186 1224 2226 in
1264 2189 1408 2241 partes
1441 2184 1625 2226 discissa
1658 2185 1737 2226 fuit
1784 2190 1826 2226 et
1859 2185 1911 2226 ab
1947 2186 2215 2226 inimicorum
2252 2200 2363 2225 mor-

164 2257 281 2298 sibus
323 2256 447 2312 quasi
489 2256 661 2311 penitus
705 2254 928 2310 dissipata.
1049 2253 1112 2309 (4)
1156 2254 1326 2296 Deinde
1368 2254 1499 2295 nobili
1542 2255 1631 2294 viro
1674 2255 1994 2309 consanguineo
2040 2254 2219 2305 nosti-0¹,
2265 2255 2364 2294 iicet

163 2326 458 2368 inimicissimo
491 2325 642 2366 domus
676 2328 838 2373 nostre,
873 2323 1077 2365 Ottoncm
1109 2323 1162 2365 de
1187 2324 1379 2365 Saxonia
1412 2324 1546 2364 multo
1572 2328 1637 2364 set
1667 2323 1858 2364 indebito
1881 2323 2030 2364 favore
2055 2323 2168 2363 sedis
2192 2328 2365 2377 aposto-

161 2395 260 2447 lice,
301 2408 510 2451 oppressa
550 2393 702 2450 pupilli
735 2393 925 2445 iusticia,
968 2393 1328 2448 qualitercunque
1362 2392 1414 2434 ad
1450 2392 1674 2448 imperiale
1715 2392 1935 2447 fastigium
1971 2393 2225 2442 sublimato,
2266 2391 2363 2431 dum

163 2465 412 2507 crederetur
452 2463 604 2520 pupilli
638 2467 777 2504 status
810 2462 1048 2503 vacillansn
1080 2477 1158 2517 per
1197 2462 1332 2518 ipsius
1373 2462 1611 2517 potentiam
1645 2462 1862 2503 totaliter⁰
1896 2461 2193 2517 perimendus,
2237 2461 2366 2514 quiav

163 2534 288 2576 aliter
319 2533 462 2584 homo,
495 2532 623 2574 aliter
650 2531 839 2572 iudicatq
860 2530 1001 2582 Deus,
1035 2530 1181 2572 divina
1213 2531 1535 2572 misericordias
1568 2530 1799 2572 humanam
1822 2531 2103 2571 intentionem
2130 2529 2365 2584 reprobans

164 2616 261 2644 cum
301 2602 436 2644 multa
479 2601 640 2657 pietate
682 2600 894 2656 permisit,
939 2604 983 2641 ut
1014 2599 1152 2641 dictus
1187 2600 1344 2641 nobilis
1379 2600 1724 2654 consanguineus
1759 2603 1923 2642 noster.
1969 2599 2071 2639 licet
2102 2603 2147 2638 ut
2179 2597 2365 2637 diximus

163 2670 519 2720 inimicissimus⁸,
552 2684 630 2726 per
663 2669 911 2724 superbiam
936 2674 1092 2710 cuncta
1115 2669 1375 2725 despiciens,
1410 2683 1492 2710 non
1518 2669 1656 2710 solum
1681 2673 1827 2709 contra
1850 2682 1925 2708 nos
1948 2668 2193 2707 inimicum2
2227 2680 2363 2707 suum.

165 2739 437 2781 commissum
461 2739 645 2781 ecclesie
668 2738 880 2794 pupillum
894 2745 926 2790 ¹²,
951 2743 1018 2780 set
1039 2739 1083 2779 in
1106 2739 1247 2794 ipsum
1270 2743 1456 2779 tutorem
1478 2743 1685 2789 nostrum,
1710 2752 1786 2793 per
1809 2750 1935 2792 quem
1959 2741 2186 2776 coronatus
2210 2736 2365 2776 fuerat.

163 2809 362 2864 nequiter
401 2808 681 2864 conspiravit,
714 2812 757 2848 et
787 2808 939 2849 maiori
972 2812 1093 2864 parte
1124 2808 1245 2863 regni
1277 2808 1411 2849 nostri
1443 2808 1528 2849 iam
1562 2821 1639 2862 per
1670 2807 1907 2848 incuriamV
1940 2805 2121 2846 desolati
2156 2819 2232 2860 per
2264 2819 2361 2845 con-

165 2882 333 2933 ceptam
371 2877 587 2918 maliciam
620 2883 850 2932 occupata,
885 2877 1026 2932 ipsam
1059 2876 1204 2918 sedem
1239 2877 1542 2932 apostolicam,
1582 2889 1662 2931 que
1696 2877 1834 2931 ipsum
1867 2880 2187 2930 promoveratw.
2221 2874 2365 2913 multis

167 2945 519 3000 persecutionum
552 2945 787 3000 generibus
830 2945 1138 2987 inclementerX
1170 2946 1408 3001 oppressit,
1452 2946 1508 2986 ita
1543 2944 1654 3000 quod
1698 2949 1798 2985 tunc
1832 2944 1973 2985 verius
2007 2957 2132 2997 quam
2166 2956 2276 2982 nunc
2311 2941 2364 2981 ab

305 3083 390 3118 116.
422 3083 456 3125 ¹¹)
481 3085 691 3117 vincentium
716 3082 749 3116 2.
889 3083 912 3127 i)
938 3084 1028 3116 unde
1053 3083 1093 3121 2;
1130 3094 1171 3116 ac
1195 3083 1225 3117 5.
1366 3082 1400 3125 k)
1428 3084 1480 3115 his
1505 3083 1536 3116 2.
1678 3081 1702 3123 ¹)
1730 3082 1919 3125 persecutio
1947 3081 1976 3113 l.
2125 3087 2168 3120 m)
2194 3080 2310 3112 fideles
2335 3078 2366 3110 4.

167 3139 201 3184 ¹¹)
225 3142 434 3175 concitarent
459 3141 489 3176 1.
515 3140 546 3174 4.
688 3140 720 3183 0)
749 3141 838 3174 deest
863 3140 895 3173 2.
1038 3142 1070 3181 Ρ)
1097 3152 1275 3184 personam
1301 3142 1333 3175 5.
1475 3142 1507 3181 (ι)
1534 3146 1565 3173 ct
1591 3152 1659 3172 acr.
1685 3139 1723 3175 3:
1756 3146 1788 3172 et
1812 3146 1910 3171 acute
1936 3139 1966 3170 5.
2085 3140 2111 3176 ι·)
2142 3138 2218 3179 quis
2244 3149 2310 3169 non
2337 3136 2367 3168 2.

168 3198 196 3239 ⁸)
222 3198 312 3232 deest
336 3198 374 3239 15
411 3199 467 3232 eui
493 3199 589 3232 velut
613 3197 643 3230 3.
784 3199 810 3241 t)
843 3199 930 3232 dom.
960 3205 1027 3242 pot.
1054 3200 1088 3231 in
1114 3200 1212 3232 terris
1236 3198 1268 3232 2.
1411 3204 1443 3239 u)
1471 3199 1639 3230 credimus
1667 3197 1701 3237 1;
1741 3197 1967 3229 concedamus
1995 3194 2027 3227 4.
2165 3199 2196 3235 V)
2223 3195 2311 3226 dees!
2336 3193 2366 3225 2.

168 3252 208 3297 Ψ)
233 3266 319 3298 quas
345 3255 375 3288 1.
400 3253 431 3288 ’2.
547 3256 582 3298 Χ)
608 3249 711 3297 quem
734 3256 899 3299 diligebat
924 3256 993 3288 des.
1014 3256 1043 3288 1.
1184 3258 1217 3297 y)
1243 3256 1333 3288 deest
1361 3255 1458 3287 1—4.
1577 3259 1604 3293 z)
1630 3263 1663 3286 ct
1690 3272 1730 3276 —
1757 3259 1974 3286 sacrosancte
1999 3252 2066 3284 des.
2086 3251 2117 3284 5.
2237 3254 2268 3290 a)
2296 3252 2366 3283 loco

169 3322 238 3344 non
261 3330 304 3335 —
329 3313 497 3346 commisit
520 3312 557 3345 5:
589 3313 733 3356 provida
757 3313 978 3356 dispositione
1002 3313 1138 3345 dimisit.
1281 3312 1313 3354 b)
1340 3324 1399 3346 rex
1428 3330 1466 3335 -
1495 3313 1623 3355 positus
1649 3311 1718 3343 des.
1738 3310 1769 3343 5.
1889 3315 1920 3351 ο)
1945 3322 2023 3342 cum
2049 3309 2080 3341 4.
2199 3307 2231 3349 d)
2257 3309 2303 3340 sic
2328 3307 2367 3347 33

169 3375 323 3412 suscepte
347 3369 379 3402 1.
403 3369 436 3402 2.
460 3369 499 3411 43
525 3371 701 3403 subtracta
726 3369 757 3403 5.
899 3373 930 3412 Θ)
955 3371 1083 3403 firmior
1107 3369 1138 3402 2.
1279 3368 1309 3412 f)
1336 3375 1432 3412 patre
1456 3370 1493 3406 5;
1520 3370 1560 3402 de
1586 3379 1731 3411 persona
1757 3367 1824 3400 cles.
1843 3366 1875 3399 3.
2017 3372 2050 3407 Β)
2076 3372 2254 3398 retractare
2280 3364 2311 3397 ⁶2.
2337 3364 2367 3396 3.

169 3421 202 3467 h)
224 3426 436 3460 invasoribus
460 3426 573 3460 2—5.
703 3426 727 3470 i)
753 3428 1022 3460 destructoribus
1048 3426 1078 3460 3.
1105 3426 1143 3468 4;
1181 3427 1429 3459 detractoribus
1454 3426 1491 3464 2;
1518 3432 1551 3458 et
1576 3426 1676 3458 destr.
1703 3425 1771 3457 des.
1790 3424 1822 3456 5.
1951 3421 1985 3458 k,
2011 3423 2269 3466 gubernationis
2290 3421 2317 3453 1.
2337 3422 2367 3453 3.

170 3478 196 3523 1)
220 3483 309 3516 deest
325 3482 356 3516 2.
374 3483 406 3517 3.
424 3483 461 3525 53
487 3496 580 3517 cons.
606 3490 720 3518 nostro
745 3485 814 3517 des.
832 3483 863 3517 4.
958 3487 1002 3526 ¹¹¹)
1029 3486 1067 3517 O.
1095 3484 1130 3523 1;
1156 3485 1287 3516 Oddoni
1306 3482 1338 3516 2.
1358 3483 1398 3522 ὃς
1425 3484 1564 3516 Oddone
1582 3482 1614 3515 4.
1708 3481 1742 3524 n)
1770 3482 1958 3514 vacillantis
1978 3480 2007 3513 1.
2026 3479 2058 3513 4.
2077 3479 2108 3511 ἴ).
2205 3483 2236 3519 0)
2262 3479 2367 3521 ipsius

170 3549 348 3581 personam
372 3542 473 3574 facile
497 3540 529 3574 3.
669 3542 702 3579 P)
729 3542 787 3574 sed
812 3543 895 3584 quia
920 3541 952 3574 3.
1086 3541 1119 3584 (1)
1145 3542 1237 3574 videt
1261 3540 1383 3574 2—5.
1501 3542 1529 3581 Υ)
1556 3540 1724 3572 miseratio
1750 3537 1781 3571 4.
1808 3538 1844 3576 53
1880 3538 2090 3570 miseratione
2116 3536 2146 3568 ·2.
2255 3542 2280 3574 Β)
2309 3535 2367 3566 ἰιιῑ-

171 3596 277 3630 micus
302 3598 331 3631 1.
356 3597 388 3631 3.
412 3597 445 3631 4.
470 3598 501 3632 5.
596 3600 622 3640 t)
648 3601 825 3632 inimicum
851 3618 892 3623 —-
919 3600 1087 3643 pupillum
1113 3600 1180 3633 des.
1199 3599 1231 3632 3.
1336 3600 1370 3640 ιι)
1397 3599 1487 3631 deest
1510 3596 1542 3630 2.
1568 3596 1600 3630 4.
1625 3597 1656 3629 5.
1753 3596 1784 3638 v)
1814 3596 1937 3627 iniuria
1962 3593 2001 3631 2;
2026 3594 2141 3625 inania
2167 3592 2206 3631 33
2233 3603 2309 3623 eum
2337 3591 2368 3623 5.

171 3651 212 3696 W)
235 3656 403 3697 promovit
425 3654 458 3689 2.
575 3660 609 3697 Χ)
635 3657 854 3689 vehementer
877 3655 909 3689 5.
