2558 3970
154 199 234 238 532
399 192 705 235 QI‘ERIMONIA
733 190 929 225 CONTRA
957 189 1329 224 ALIENATIONEM
1356 188 1737 224 EPISCOPATUUM.
1787 190 1884 224 1252.
1934 190 1996 225 Nr.
2013 190 2092 225 460.

156 311 321 351 nobiles
356 308 569 363 principes
601 306 868 346 marchiones
892 304 1349 359 Bralidcnburgenses,
1382 304 1537 359 quibus
1571 304 1683 345 idem
1707 319 1785 345 rex
1810 305 2029 347 civitatem
2053 306 2339 348 Lubieensem

153 379 308 419 dieitur
341 376 625 418 concessisse,
659 375 767 416 sicut
800 389 876 430 per
904 375 1068 415 litteras
1102 373 1293 414 eiusdem
1326 373 1441 426 regis
1474 377 1676 427 patentes
1710 373 1831 414 vobis
1866 378 1908 415 et
1939 374 2045 429 ipsis
2068 375 2226 429 poterit
2247 375 2340 417 fieri

153 448 277 502 plena
318 445 444 487 tides.
495 443 546 484 ad
589 443 731 484 onmia
770 443 861 483 iura
913 442 1079 497 imperii
1121 441 1330 497 recipiant
1369 455 1417 482 ac
1458 440 1597 482 eidem
1637 444 1856 496 tamquam
1898 442 1990 497 regi
2025 442 2077 484 de
2117 443 2339 498 premissis

154 514 470 569 respondeanta
505 517 546 553 et
578 512 817 553 intendant.
869 511 1072 566 Alioquin
1103 515 1263 551 extunc
1297 509 1473 551 eosdem
1507 510 1622 551 cives
1646 511 2032 552 excommunicetis
2056 515 2099 552 et
2122 511 2340 553 civitatem

153 581 332 622 eandem
368 581 619 636 subponatis
657 580 912 621 auctoritate
955 582 1100 620 nostra
1132 578 1326 619 districto
1362 578 1658 620 ecclesiastico
1691 579 1941 631 interdicte,
1987 580 2047 621 ita
2079 580 2192 635 quod
2224 581 2343 622 nulla
2398 592 2412 615 5

152 650 386 691 exhibeant
425 654 694 691 sacramenta
732 650 773 690 in
807 663 857 690 ea
897 653 1042 704 preter
1074 648 1277 689 viaticum
1311 651 1354 688 et
1385 647 1619 702 baptisma;
1653 647 1966 689 denunciantes
1999 648 2111 704 quod
2143 663 2221 690 nos
2255 649 2341 690 iam

151 720 512 773 processissemus
546 718 693 759 durius
726 723 873 760 contra
904 719 1037 773 ipsos,
1070 717 1149 758 nisi
1182 716 1362 772 predicti
1386 716 1658 758 marchiones
1683 730 1760 758 nos
1790 731 1919 772 super
1950 718 2030 759 hoc
2054 719 2340 773 rogavissent.

296 787 455 828 Datum
497 788 769 838 Bruneswic,
803 787 927 828 VIII.
967 786 1064 827 Kal.
1097 786 1247 841 April„
1291 785 1566 841 pontificatus
1609 785 1770 827 domini
1802 786 2054 828 Innocencii
2087 801 2198 843 pape
2230 786 2334 829 IIII.

151 870 260 896 anno
294 870 418 898 none.

796 1208 929 1277 460.
986 1205 1698 1293 QUERIMONIA
2379 1229 2412 1253 ¹⁰

150 1320 873 1393 EPISOOPORUM
915 1320 1558 1403 LUBICENSIS,
1604 1318 2340 1402 SWERINENSIS,

149 1435 1025 1508 RACEBURGENSIS
1071 1436 1491 1507 CONTRA
1534 1434 2343 1507 ALIENATIONEM

802 1551 1675 1623 EPISOOPATUUM.

1111 1688 1254 1736 12592.
1288 1689 1395 1736 Iun.

291 1821 379 1863 Hoc
410 1823 620 1873 seriptum,
652 1821 792 1862 curam
822 1821 1191 1873 anccflurtsmae
1220 1821 1431 1863 Wilhclmz'
1460 1823 1567 1874 reyt's
1597 1836 1638 1862 a.
1664 1823 1777 1864 1252
1806 1835 1941 1863 ‘mense
1973 1822 2086 1864 Iulio
2117 1821 2340 1863 celebratae
2377 1833 2409 1858 15

151 1891 346 1931 nimirum
370 1893 696 1943 praesentatum,
730 1905 780 1931 cx
810 1891 1065 1943 aectogyrapho
1098 1891 1141 1931 in
1164 1891 1373 1932 tabulario
1399 1890 1726 1944 Oldmzburqensc‘
1747 1893 1961 1933 asservato
1982 1890 2111 1931 edidit
2131 1889 2341 1931 Leverkus

148 1959 494 2001 ‘Frkumlcnbzecle
528 1959 598 2000 (les
628 1959 847 2001 Bistleccms
879 1960 1053 2001 Le'ibeck'
1087 1961 1122 2010 Ι,
1146 1962 1229 2000 103
1259 1974 1325 2002 nr.
1350 1962 1434 2001 112
1463 1966 1536 2013 (Ξ
1562 1960 1968 2013 liselclcnbzcrfflfsches
2008 1958 2342 2002 Urlczmdenbuch

149 2029 213 2078 ΙΙ,
234 2032 291 2069 22
321 2043 384 2070 nr.
404 2030 517 2082 695).
567 2028 773 2079 Responsi
796 2029 912 2082 repis,
943 2029 1051 2080 qetocl
1073 2029 1280 2082 legebatur
1303 2029 1346 2068 in
1372 2029 1561 2081 chistro
1582 2030 1770 2071 ecclcsiae
1793 2029 2075 2072 Secerimmsis
2097 2042 2199 2069 saec.
2212 2027 2290 2069 XI
2294 2026 2340 2068 V.

152 2099 232 2137 lam
265 2098 361 2137 olim
392 2096 616 2151 deperdito,
656 2099 929 2138 smmna‘rium
962 2100 1123 2138 temtum
1153 2098 1333 2138 servavit
1363 2098 1490 2138 index
1521 2099 1676 2139 saecula·
1697 2099 1854 2148 XVII,
1897 2101 1943 2138 ut
1980 2100 2187 2138 testantur
2216 2096 2344 2138 Lisch

154 2166 547 2218 fllclclcnbzc›·fye'schc
577 2166 816 2208 Urlcumlcn'
850 2167 942 2216 III,
967 2169 1048 2206 101
1080 2170 1117 2207 ct
1147 2167 1566 2220 ‘Mcklenburyelsclaes
1604 2167 1950 2209 Urlcundcwbuch’
1982 2167 2045 2217 II,
2066 2168 2124 2208 23
2153 2179 2219 2206 nr.
2244 2167 2338 2216 696,
2377 2185 2411 2209 20

149 2235 214 2275 leis
248 2235 398 2275 verbis:
431 2236 653 2276 Wilhelmi
690 2236 801 2290 regis
824 2236 1115 2277 Romanorum
1149 2237 1321 2277 litterae
1355 2236 1407 2277 ad
1442 2236 1815 2292 archiepiscopum
1838 2237 2160 2287 Liuoniensem,
2194 2235 2341 2276 Lube-

151 2318 337 2355 oensem.
370 2304 794 2359 Ratzheburgensem
821 2309 863 2345 et
887 2305 1205 2346 Swerinensem
1235 2306 1460 2360 episcopos
1485 2309 1800 2360 conquerentes
1824 2305 1877 2347 de
1899 2305 1952 2347 N.
1978 2305 2097 2346 ducis
2123 2304 2341 2346 Saxoniae

149 2373 319 2414 iniuria.
360 2387 443 2427 qua
474 2373 578 2414 velit
614 2374 729 2428 ipsos
771 2388 796 2414 a
828 2387 874 2413 se
914 2378 1061 2428 petere
1100 2374 1264 2428 regalia
1298 2387 1373 2414 seu
1406 2375 1686 2429 temporalia,
1731 2375 1812 2415 hoe
1845 2379 1910 2415 est
1942 2374 2107 2415 habere
2139 2374 2206 2415 ius
2240 2387 2340 2414 eon-

149 2442 313 2482 ferendi
355 2443 628 2498 episcopatus
670 2457 745 2497 pro
786 2443 975 2483 arbitrio.
1038 2443 1253 2496 (Bdltmcr,
1295 2442 1394 2495 Req,
1426 2443 1525 2494 imp.
1552 2442 1597 2493 V,
1617 2444 1764 2492 5106.)
1796 2469 1851 2472 —
1882 2442 2076 2492 ΒόῘιηιεν,
2108 2442 2210 2495 Rey.
2242 2442 2338 2494 imp.

154 2510 194 2559 1⁷,
219 2513 369 2552 11637.
1962 2510 2033 2564 (P.
2055 2511 2197 2562 deest.)
2375 2527 2408 2552 25

294 2613 520 2655 Universis
553 2613 819 2669 principibus
850 2614 1088 2656 illustribus
1120 2614 1306 2656 Romani
1340 2615 1508 2671 imperii
1543 2615 1656 2671 apud
1690 2629 1836 2669 regem
1870 2615 1912 2655 in
1946 2615 2063 2656 curia
2096 2615 2338 2656 constitutis

150 2683 225 2724 A.1
259 2683 534 2724 miseracione
567 2683 710 2724 divina
750 2684 1095 2739 archiepiscopus
1129 2684 1324 2738 Lyuonie
1358 2689 1400 2725 et
1432 2684 1580 2725 Prutie
1620 2684 1815 2725 minister
1845 2684 2031 2725 ecclesie
2067 2683 2338 2736 Lubieensis,

150 2750 223 2792 Its-³
257 2752 532 2792 Zuerinensis
566 2757 608 2793 et
638 2752 708 2793 F.³¹
740 2753 1090 2808 Raeeburgensis
1124 2754 1313 2808 episcopi
1346 2754 1544 2804 salutem,
1578 2754 1793 2795 orationes
1826 2758 1869 2795 et
1903 2753 2173 2808 obsequium.

292 2820 486 2862 Ecclesia
527 2821 608 2862 Dei
649 2836 798 2876 regum
841 2823 999 2863 lactata
1038 2823 1242 2863 mamillis
1284 2827 1504 2878 prestante
1537 2823 1721 2864 Domino
1766 2823 2082 2864 incrementum
2113 2823 2199 2863 iam
2231 2821 2339 2863 adeo

151 2898 215 2929 est
248 2889 395 2929 adulta
427 2904 475 2930 ac
508 2890 559 2931 de
592 2891 732 2944 prisce
765 2891 1087 2932 consuetudinis
1121 2892 1330 2933 servitute
1363 2893 1405 2932 in
1438 2892 1687 2933 libertatem
1711 2892 1838 2933 sortis
1862 2892 2051 2932 filiorum
2075 2891 2159 2933 Dei
2182 2891 2337 2932 divinis
2376 2901 2410 2926 3⁰

151 2959 395 3013 mancipata
427 2960 653 3013 preceptis‚
687 2964 732 2999 ut
764 2960 817 3011 ei,
852 2975 933 3015 que
967 2974 1135 3001 sursum
1159 2965 1225 3001 est
1248 2961 1397 3012 libera,
1429 2961 1526 3001 hica
1548 2962 1733 3002 militans
1764 2975 1839 3016 pro
1862 2961 2063 3001 libertate
2087 2960 2260 3015 spiritus
2285 2959 2340 3000 sit

151 3026 391 3070 conformis.
415 3027 528 3068 unde
551 3028 591 3067 in
617 3029 866 3069 servitutem
890 3028 1157 3083 degenerare
1181 3044 1265 3070 non
1289 3029 1433 3081 debet,
1458 3029 1802 3085 quandoquidem
1826 3030 2026 3085 princeps
2049 3043 2200 3083 regum
2226 3033 2338 3070 terre

152 3109 244 3134 eam
280 3095 360 3135 sibi
393 3095 668 3150 desponsavit
700 3111 782 3137 non
815 3097 1045 3138 habentem
1068 3098 1282 3138 maculam
1307 3112 1445 3153 neque
1471 3112 1620 3154 rugam
1636 3099 1664 3142 4.
1717 3098 1907 3139 Videant
1929 3111 2032 3152 ergo
2057 3097 2169 3138 oculi
2193 3097 2338 3147 vestri,

151 3163 363 3217 principes
383 3164 658 3215 serenissimi,
682 3166 866 3219 qualiter
887 3166 1098 3207 sustinere
1120 3180 1347 3221 possemus
1367 3172 1410 3208 et
1428 3168 1756 3209 conniventibus
1777 3167 1911 3208 oculis
1930 3166 2203 3221 pertransire,
2225 3166 2339 3221 quod

151 3245 243 3271 nos.
277 3245 451 3285 quorum
486 3238 783 3275 antecessores
817 3234 1049 3275 inmediate
1084 3235 1162 3275 sub
1194 3235 1413 3290 inperialis
1438 3236 1635 3277 culminis
1670 3237 1895 3277 maiestate
1919 3235 2102 3276 militare
2125 3235 2336 3286 solebant,
2374 3244 2406 3270 3⁵

152 3301 204 3340 ob
238 3301 313 3340 hoc
347 3301 447 3341 dieti
482 3304 695 3358 principes
729 3305 996 3359 populorum,
1032 3305 1185 3345 minori
1217 3304 1404 3345 dominio
1428 3304 1728 3351 subderemur3
1763 3304 1875 3359 quod
1898 3309 2014 3345 esset
2036 3304 2184 3358 procul
2207 3303 2335 3344 dubio

152 3369 355 3409 ecelesias
395 3371 612 3413 ancillare.
675 3372 797 3413 Oculi
833 3373 963 3413 vestri
996 3372 1170 3413 videant
1202 3373 1460 3427 equitatem,
1505 3373 1540 3414 si
1573 3373 1696 3414 nobis
1731 3375 1774 3413 et
1806 3372 2005 3413 ecelesiis
2039 3372 2196 3413 nostris
2227 3372 2333 3413 irre-

152 3437 319 3491 quisitis
352 3437 545 3479 dominus
579 3454 655 3480 rex
688 3441 875 3481 dominio
908 3441 1027 3481 ducis
1061 3440 1280 3483 Saxonie⁵
1312 3456 1390 3482 nos
1425 3441 1621 3483 subicere
1654 3441 1862 3497 potuerit,
1907 3441 2026 3481 salva
2057 3440 2334 3482 ecelesiarum

291 3538 376 3573 459.
403 3545 433 3580 ³)
460 3541 508 3572 his
532 3542 703 3584 scriplum,
727 3544 785 3576 sed
810 3544 953 3577 deletum
979 3557 1027 3577 or.

288 3605 376 3641 460.
412 3614 442 3649 ὃ]
469 3610 529 3641 hee
554 3611 629 3642 edd.
2373 3619 2406 3644 4ο

294 3698 328 3741 1)
359 3698 534 3731 Αῖὺενῄιε.
652 3701 685 3742 2)
715 3699 902 3742 liudolfus.
1020 3703 1054 3744 3)
1085 3701 1300 3737 Frizlerz'cus.
1417 3702 1453 3746 4)
1479 3702 1607 3747 Ephe&
1627 3708 1657 3746 5,
1674 3706 1726 3737 27.
1842 3702 1878 3748 ὃ)
1904 3702 2051 3737 Alberti.
