2558 3970
123 951 156 975 10

123 1644 157 1669 20

123 1990 156 2016 25

922 195 1012 229 PAX
1043 195 1314 230 BAWAIHCA.
1366 197 1464 232 1244.
1516 198 1674 233 N1·.4·.›7.
2320 203 2401 242 579

193 307 470 360 militaribus,
513 310 548 350 si
582 315 646 351 est
677 310 730 351 (le
761 323 922 364 genere
954 311 1148 358 militari,
1184 313 1249 352 vel
1284 326 1379 353 eum
1413 314 1662 358 rusticanis.
1706 315 1740 354 si
1786 318 1852 354 est
1884 314 1937 354 (le
1970 328 2130 368 genere
2167 316 2399 358 rusticano,

194 378 265 419 ille
305 377 475 418 infamis
521 382 563 419 et
605 379 737 420 exlex
778 379 1052 430 iudicabitur⁷
1097 385 1140 420 et
1183 388 1337 422 erunt³
1380 382 1452 422 filii
1486 383 1553 424 sui
1599 383 1829 438 liarpfani¹
1865 389 1908 424 et
1941 397 2050 424 uxor
2083 397 2159 424 sua
2194 384 2324 425 vidua
2359 390 2402 425 et

194 446 321 488 feoda
352 446 580 489 vacabunt.

337 517 403 557 87.
436 516 778 564 (83.Lxxl11.1.)2
811 515 894 563 Qui
928 516 1085 558 raisam
1119 517 1392 559 manifestam
1428 519 1580 560 fecerit
1614 520 1653 560 in
1687 520 1900 574 provintia
1934 525 2085 561 contra
2119 521 2307 575 aliquem
2332 523 2400 576 qui
2441 533 2524 553 ⁴2²⁰-

140 599 155 622 5
194 598 345 640 pacem
379 598 553 626 servare
587 586 755 635 iuravit,
789 583 941 626 auctor
972 586 1083 626 raisc
1117 586 1258 640 capite
1292 587 1516 641 plectatur.
1641 594 1884 635 (Lxxlllffl.)
1925 590 1968 629 Si
2004 604 2102 629 vero
2146 595 2270 631 extra
2303 605 2400 645 pro-

195 654 370 695 vintiam
410 655 572 696 raisare
605 655 789 695 voluerit
830 658 873 695 et
914 655 1130 695 transiens
1171 656 1358 709 aliquem
1405 656 1778 711 dampnificaverit
1811 663 1854 698 et
1899 659 2007 698 infra
2046 658 2098 699 v}
2138 660 2400 713 septimanas

192 737 322 778 passo
355 736 440 764 non
474 723 749 775 satisfecerit,
784 722 1022 765 secundum
1056 723 1184 764 trium
1219 726 1531 778 personarum''
1566 727 1853 767 iuramentum
1888 726 1940 767 (lc
1967 728 2125 768 violata
2161 743 2265 782 pace
2299 743 2400 769 von-

192 793 390 834 veniatur
422 796 465 833 et
496 791 712 834 iudicetur
743 796 811 833 ctc
843 806 973 847 passo
1007 791 1184 847 duplum
1222 794 1433 834 restituat.

338 862 406 903 88.
439 866 509 910 (84.
530 865 752 910 LXXIV.1.)
789 860 833 902 Si
866 861 960 916 quis
993 861 1249 916 spoliaverit
1272 862 1459 917 aliquem
1495 864 1587 904 sine
1611 863 1893 909 diffidatione,
1927 865 2041 919 quod
2066 865 2218 906 (licitur
2243 866 2394 906 wider·
2485 880 2521 902 :fu

194 944 349 986 sagen,
382 929 537 986 quem‘¹
571 930 683 971 bene
717 930 939 979 salutavit,
978 935 1022 971 et
1055 944 1152 970 cum
1185 931 1322 971 tribus
1355 932 1541 972 testibus
1576 933 1657 973 sibi
1692 933 1906 973 adiunctis
1939 948 1984 973 sc
2020 948 2101 974 non
2138 935 2292 988 poterit
2324 948 2400 974 ex-

191 1012 391 1053 purgare,
422 1013 552 1040 manu
583 999 807 1040 mutiletur
839 1003 882 1039 et
913 998 1145 1054 dampnum
1181 1000 1310 1054 triplo
1335 1001 1545 1042 restituat.
1639 1006 1883 1047 <1,xxlv.2.)
1922 1002 1976 1043 Et
1999 1004 2070 1057 qui
2097 1004 2264 1058 impetit
2288 1018 2401 1049 cuni,

193 1068 325 1110 debet
358 1069 599 1110 iuramento
632 1068 832 1124 probare,
867 1068 981 1124 quod
1014 1082 1098 1109 non
1131 1069 1172 1109 in
1207 1083 1379 1120 vanum,
1416 1070 1496 1111 hoc
1528 1075 1595 1111 est
1627 1072 1884 1120 mutwillen,
1917 1073 2087 1127 impetit
2121 1087 2233 1113 eum.

336 1139 403 1179 89.
437 1143 507 1186 (δι’).
526 1142 685 1186 LXXV.)
721 1137 859 1178 Itcm³
892 1139 962 1193 qui
996 1137 1164 1179 diffidat
1195 1138 1346 1189 alium,
1385 1139 1498 1194 quod
1532 1139 1690 1181 dicitur
1722 1140 2008 1186 widerbotes,
2046 1142 2156 1182 infra
2189 1147 2275 1181 tres
2307 1141 2401 1181 dies
2440 1158 2522 1180 1:3⁸3.

192 1221 275 1249 ηοη
308 1206 484 1248 invadet
516 1221 635 1252 eum;
668 1206 860 1262 alioquin
894 1207 1012 1262 pacis
1047 1208 1128 1249 erit
1159 1208 1363 1255 violator;
1398 1213 1440 1249 et
1473 1223 1495 1250 e
1531 1223 1754 1251 converse.

337 1278 405 1319 90,
437 1280 507 1325 (86.
527 1280 704 1323 LXXVI.)
739 1275 852 1317 Item
883 1276 1145 1332 ubicumque
1177 1277 1378 1319 inventus
1411 1278 1541 1319 fuerit
1574 1279 1890 1330 incendiarius,
1930 1280 1964 1320 si
1997 1280 2093 1334 quis
2127 1293 2225 1321 eum
2260 1284 2404 1320 servat

192 1347 261 1388 vel
294 1346 462 1387 detinet
493 1359 519 1387 a
550 1345 723 1397 iudicio,
756 1359 867 1401 pene
900 1345 1153 1387 incendiarii
1185 1347 1445 1389 subiacebit.

2441 1293 2524 1315 1:131.

336 1417 405 1456 91.
439 1420 506 1462 (87.
526 1418 720 1461 LXXVII.)
757 1414 868 1456 Item
902 1415 973 1470 qui
1007 1415 1183 1457 abducit
1215 1429 1372 1472 equum
1401 1417 1596 1467 alicuius,
1631 1418 1673 1458 in
1706 1418 2014 1472 cuiuscumque
2037 1417 2165 1458 domo
2200 1417 2398 1458 inventus
2438 1429 2521 1452 ικῖῑ..

193 1484 336 1536 fuerit,
371 1498 529 1539 equum
561 1484 763 1526 restituet
795 1484 864 1526 vel
898 1485 1088 1526 valorem
1121 1484 1263 1533 dabit;
1298 1486 1490 1541 alioquin
1525 1500 1677 1541 pacem
1712 1487 1858 1528 violat.

338 1555 404 1596 92.
439 1558 507 1602 (88.
528 1557 742 1603 LXXVIII.)
777 1552 862 1600 Qui
905 1553 958 1595 de
999 1558 1126 1596 nocte
1168 1554 1346 1596 abducit
1386 1555 1505 1610 ligna
1546 1555 1599 1596 de
1643 1556 1752 1596 silva
1794 1556 1976 1596 alicuius
2009 1556 2102 1597 vel⁰
2135 1556 2187 1596 de
2229 1556 2402 1596 forestis

193 1624 436 1681 principum
470 1623 682 1664 violenter
714 1623 884 1678 accipit,
916 1637 1068 1679 pacem
1101 1624 1292 1666 violavit.
1357 1624 1440 1672 Qui
1474 1638 1576 1666 vero
1602 1625 1815 1666 violenter
1839 1625 2073 1666 abduxerit
2106 1625 2146 1665 in
2182 1625 2404 1681 presentia

192 1693 384 1735 custodis
416 1693 552 1748 ipsius
585 1692 707 1743 silve,
741 1692 1015 1748 quintuplum
1049 1693 1263 1734 restituet.
1327 1693 1374 1734 Si
1396 1707 1500 1735 vero
1526 1693 1693 1735 secreto
1721 1693 1966 1745 abduxerit,
2001 1698 2043 1735 ct
2075 1698 2228 1749 postea
2252 1694 2399 1747 cogni-

191 1768 281 1805 tum
313 1762 458 1814 fuerit,
490 1760 620 1816 duplo
652 1761 857 1804 restituet
889 1761 1063 1803 domino
1097 1762 1219 1803 silve.

335 1832 404 1873 93.
438 1835 507 1879 (89.
526 1834 704 1878 LXXIX.)
740 1830 1011 1885 Quicumque
1045 1831 1234 1886 portavit
1266 1831 1512 1873 cultellums
1543 1836 1728 1884 secreto,
1762 1847 1893 1874 manu
1926 1833 2163 1873 mutiletur.

338 1902 405 1942 94.
437 1906 507 1949 (90.
523 1905 666 1947 LXXX,
682 1906 727 1949 1.)
762 1900 874 1942 Item
907 1901 1070 1956 siquisss
1102 1899 1269 1942 deferat
1292 1901 1547 1942 cultellu1n¹¹
1580 1902 1622 1942 in
1656 1901 1845 1957 hospitio
1870 1902 1937 1943 vel
1961 1902 2003 1942 in
2027 1902 2215 1953 civitate,
2248 1899 2402 1955 perdat

195 1971 417 2013 cultellum
457 1974 501 2012 et
541 1971 754 2012 talentum
797 1970 938 2011 solvat
980 1969 1111 2011 iudici
1149 1971 1218 2012 vel
1263 1970 1554 2023 marschalco,
1600 1971 1684 2012 nisi
1728 1970 1889 2012 domini
1931 1971 2051 2012 ducis
2096 1970 2273 2011 licentia
2312 1970 2401 2011 fiat.

194 2044 354 2090 (LXXX,
371 2045 418 2087 2.)
445 2039 504 2081 Et
534 2039 616 2081 hec
647 2053 762 2095 pena
792 2039 835 2080 in
866 2039 978 2081 festo
1010 2038 1130 2081 beati
1161 2038 1342 2081 Martini
1373 2039 1618 2081 inchoetur.

338 2112 406 2151 95.
441 2114 509 2157 (91.
524 2113 686 2154 LXXXI,
703 2113 750 2156 1.)
783 2108 836 2150 In
869 2109 1064 2164 qualibet
1095 2109 1296 2161 cometia,
1329 2109 1403 2150 ubi
1436 2109 1648 2151 deffectus
1681 2109 1810 2152 fuerit
1841 2110 2076 2152 liberorum
2109 2108 2181 2164 qui
2204 2108 2405 2149 dicuntur

195 2178 420 2235 schepfen‚
444 2177 661 2232 eligantur
684 2181 871 2232 quatuor
893 2178 1100 2220 meliores
1127 2182 1170 2219 et
1192 2177 1468 2220 discretiores
1493 2192 1518 2219 a
1547 2177 1689 2220 iudice
1712 2179 1782 2220 vel
1805 2179 1972 2220 comite.
2058 2182 2296 2225 (LXXXI,2.)
2324 2176 2406 2224 Qui

193 2249 288 2290 loco
320 2246 530 2302 schepfen
562 2245 616 2288 de
639 2246 837 2288 omnibus
861 2247 1148 2289 testificentur
1179 2251 1325 2303 preter
1347 2246 1703 2302 dampnationem
1737 2262 1934 2304 persone,
1969 2261 2097 2303 quam
2120 2246 2405 2288 sententiabit

124 2340 158 2365 30
194 2332 340 2375 preco,
453 2320 631 2366 (LXXXI,
646 2321 692 2366 3.)
726 2315 783 2357 Et
815 2316 887 2372 qui
921 2316 975 2357 ad
1007 2316 1088 2358 hoc
1121 2316 1288 2358 electus
1320 2316 1525 2369 renuerit,
1559 2316 1645 2357 XX
1678 2317 1809 2359 libras
1842 2317 1940 2358 duci
1974 2316 2129 2357 solvat.

127 3042 160 3068 35

337 2388 405 2428 96.
440 2391 508 2434 (92.
527 2390 724 2435 LXXXII.)
759 2385 844 2433 Qui
876 2385 1054 2428 abducit
1085 2400 1268 2427 uxorem
1300 2386 1494 2436 alterius,
1527 2386 1653 2427 vivus
1686 2387 1937 2443 sepeliatur.

337 2458 406 2500 97.
441 2461 509 2505 (93.
530 2461 744 2503 LXXXIII.)
781 2454 826 2496 Si
859 2455 954 2511 quis
998 2456 1268 2511 proscriptus
1301 2455 1370 2497 vel
1417 2456 1809 2498 exconmunicatus
1851 2455 1983 2497 debet
2027 2468 2125 2496 esse
2159 2467 2302 2508 gewer
2335 2453 2402 2494 vel
2443 2473 2467 2490 ··.
2504 2468 2528 2490 κ.

193 2527 315 2567 testis
348 2526 401 2567 de
434 2528 714 2582 proprietate,
747 2524 810 2565 illi
843 2524 969 2565 detur
1001 2525 1212 2566 securitas
1247 2529 1290 2566 et
1322 2539 1409 2580 pax
1443 2524 1495 2566 ad
1530 2524 1675 2566 locum
1707 2530 1750 2566 et
1782 2526 1836 2567 de
1872 2526 1977 2566 loco.

196 2889 313 2959 4528
329 2936 368 2941 -
383 2889 518 2959 437.
561 2886 691 2959 CO
706 2886 775 2958 N
790 2885 982 2958 FOE
992 2885 1129 2957 DE
1142 2884 1459 2958 RATIO
1504 2884 1802 2959 PAOIS
1847 2883 2074 2955 RHE
2089 2882 2407 2954 NANA.

1138 3012 1268 3059 1254
1283 3038 1327 3043 —
1349 3012 1492 3059 1256.

457 3144 562 3187 428.
600 3144 875 3187 RELATIO
905 3144 996 3186 DE
1027 3144 1472 3188 OONVENTIBUS
1505 3142 2142 3187 CONFOEDERATIONIS.

2441 1574 2464 1589 ε’.
2482 1569 2524 1591 (15.

2440 1846 2466 1862 ε’.
2481 1842 2522 1864 G'J.

2440 1914 2464 1932 c.
2481 1910 2523 1934 69.

2431 2055 2503 2082 Nov.
2524 2058 2549 2081 11

2441 2127 2466 2144 ν,
2484 2122 2526 2144 70.

2443 2403 2468 2419 (¹.
2485 2398 2528 2422 71.

343 3226 434 3268 Hoc
464 3226 677 3278 scriptmn,
709 3226 819 3279 qnod
848 3226 937 3279 ayit
957 3225 1005 3267 de
1027 3226 1293 3268 conventibus
1315 3226 1689 3279 confoederationis
1710 3226 1842 3267 decom
1863 3224 1981 3264 intra
2011 3223 2197 3275 spatium
2217 3237 2256 3264 α.
2283 3222 2408 3263 1254.

197 3296 282 3338 Iul.
305 3298 361 3337 13
389 3309 519 3349 usque
549 3295 606 3337 ad
633 3309 672 3337 α.
696 3296 822 3337 1256.
855 3295 965 3349 Any.
983 3295 1036 3335 15
1068 3295 1284 3337 celebratis
1320 3297 1358 3336 et
1395 3296 1569 3348 insuper
1609 3295 1782 3336 nomina
1824 3293 2085 3334 dominorum
2127 3293 2164 3331 et
2195 3290 2409 3332 civitatum

335 3398 422 3434 427.
447 3399 479 3439 ²)
498 3411 568 3442 pro
594 3404 695 3433 erunt
720 3417 762 3422 -
788 3400 948 3442 harpfani
968 3399 1070 3441 prius
1093 3400 1257 3443 scriplum
1282 3405 1356 3433 erat
1388 3404 1570 3442 ponetur
1595 3399 1778 3442 exleges
1804 3397 1985 3430 heredes
2011 3408 2038 3428 c.
2157 3393 2190 3436 b)
2210 3406 2281 3436 pro
2307 3395 2409 3427 trium

130 3477 166 3502 40
201 3468 424 3502 personarum
446 3458 546 3500 prius
569 3458 730 3499 scriptum
754 3462 828 3489 erat
851 3457 1074 3500 proprium
1099 3468 1126 3490 c.
1238 3456 1267 3498 ⁰)
1294 3463 1397 3490 et—
1420 3458 1579 3490 restituat
1604 3457 1674 3489 αἰίο
1700 3460 1890 3488 atramento
1916 3454 1975 3487 secl
1999 3454 2116 3486 eadem
2141 3465 2249 3486 manu
2275 3452 2357 3485 add.
2385 3463 2411 3483 c.

200 3513 234 3558 d)
264 3526 365 3558 quem
390 3533 432 3537 -—
458 3515 623 3548 salutavit
652 3514 770 3547 eadem
801 3525 907 3546 manu
938 3525 1046 3556 supra
1077 3514 1136 3548 lin.
1164 3514 1246 3547 «cdd.
1274 3526 1300 3547 c.
1440 3513 1471 3556 e)
1497 3515 1551 3547 vel
1578 3532 1619 3536 -
1645 3514 1770 3556 accipit
1794 3513 1912 3546 eadem
1935 3523 2043 3544 mauu
2067 3522 2176 3553 supra
2203 3511 2263 3543 lin.
2282 3510 2364 3542 add.
2383 3522 2412 3541 e.

202 3570 233 3615 ¹⁸)
256 3572 386 3616 kuipen
410 3572 528 3605 eadem
552 3582 659 3604 manu
683 3582 792 3613 supra
816 3572 877 3604 lin.
902 3571 985 3604 add.
1011 3583 1038 3604 c.
1168 3572 1202 3613 g)
1222 3572 1325 3614 prius
1349 3572 1477 3614 nullus,
1502 3572 1621 3605 eadem
1644 3582 1750 3604 manu
1775 3575 1962 3603 correctum
1988 3581 2014 3601 c.
2140 3567 2174 3611 ¹¹)
2200 3569 2329 3611 knipen
2357 3567 2410 3599 vel

203 3630 430 3664 stechmezzer
454 3629 572 3663 eadem
595 3640 703 3662 mann
726 3640 835 3671 supra
861 3629 920 3661 lin.
948 3628 1033 3661 adel.
1059 3639 1088 3662 c.

343 3720 377 3762 1)
401 3719 425 3754 i.
445 3730 472 3754 e.
497 3719 661 3763 orphani.
775 3720 810 3762 2)
838 3718 892 3761 Cf.
917 3728 1033 3763 supra
1057 3728 1083 3752 c.
1102 3723 1150 3753 19.
1269 3719 1306 3761 3)
1335 3718 1390 3761 Cf.
1414 3729 1470 3752 nr.
1487 3723 1553 3753 196
1576 3728 1603 3752 c.
1617 3722 1655 3761 6,-
1677 3728 1734 3752 nr.
1756 3721 1821 3752 284
1846 3727 1873 3751 c.
1895 3721 1932 3759 9‚·
1956 3726 2013 3750 nr.
2031 3720 2096 3750 319
2120 3726 2146 3750 c.
2168 3720 2216 3749 10.

2066 3779 2135 3812 73*
