2558 3970
88 943 120 966 10

87 1288 118 1312 15

87 1634 121 1658 20

88 2019 120 2045 25

87 2395 122 2420 30

89 2740 122 2766 35

90 3435 124 3460 45

610 185 1019 221 CONFOEDERATIO
1049 187 1182 221 PACIS
1211 187 1460 223 RHENANA.
1513 190 1611 223 1256.
1662 188 1723 222 Nr.
1743 189 1820 224 433.
1847 190 1925 223 4:34.
2289 193 2371 231 593

161 308 422 343 tantummodo
464 320 526 348 eu,
571 321 642 353 que
684 309 826 344 scabini
870 311 908 343 et
940 309 1068 343 villani
1110 310 1173 354 qui
1215 303 1450 345 buclncncrvs

1482 313 1662 345 vocantur
1693 310 1760 344 sul»
1802 311 2012 345 inmun-nto
2054 314 2087 345 vt
2124 312 2248 346 hunno
2283 312 2372 356 ipsis

159 377 320 413 dominis
352 377 580 413 dictaverint
611 379 655 413 de
694 378 846 413 iusticia
877 390 956 413 csse
988 379 1122 414 danda.
1242 376 1304 426 (2)
1348 380 1439 413 ltu-m
1475 379 1633 414 villanos
1677 392 1802 414 vorum
1839 392 1904 424 pro
1937 392 1998 417 vo,
2038 380 2137 423 quod
2170 393 2250 414 ‹.·um
2285 381 2370 415 civi·

162 446 304 481 tatibus
337 446 408 480 sibi
442 446 574 481 vicinis
607 459 736 492 paceni
770 447 1027 489 iuraveruntss,
1061 447 1097 481 in
1131 448 1234 482 null«)
1269 449 1419 493 penitus
1453 442 1610 483 domini
1647 449 1896 483 inolvstnbuni
1936 450 1990 482 vv}
2015 450 2246 491 grai-amun
2279 450 2368 484 dicti

162 527 248 551 vero
282 515 412 550 villani
444 516 606 551 dominis
639 517 714 551 suis
747 517 915 557 servicia,
949 517 1152 551 secundum
1185 518 1285 561 quod
1319 518 1408 563 ipsis
1432 521 1469 551 vt
1498 518 1799 552 antecessoribus
1823 518 1897 552 suis
1921 522 2009 552 unt.»
2034 519 2094 552 ΧΙ,
2119 520 2173 552 vv}
2203 520 2225 553 Ι,
2249 531 2367 554 annos

161 587 282 620 facere
313 587 598 624 consueverunt.
633 586 787 621 faciant.
907 579 973 633 (3)
1010 587 1100 621 {tvm
1135 586 1348 631 quicunque
1382 599 1425 621 ex
1461 587 1549 632 ipsis
1584 587 1733 621 villanis
1767 588 1890 621 medio
1925 590 2094 632 tempore
2127 589 2171 622 :ul
2206 588 2369 632 aliquam

158 653 358 689 civitatum
401 654 589 699 personali
632 654 840 689 residencia
873 655 1034 689 voluerit
1076 668 1114 689 se
1153 656 1377 697 transferre,
1424 655 1537 700 recipi
1580 655 1721 699 poterit
1754 655 1800 689 ul»
1833 656 1961 689 vado-m
1996 656 2073 691 iure
2107 657 2274 691 vix-itatis
2309 670 2373 702 per

158 723 284 758 onmia
315 717 515 765 fruiturus,
556 735 623 759 ncc
656 736 700 759 cx
734 732 784 760 00
818 736 891 769 pax
924 723 1153 758 iudicabitur
1185 724 1337 759 violata.
1399 724 1437 758 si
1471 736 1557 758 vero
1591 724 1727 768 aliquis
1761 725 1932 769 proprius
1965 726 2084 760 ‹lii-tas
2118 727 2291 761 civitam-s
2325 728 2371 761 aul

157 792 382 827 manendum
425 793 642 835 intraverit,
688 793 840 828 domino
885 793 1001 838 ipsius
1043 806 1127 828 eum
1169 793 1375 838 requirenti
1417 794 1618 828 secundum
1661 793 1716 827 ius
1756 796 1791 828 ot
1832 795 2138 829 ‹·0nsu‹·t11‹lin‹·1n
2173 795 2368 829 civitatum

157 862 347 907 hucusque
387 862 624 897 observatam
664 874 730 907 per
771 862 897 897 onmia
937 862 1106 897 satisfiet.
1228 856 1292 909 (4)
1334 863 1428 897 ltem
1467 863 1565 897 cives
1608 862 1670 906 qni
1704 862 1880 897 «licuntur
1913 863 2135 908 pulluli-gero
2168 865 2212 898 ‹h-
2246 868 2370 899 (ϊίιϊιι

157 932 279 967 nullos
311 931 544 967 habebimus,
664 926 727 981 (5)
767 933 860 967 Item
902 931 940 966 in
979 931 1152 966 omnibus
1191 935 1229 966 vt
1270 944 1336 977 per
1369 931 1495 966 omnia
1528 932 1647 966 forma
1678 932 1866 974 generalis
1907 933 2009 977 pacis
2044 933 2165 967 iurata
2200 933 2234 967 in
2270 939 2366 968 terra

157 1002 195 1036 et
226 1000 264 1035 in
296 1000 403 1045 aquis
435 1001 482 1035 ab
515 995 728 1036 universis
762 1000 1046 1036 conservabitur
1077 1000 1228 1045 integra
1260 1002 1298 1035 et
1329 1001 1447 1036 illesa.
1510 1000 1546 1035 Si
1581 1012 1668 1035 vero
1713 1001 1835 1035 medio
1876 1004 2044 1046 tempor«-
2078 1002 2251 1036 civitates
2285 1015 2369 1037 snos

156 1069 414 1111 iniuriatores,
458 1069 658 1114 predones,
701 1068 897 1119 raptores
930 1071 968 1104 et
1000 1069 1102 1114 pacis
1135 1069 1350 1104 turbatores
1383 1069 1522 1104 debitis
1556 1069 1732 1104 vindictis
1774 1070 1914 1104 fuerint
1947 1071 2155 1115 prosecuti,
2190 1065 2369 1120 proinde

157 1147 245 1188 pax
276 1133 451 1174 minime
485 1132 734 1173 censebitur
766 1132 939 1173 violata.
1060 1133 1122 1186 (6)
1158 1139 1252 1173 Item
1285 1139 1332 1172 ad
1362 1139 1577 1183 generalem
1612 1150 1741 1184 pacem
1777 1133 2101 1188 propagandam
2137 1140 2180 1174 et
2213 1136 2366 1175 confir-

157 1201 357 1242 mandam
390 1205 458 1243 θεὲ
489 1200 754 1249 ordinatum,
788 1207 888 1252 quod
920 1207 1093 1243 dominus
1125 1209 1254 1243 noster
1286 1200 1358 1242 W.
1393 1220 1456 1243 rex
1491 1201 1786 1242 Romanorum
1820 1202 2002 1242 illustris
2038 1209 2073 1243 in
2107 1221 2172 1243 suo
2206 1211 2369 1244 adventu

157 1289 201 1312 ex
241 1276 333 1322 ipsis
370 1276 531 1312 dominis
569 1278 608 1311 et
646 1277 836 1312 nobilibus
874 1277 990 1323 eliget
1022 1280 1124 1319 octo,
1168 1270 1333 1321 quibus*
1365 1277 1411 1311 de
1444 1277 1628 1312 universis
1661 1277 1880 1312 civitatibus
1914 1280 1998 1313 octo
2032 1278 2206 1314 similiter
2239 1279 2366 1314 adiun-

154 1348 302 1392 gentur,
350 1345 414 1391 qui
455 1345 538 1380 XVI
578 1346 767 1382 mediante
809 1340 976 1397 prefato
1021 1346 1172 1382 domino
1218 1349 1348 1382 nostro
1382 1339 1453 1381 W.
1485 1359 1571 1391 rege
1614 1359 1675 1389 ea,
1721 1359 1792 1392 quc
1834 1342 2024 1391 generalis
2065 1342 2173 1392 pacis
2214 1357 2370 1398 propa-

157 1410 374 1466 gationem
417 1414 460 1451 et
501 1413 755 1465 perpetuam
795 1409 1167 1451 confirmationem
1209 1415 1385 1451 roborare
1428 1427 1470 1450 ac
1513 1416 1689 1460 perficere
1732 1416 1968 1458 videbuntur,
2009 1421 2199 1453 annuente
2240 1418 2366 1452 divina

155 1484 284 1531 gracia
315 1484 552 1520 concorditer
583 1485 822 1520 ordinabunt.
885 1484 1050 1527 Quorum
1083 1485 1340 1521 ordinationes
1374 1487 1412 1520 et
1444 1487 1590 1520 statuta
1622 1484 1709 1520 tam
1743 1479 1903 1521 domini
1928 1494 2055 1535 quam
2080 1481 2279 1522 civitates
2305 1482 2367 1522 in-

157 1547 422 1590 violabiliter
453 1548 763 1590 observabunt.
882 1548 952 1590 Ad
992 1549 1301 1604 premissorum
1334 1551 1479 1590 autem
1520 1550 1777 1590 memoriam
1812 1564 1861 1591 ac
1895 1549 2084 1591 debitam
2119 1551 2367 1592 firmitatem

158 1619 236 1660 has
278 1619 448 1661 litteras
494 1619 637 1674 sigillo
678 1619 945 1661 venerabilis
987 1619 1123 1674 patris
1173 1618 1333 1660 domini
1380 1619 1517 1660 nostri
1560 1617 1612 1660 G.
1654 1619 1966 1674 archiepiscopi
2008 1619 2369 1675 Moguntinensis.

157 1687 569 1743 Moguntinensium,
592 1687 988 1730 VVormaciensium
1022 1693 1065 1730 et
1099 1687 1371 1744 Spirensium
1404 1688 1579 1730 nomine
1613 1688 1804 1729 omnium
1828 1689 2053 1730 civitatum
2077 1690 2197 1745 pacis
2223 1690 2368 1732 federe

157 1757 484 1799 coniunctarum
517 1757 699 1799 fecimus
733 1758 1001 1799 communiri.

301 1826 461 1868 Actum
504 1831 610 1882 aput
650 1826 927 1882 Pinguiamh,
968 1827 1166 1882 proxima
1210 1826 1429 1868 dominica
1460 1831 1562 1868 ante
1596 1825 1710 1868 diem
1744 1826 2015 1882 Margarete,
2059 1841 2172 1869 anno
2205 1828 2366 1869 domini

158 1895 377 1938 MCOLV.

275 1998 379 2042 434.
420 1999 732 2044 RECESSUS
764 1998 1133 2043 CONVENTUS
1171 1998 1548 2042 MOGUNTINI
1582 1999 1811 2042 TERTH.
1874 2001 2000 2043 1256.
2033 2000 2166 2042 ΙΙΙανέ.
2187 2004 2252 2042 17.

301 2081 374 2123 Ex
402 2081 660 2135 autographo
690 2082 737 2123 iu
768 2080 1009 2123 bibliotheca
1030 2081 1213 2122 civitatis
1234 2080 1514 2134 Effoy‘mztiuac
1545 2084 1758 2122 asservato
1788 2094 1854 2123 ur.
1877 2082 1933 2122 25
1965 2081 2166 2123 dederuut
2187 2081 2370 2123 Bo'lzmcr

158 2150 311 2192 ‘Codex
333 2150 624 2203 diplomaticus
640 2149 1159 2203 Mocuofiraucofurtauus’
1175 2150 1231 2190 97
1249 2152 1287 2191 ct
1303 2149 1416 2192 Boos
1433 2154 1443 2171 ‘
1454 2149 1789 2193 Urkuudcubuch
1812 2150 1884 2191 εἶεν
1902 2150 2026 2192 Staclt
2046 2150 2221 2192 Worms’
2236 2152 2272 2201 I,
2289 2154 2372 2192 177

157 2232 224 2261 ur.
246 2220 343 2270 266,
373 2233 548 2272 quorum
578 2220 778 2261 editiones
807 2219 1088 2261 adhibuimus.
1125 2244 1177 2249 —
1208 2218 1404 2268 Bmmzer,
1436 2219 1538 2272 Rcy.
1572 2219 1670 2271 imp.
1703 2219 1747 2270 V,
1772 2220 1925 2261 11729.
2008 2218 2080 2272 (Ρ.
2104 2221 2161 2260 37
2166 2220 2225 2269 7.)

302 2311 528 2354 Universis
561 2312 721 2354 Christi
753 2311 953 2354 fidelibus
986 2310 1040 2354 A.
1072 2312 1350 2362 camerarius,
1383 2311 1432 2354 F.
1463 2312 1689 2363 scultetus,
1723 2311 1901 2363 iudices,
1936 2312 2164 2353 consilium
2198 2316 2241 2353 et
2272 2313 2368 2353 uni-

159 2381 275 2423 versi
296 2382 413 2423 cives
437 2381 834 2437 Moguntinenses³‚
859 2380 1228 2429 Wormacienses,
1251 2381 1497 2437 Spirenses,
1522 2381 1885 2436 Argentinenses,
1905 2381 2366 2424 Frankenvordenscs.

158 2450 494 2506 Bopardienses‚
529 2450 827 2499 Colonienses,
853 2450 1102 2506 Aquenses,
1137 2449 1524 2502 Monasterienses,
1559 2450 1855 2492 Susatensesb
1879 2455 1922 2491 et
1945 2464 2096 2492 omnes
2128 2452 2199 2492 alii
2223 2452 2368 2493 nuncii

159 2519 381 2561 civitatum
415 2521 667 2576 congregati
701 2520 935 2576 Moguncie
967 2520 1009 2560 in
1043 2519 1257 2575 colloquio
1291 2520 1485 2575 generali
1519 2520 1703 2561 salutem
1737 2524 1781 2561 et
1813 2519 2083 2576 obsequium.

302 2589 372 2631 Ad
416 2590 591 2632 laudem
638 2595 681 2633 et
719 2590 1043 2646 gloriam-Iesu
1083 2589 1265 2637 Christi,
1313 2590 1384 2645 qui
1432 2594 1499 2631 est
1539 2590 1660 2646 pacis
1707 2593 1859 2631 auctor
1899 2594 1942 2631 et
1982 2589 2169 2631 humane
2213 2590 2366 2631 salutis

159 2662 340 2711 amator,
374 2659 427 2700 ad
459 2659 666 2702 honorem
697 2660 833 2701 eciam
867 2664 1016 2701 sancte
1048 2658 1249 2700 Romane
1282 2659 1467 2700 ecclesie
1500 2659 1651 2700 matris
1682 2663 1847 2710 nostre,
1881 2672 1963 2714 que
1995 2672 2148 2714 pacem
2173 2663 2216 2700 et
2245 2659 2366 2700 iusti-

160 2728 271 2770 ciam
302 2729 588 2784 amplexatur,
620 2744 697 2785 pro
729 2729 986 2771 reverencia
1017 2743 1186 2785 quoque
1218 2729 1401 2784 imperii,
1437 2728 1559 2770 cuius
1592 2729 1764 2783 rigore-2
1796 2727 1944 2769 iudicii
1968 2727 2287 2782 incorrigibiles
2311 2729 2365 2770 ad

158 2797 272 2838 viam
304 2797 575 2840 rectitudinis
606 2799 885 2848 reducuntur,
918 2798 972 2839 ad
1005 2799 1190 2840 salutem
1224 2797 1392 2839 eciamd
1424 2811 1667 2854 pauperum
1700 2811 1750 2839 ac
1782 2798 1919 2839 tocius
1951 2798 2097 2853 populi
2130 2798 2367 2847 christiani,

158 2867 229 2922 qui
260 2868 380 2923 pacis
412 2868 771 2923 tranquillitatem
804 2881 970 2909 summo
1005 2867 1219 2909 desiderio
1254 2867 1411 2909 siciunt
1443 2871 1486 2908 et
1518 2870 1754 2922 expectant
1786 2867 1826 2908 in
1861 2867 2034 2907 nomine
2068 2866 2261 2917 Domini7
2296 2868 2368 2922 qui

159 2940 387 2992 sperantes
425 2937 468 2978 in
509 2952 555 2979 se
587 2937 836 2979 nullatenus
868 2937 1129 2992 derelinquit
1143 2937 1170 2988 ¹,
1210 2950 1365 2993 pacem
1396 2937 1581 2978 iuratam
1613 2936 1922 2978 inviolabiliter
1955 2935 2069 2977 bona
2100 2935 2184 2977 fide
2218 2950 2364 2977 serva-

158 3006 300 3047 bimus
333 3010 377 3047 et
407 3006 461 3047 ad
494 3006 891 3048 corroborationem
925 3010 969 3048 et
999 3006 1362 3062 propagacionem
1396 3006 1529 3061 ipsius
1562 3019 1617 3047 ex
1651 3004 1858 3046 concordi
1890 3018 2106 3046 consensu
2131 3009 2174 3046 et
2200 3010 2368 3046 maturo

160 3075 339 3116 consilio
371 3074 643 3117 dominorum
676 3080 720 3117 et
749 3075 974 3123 nobilium,
1007 3076 1079 3131 qui
1109 3079 1213 3116 tunc
1246 3075 1443 3123 aderant,
1475 3074 1657 3117 fecimus
1682 3078 1726 3116 et
1759 3073 2053 3115 ordinavimus
2081 3073 2161 3115 hec
2185 3078 2366 3115 statuta:

312 3148 344 3186 l.
377 3144 582 3192 Quelibet
614 3145 813 3186 civitates
847 3150 890 3186 et
923 3144 1053 3200 opida
1083 3145 1208 3186 iuxta
1239 3145 1354 3186 vires
1388 3158 1538 3186 eorum
1571 3157 1743 3199 semper
1775 3147 1899 3185 erunt
1930 3143 2070 3197 parati
2100 3143 2144 3183 in
2178 3144 2301 3198 equis
2325 3148 2369 3185 et

159 3213 292 3254 armis
325 3217 475 3255 contra
505 3214 624 3269 pacis
658 3218 701 3255 et
731 3214 902 3255 iusticie
935 3214 1185 3256 turbatores
1220 3217 1264 3255 et
1294 3214 1474 3270 insuper
1507 3217 1702 3254 statuent
1734 3216 1777 3254 et
1801 3212 2013 3253 tenebunt
2035 3225 2112 3266 pro
2136 3226 2264 3267 posse
2288 3227 2366 3254 suo

160 3282 486 3338 stipendiarios,
527 3283 599 3339 qui
637 3282 868 3325 suldenere
900 3282 1104 3324 dicuntur
1134 3283 1386 3338 vulgariter,
1424 3287 1472 3323 ut
1505 3283 1566 3323 illi
1599 3281 1653 3323 ad
1691 3282 1788 3323 loca
1820 3284 1989 3322 remota
2020 3280 2136 3321 horis
2170 3280 2367 3336 singulis,

160 3351 504 3407 quandocunque
537 3366 722 3394 necesse
753 3352 898 3404 fuerit,
930 3352 1291 3393 transmittantur.

304 3423 343 3461 2.
383 3420 442 3462 Et
481 3421 682 3476 quoniam
722 3435 836 3462 nunc
868 3425 994 3462 vacat
1033 3422 1263 3476 imperium
1305 3425 1349 3462 et
1381 3421 1554 3462 domino
1599 3425 1642 3461 et
1674 3433 1776 3474 rege
1809 3430 2027 3461 caremus,
2073 3418 2218 3459 omnia
2249 3419 2365 3461 bona

159 3488 343 3544 imperii,
376 3489 512 3531 donec
534 3494 660 3531 vacat
680 3490 923 3546 imperium,
955 3490 1059 3531 totis
1083 3490 1249 3531 viribus
1271 3493 1494 3544 tamquam
1517 3492 1666 3530 nostra
1688 3488 1925 3531 defendere
1947 3486 2148 3528 volumus
2173 3490 2215 3528 et
2239 3489 2367 3530 tueri.

299 3579 387 3616 433-
413 3580 444 3624 f)
469 3583 644 3616 hubenere
669 3582 700 3615 2.
818 3581 855 3625 g)
880 3583 1071 3616 iuraverint
1097 3581 1127 3616 1.
1246 3581 1280 3625 h)
1305 3583 1498 3626 Pingwiam
1523 3581 1555 3615 2.

297 3637 386 3674 434.
420 3639 452 3681 a)
478 3641 665 3683 Moguntifi
690 3652 739 3673 or.
858 3638 892 3683 b)
919 3641 1125 3674 Susaeenses
1150 3641 1214 3673 Bo.
1333 3641 1364 3682 c)
1389 3641 1510 3684 vigore
1535 3641 1599 3674 Bo'.
1717 3639 1750 3683 d)
1776 3645 1810 3673 et
1834 3639 1899 3673 Bo.

300 3720 335 3763 1)
365 3719 420 3762 cf.
446 3719 567 3753 Iudith
590 3723 646 3763 13,
661 3724 710 3754 17.

298 3794 348 3817 Lt..
375 3793 658 3818 CONSTlTUTlONES
682 3793 716 3817 n.
2050 3779 2094 3813 75
