2558 3970
143 170 217 209 106
683 161 925 196 FRIDERICI
950 161 995 195 Il.
1021 157 1449 194 CONSTITUTIONES.
1498 158 1597 193 1220.
1645 158 1709 192 Nr.
1727 157 1780 191 85.

398 311 469 353 85.
514 308 918 353 CONSTITUTIO
950 307 1026 348 IN
1051 305 1347 348 BASILICA
1380 303 1580 346 BEATI
1607 304 1805 347 PETRI.
1865 305 1969 347 Nov.
1993 307 2062 346 22.

284 395 498 444 Superstes
529 394 585 431 cst
626 391 667 430 iu
706 388 862 440 triplici
894 387 1052 441 forma.
1116 391 1303 439 Quarum
1326 386 1471 437 prima
1499 385 1537 425 A
1560 385 1712 437 absque
1742 385 1859 437 siquo
1895 384 2170 436 chronoloyico
2206 384 2324 424 initio

138 462 390 503 iurocate'om‘
436 459 611 508 ercelle't,
655 458 816 498 nomine
861 458 997 496 autom
1039 454 1301 506 imperatores
1343 456 1380 494 et
1419 452 1586 494 cosor-dio
1629 452 1821 493 historico
1863 454 1997 503 caret,·
2041 452 2326 505 autographon

136 531 270 583 se'yillo
313 527 571 580 imperatoris
614 526 817 566 mentitum
855 524 952 565 olim
991 523 1181 564 erstabat
1221 523 1264 562 in
1304 522 1512 563 tabulario
1545 521 1785 573 pontificio,·
1824 521 1941 561 cuius
1971 520 2222 573 apoyraphis
2252 533 2327 562 nos

139 600 197 639 uti
236 598 351 639 licuit
389 597 454 636 leis
500 596 536 649 l)
579 596 832 635 transsunuo
872 592 1144 645 Luqdunensi
1187 605 1227 632 a.
1260 591 1369 631 1245
1403 588 1520 644 facto
1570 590 1656 630 iam
1695 589 1898 630 tabularii
1938 588 2131 630 Vaticani
2160 588 2279 630 Arm.
2302 588 2334 631 I
2380 605 2394 630 ⁵

137 684 167 708 c.
195 667 240 706 X
270 679 331 705 ur.
356 668 393 713 -Ι,
440 665 551 704 lituu
586 665 736 712 5—5352,
774 661 883 714 quod
918 661 1091 702 contulit
1137 660 1198 700 cir
1246 659 1293 700 ol.
1327 659 1488 709 sicheu-
1530 657 1575 713 2)
1608 660 1861 699 transsumto
1901 657 2080 699 eiusdem
2126 657 2329 699 tabularii

138 736 256 776 Arm.
281 735 309 774 I
336 749 365 774 ‹·.
393 733 438 773 X
468 747 530 773 nr.
561 735 610 771 13
641 732 692 772 ub
724 731 910 773 Iohanne
941 729 988 770 de
1019 729 1182 770 Amulio
1212 743 1250 769 a.
1275 730 1385 768 1339
1412 728 1547 782 facto,
1579 727 1651 779 qui
1688 727 1736 768 dc
1776 726 2030 779 azitogsrapho
2070 726 2168 767 hacc
2206 725 2329 767 verba

136 804 267 857 fucit:
301 803 419 844 Inter
451 803 533 842 alia
557 814 656 842 vcro
691 800 900 854 elegimus
933 812 981 838 ac
1006 797 1186 838 vidimus
1220 801 1262 838 et
1295 795 1524 850 diligenter
1552 795 1821 851 inspeximus
1842 795 2008 836 litteras
2031 794 2328 849 infrascriptas

140 886 215 914 seu
248 871 519 927 privilegium
552 868 765 925 quondam
797 866 1019 908 Frederici
1051 865 1345 906 Romanorum
1377 864 1651 919 imperatoris
1684 877 1777 904 cum
1815 863 1956 918 sigillo
1990 863 2124 904 fracto
2154 862 2207 904 de
2230 876 2330 904 cera

139 940 235 981 alba
273 954 367 981 cum
407 939 583 980 cordula
621 938 673 979 de
713 937 837 977 sirico
877 935 987 990 nigri
1028 935 1183 975 coloris
1222 932 1429 988 pendenti
1467 932 1690 987 sigillatas.
1760 932 1811 973 In
1850 946 1933 987 quo
1973 931 2144 987 quidem
2186 931 2328 986 sigillo
2367 946 2399 972 ιο

139 1010 274 1050 fracto
317 1012 408 1049 erat
450 1011 584 1048 totum
626 1020 778 1061 corpus
822 1008 1007 1058 excepto
1049 1003 1188 1058 capite
1234 1000 1457 1042 cuiusdam
1497 1001 1792 1042 Romanorum
1831 1001 2099 1056 imperatoris
2141 1001 2183 1041 in
2223 1000 2329 1041 solio

139 1092 255 1118 inore
302 1077 593 1117 Romanorum
640 1074 943 1129 imperatorum
989 1071 1180 1114 sedentis
1229 1075 1271 1111 et
1317 1070 1506 1111 tenentis
1555 1070 1598 1110 in
1640 1084 1768 1112 manu
1810 1069 1982 1111 sinistra
2022 1083 2196 1124 pomum
2235 1083 2331 1110 cum

141 1145 322 1201 quadam
363 1158 488 1185 cruce
527 1143 713 1197 desuper
751 1142 905 1196 posita,
946 1141 989 1181 in
1023 1140 1143 1181 cuius
1177 1139 1524 1180 circumferentia
1564 1138 1768 1194 seriptum
1803 1142 1912 1179 erat:
1957 1137 2124 1179 dericus
2157 1137 2227 1180 dei
2258 1140 2334 1193 ,ξι-ἐἰ

141 1215 326 1267 impetor
357 1213 436 1254 Ro.
509 1211 694 1252 Contulit
736 1210 798 1250 eir
834 1209 872 1251 d.
902 1208 1031 1250 chr.
1101 1207 1314 1248 Eaestabat
1350 1207 1448 1248 haec
1480 1206 1623 1261 forma
1669 1207 1716 1247 in
1755 1206 1922 1247 Rotulis
1962 1219 2118 1258 qnoque
2160 1205 2333 1248 Clunia-

140 1282 325 1323 censibus
359 1281 449 1322 Rot.
478 1279 588 1329 XII,
621 1282 791 1320 testante
822 1277 1058 1330 apographo
1089 1277 1238 1318 codicis
1269 1276 1462 1317 Parisini
1494 1276 1566 1318 lat.
1588 1277 1700 1315 8990
1713 1276 1740 1316 ¹.
2369 1288 2400 1314 15

284 1356 439 1396 Forma
463 1354 511 1398 B.
545 1367 649 1406 quae
687 1352 938 1393 inuocatione
970 1354 1007 1392 et
1039 1350 1206 1391 exordio
1237 1349 1428 1390 historico
1460 1351 1582 1398 caret,
1621 1362 1767 1390 nornen
1808 1349 2070 1402 inseperatoris
2096 1349 2267 1400 praebet
2295 1351 2334 1390 et

141 1425 239 1465 duta
278 1426 336 1464 est
369 1436 481 1463 auno
514 1424 635 1471 1221,
668 1434 802 1461 »imese
833 1420 1061 1469 Decembri,
1104 1419 1327 1459 indictione
1356 1431 1481 1468 nona,
1514 1417 1539 1459 i.
1565 1432 1597 1458 e.
1633 1418 1738 1458 inter
1776 1417 1863 1458 dies
1893 1416 1990 1459 Dec.
2011 1417 2198 1459 25--31
2228 1419 2335 1460 anni

143 1494 273 1534 nostri
304 1494 425 1533 1220.
494 1491 551 1531 Et
596 1491 726 1542 ipsius
768 1488 1052 1542 autoyrup'lion
1089 1487 1278 1528 exstabat
1317 1487 1414 1528 olim
1452 1487 1497 1526 in
1537 1486 1746 1527 tabulario
1779 1487 2014 1539 pontificio,
2062 1487 2183 1539 idque
2220 1487 2335 1528 bulla

142 1577 270 1602 aurea
305 1561 562 1613 iusiunitum,
595 1563 639 1600 ut
671 1561 844 1600 testatur
879 1558 1108 1610 Gregorius
1128 1556 1184 1597 X.
1213 1570 1328 1609 papa
1359 1570 1399 1597 (ι.
1425 1557 1535 1596 1274
1567 1555 1613 1595 'in
1635 1556 1944 1607 confirmatione
1974 1569 2052 1596 sua
2082 1556 2200 1607 infra
2229 1555 2332 1596 alle-

140 1630 322 1683 quuda2.
392 1627 647 1682 Apoyrapha
682 1626 848 1681 formae
879 1626 914 1666 B
956 1625 1221 1665 adhibuimus
1257 1624 1376 1664 baec:
1427 1623 1465 1678 l)
1507 1625 1805 1664 trmzsswnuwn
1843 1623 2120 1676 Luydunense
2155 1636 2194 1664 a.
2226 1624 2336 1664 1245
2373 1631 2406 1656 20

143 1713 271 1751 supra
305 1697 533 1746 Iazulatum,
566 1697 677 1737 linea
700 1696 882 1744 23-40,
915 1694 1023 1746 quod
1052 1693 1225 1734 contulit
1257 1691 1417 1742 ΚΒΜ-3,·
1455 1692 1498 1744 2)
1529 1691 1798 1744 apoyraphon
1828 1692 2031 1732 insertum
2063 1692 2199 1732 bullae
2233 1691 2338 1734 Gre-

141 1768 248 1819 qorii
270 1766 323 1808 X.
356 1780 394 1807 a.
420 1767 542 1806 1274.
576 1766 684 1817 Augy.
710 1766 764 1804 18
793 1763 994 1816 Lugduni
1034 1762 1157 1802 datae
1170 1762 1198 1811 4,
1237 1761 1354 1801 cuius
1384 1760 1573 1811 exempta
1595 1762 1765 1812 praesto
1795 1762 1916 1801 erant
1946 1760 2052 1801 tria:
2090 1759 2170 1815 2a)
2201 1762 2339 1801 cartu-

144 1836 247 1876 larii
271 1834 419 1875 codicis
441 1833 737 1874 Admoutensis
765 1845 831 1874 ur.
849 1832 932 1872 47²5
956 1844 1056 1871 saec.
1079 1829 1212 1879 XIII,
1230 1828 1309 1884 fol.
1329 1831 1366 1879 1,
1398 1828 1506 1880 quod
1528 1828 1613 1868 iam
1634 1828 1732 1869 olim
1753 1828 1972 1880 descripsit
1990 1828 2056 1869 vir
2082 1830 2131 1870 cl.
2154 1827 2339 1870 Watten-

144 1903 264 1952 buch,-
312 1903 390 1956 2b)
432 1904 732 1942 transsumtum
782 1901 917 1941 bullae
954 1899 1118 1953 factum
1160 1913 1197 1939 a.
1231 1900 1355 1938 1276.
1398 1896 1497 1939 Dec.
1523 1899 1575 1936 10
1613 1896 1664 1937 ab
1702 1897 2004 1948 archiepiscopo
2044 1897 2340 1950 Salcburgyensi

142 1973 307 2024 eiusque
352 1972 643 2024 suffraganeis,
686 1970 795 2022 quod
838 1984 888 2010 ex
932 1967 1188 2021 autogsraplio
1237 1966 1440 2007 tabularii
1477 1965 1769 2006 Passaviensis
1809 1965 2025 2006 ediderunt
2061 1966 2337 2006 Mon‘umenta
2374 1978 2406 2003 2⁵

144 2041 276 2081 Boiea
311 2041 485 2090 XXXI,
510 2043 545 2088 1,
569 2041 676 2088 501;
721 2037 797 2094 20)
838 2039 1141 2078 transsumtum
1177 2034 1397 2076 eorundem
1432 2035 1617 2075 α.1276.
1649 2033 1748 2075 Dec.
1773 2037 1797 2074 1
1830 2034 2006 2089 factum,
2048 2035 2156 2087 qnod
2184 2034 2337 2076 editum

146 2113 203 2150 est
237 2111 279 2150 in
307 2109 514 2160 periodico
545 2106 923 2160 ‘Oberbayeriscbes
944 2105 1112 2147 Archiv’
1145 2105 1232 2154 III,
1256 2105 1340 2144 136
1369 2117 1388 2144 e
1421 2103 1526 2144 libro
1548 2103 1819 2143 traditionum
1842 2103 2179 2156 Frisinyensium
2201 2115 2338 2155 parvo

147 2178 281 2227 rubro,
314 2178 469 2229 quinto,
496 2176 575 2230 fol.
597 2178 707 2226 235,·
746 2174 790 2230 3)
824 2176 1124 2215 transsumtum
1154 2172 1452 2224 archiepiscopi
1487 2171 1806 2225 Satebnryensis
1836 2186 1874 2214 a.
1901 2173 2023 2213 1294.
2060 2171 2145 2214 Oct.
2165 2174 2202 2223 1,
2233 2170 2341 2224 quod

146 2246 272 2286 edidit
304 2245 413 2286 Ried
444 2244 596 2287 ‘Codex
625 2243 913 2295 diplomaticus
945 2240 1273 2282 Ratisbonensis'
1307 2240 1343 2289 I,
1376 2252 1441 2282 nr.
1465 2240 1561 2280 351.

294 2320 433 2361 Tertia
466 2320 609 2373 forma
642 2318 688 2370 O,
720 2332 824 2370 quac
849 2317 1014 2370 pariter
1044 2319 1166 2369 atque
1196 2315 1237 2356 A
1268 2317 1378 2356 curet
1408 2315 1525 2368 siquo
1556 2314 1844 2368 chronoloyico,
1875 2314 1946 2355 sed
1983 2314 2145 2355 excellit
2174 2313 2341 2355 exordio
2376 2326 2409 2352 ³0

147 2389 357 2437 historico,
400 2391 457 2429 est
501 2388 743 2429 mandatum
779 2386 1146 2438 pronudqationis,
1187 2397 1265 2437 quo
1303 2385 1529 2436 imperator
1569 2383 1746 2424 subditis
1785 2383 1874 2423 suis
1905 2383 2124 2435 praecipit,
2162 2385 2208 2423 ut
2238 2382 2341 2435 loyes

147 2458 198 2498 ab
243 2458 329 2509 ipso
363 2457 598 2509 publicatae
628 2456 680 2497 ab
722 2456 909 2497 omnibus
948 2455 993 2495 in
1027 2455 1269 2506 perpetuum
1308 2455 1534 2493 serventur.
1595 2452 1738 2493 Huius
1775 2451 1940 2506 formae
1979 2451 2264 2504 ctutoyraphon
2294 2451 2342 2491 in

148 2525 401 2566 tabularium
439 2525 697 2576 pontificium
748 2524 912 2564 illatum
961 2535 1063 2571 csse,
1111 2520 1344 2574 necandum
1395 2524 1466 2561 est.
1541 2521 1600 2561 At
1645 2520 1835 2573 Reqistro
1882 2532 1955 2561 suo
1997 2519 2216 2560 Honorias
2253 2519 2341 2561 III.

149 2608 235 2635 eam
277 2593 536 2634 inserendam
576 2592 758 2634 curavit:
810 2591 849 2647 1)
887 2591 1125 2644 Reqistrum
1156 2589 1339 2630 Honorii
1370 2589 1460 2631 III.
1505 2589 1707 2630 tabularii
1743 2588 1937 2629 Vaticani
1968 2588 2043 2630 vol.
2066 2588 2155 2638 III,
2178 2588 2245 2628 95.
2275 2588 2342 2634 96,

151 2663 220 2704 lib.
254 2662 296 2712 V,
319 2664 414 2711 483,
445 2661 553 2714 quod
582 2660 797 2712 descripsit
830 2660 952 2701 Perta)
983 2659 1017 2703 b.
1041 2673 1115 2709 m.;
1146 2659 1217 2699 ubi
1249 2658 1492 2700 inscribitur
1523 2657 1687 2699 Littere
1710 2657 1982 2713 imperatoris
2014 2659 2051 2696 et
2078 2657 2124 2697 in
2156 2657 2343 2710 margine
2378 2669 2410 2694 35

150 2731 364 2771 addemtur
394 2730 512 2771 haec:
550 2730 748 2784 Diligens
787 2728 1019 2783 diligenter
1056 2732 1170 2769 nota.
1232 2726 1328 2768 Hec
1369 2730 1435 2767 est
1468 2739 1580 2767 nova
1620 2726 1783 2767 sanctio
1815 2724 2025 2766 Friderici
2055 2724 2231 2766 secundi
2261 2724 2339 2765 im-

154 2800 367 2855 peratoris
391 2799 684 2840 Romanorum
709 2797 952 2838 edictaliter
984 2796 1099 2838 edita
1131 2799 1174 2837 et
1204 2795 1425 2851 publicata
1456 2795 1499 2835 in
1531 2795 1710 2836 basilica
1748 2794 1954 2850 principis
1985 2793 2270 2849 apostolorum
2298 2793 2342 2834 in

153 2869 221 2909 die
255 2882 337 2923 qua
373 2867 587 2922 imperiali
621 2866 818 2907 diadema
852 2865 1074 2906 coronavit
1106 2878 1203 2905 eum
1233 2863 1431 2904 Romana
1462 2863 1648 2904 ecelesia
1678 2867 1815 2904 mater
1854 2876 1945 2905 sua.
2004 2862 2100 2904 Lex
2131 2861 2341 2917 siquidem

155 2938 435 2977 constitututa
463 2936 560 2986 (sic)
601 2934 652 2975 de
686 2934 966 2988 abrogatione
999 2937 1042 2973 et
1074 2932 1365 2973 destructione
1399 2931 1587 2972 omnium
1620 2935 1876 2972 statutorum
1909 2935 1952 2972 et
1983 2930 2342 2972 consuetudinum

155 3005 361 3046 adversus
411 3004 640 3054 ecclesias,
688 3002 870 3043 clericos
904 3003 972 3042 vel
1020 3000 1361 3042 ecclesiasticam
1410 2999 1653 3041 libertatem
1699 3003 1742 3041 et
1782 2999 1835 3042 de
1882 2999 2116 3041 abolitione
2155 2999 2342 3040 omnium
2380 3009 2413 3035 4⁰

297 3131 327 3170 1)
355 3128 391 3161 V.
420 3128 572 3163 ‘Notiees
588 3131 617 3160 et
634 3128 791 3162 extruit-3²
814 3127 925 3169 XXI,
951 3131 981 3169 2,
1001 3132 1068 3161 289
1091 3137 1145 3160 nr.
1164 3132 1213 3161 31.
1307 3127 1342 3169 2)
1371 3126 1428 3159 Aa
1446 3126 1576 3159 bullam
1594 3135 1739 3159 auream
1759 3128 1925 3168 provocat
1941 3124 2044 3158 etiam
2061 3123 2248 3158 Honorius
2265 3123 2341 3157 III.

155 3199 186 3219 a.
210 3191 300 3220 1221.
329 3186 439 3220 Mart.
461 3191 500 3220 25
525 3186 748 3229 (Rodenbery
776 3186 804 3229 J,
836 3196 891 3218 nr.
912 3187 996 3228 1651),
1030 3188 1067 3218 ut
1093 3195 1168 3218 non
1198 3184 1311 3225 elucet,
1346 3183 1492 3217 cuinam
1523 3183 1658 3225 formae
1683 3181 1947 3217 constitutionis
1977 3181 2073 3215 bulla
2095 3191 2209 3215 aurea
2233 3179 2344 3214 vindi-

156 3248 259 3277 cetur.
376 3244 410 3285 3)
447 3243 565 3277 Romu.
605 3243 763 3277 Cluniae.
792 3242 885 3285 XII,
926 3243 952 3276 r.
985 3241 1152 3275 ‘Noticcs'
1176 3245 1232 3275 etc.
1273 3241 1387 3283 XXI,
1406 3246 1436 3283 2,
1454 3245 1521 3275 289
1553 3251 1607 3273 nr.
1631 3244 1683 3275 32.
1822 3240 1857 3281 4)
1893 3237 2004 3273 Cuius
2035 3241 2136 3272 tenor
2166 3237 2249 3271 talis
2278 3240 2344 3271 est:

157 3300 354 3344 Gregorius⁴
381 3299 572 3344 episcopus
599 3311 721 3334 servus
747 3310 929 3333 servorum
959 3299 1021 3333 Dei
1049 3298 1228 3332 universis
1254 3300 1442 3342 presentes
1469 3297 1613 3332 litteras
1638 3296 1857 3340 inspecturis
1875 3296 2032 3330 salutem
2051 3296 2088 3330 et
2105 3293 2346 3339 apostolicam

158 3357 460 3391 benedictionem.
522 3357 697 3391 Tenerem
733 3357 919 3401 privilegii
959 3356 1144 3400 quondam
1176 3355 1349 3390 F'riderici
1388 3355 1476 3389 olim
1510 3355 1758 3389 Romanorum
1795 3353 2045 3398 imperatoris,
2079 3353 2190 3396 prout
2219 3352 2274 3386 est
2308 3349 2346 3384 in
2380 3357 2412 3382 45

158 3414 314 3448 archivis·
346 3414 494 3448 ecclesie
521 3415 694 3449 Romane.
720 3414 834 3458 ipsius
862 3414 1035 3448 Friderici
1070 3424 1181 3447 aurea
1219 3413 1320 3447 bulla
1345 3412 1540 3452 bullatum,
1567 3411 1605 3445 in
1639 3410 1757 3454 prima
1782 3410 1838 3444 sui
1871 3409 1965 3444 facie
1990 3420 2063 3443 non
2089 3408 2344 3448 cancellatum,

159 3484 231 3507 non
269 3471 448 3505 abolitum
486 3482 552 3504 nec
589 3471 625 3504 in
665 3471 790 3514 aliqua
824 3471 879 3504 sui
914 3473 1018 3514 parte
1044 3470 1220 3505 viciatum
1247 3469 1293 3504 ad
1324 3470 1485 3503 futuram
1511 3468 1564 3502 rei
1597 3467 1809 3502 memoriam
1836 3466 2068 3511 presentibus
2093 3465 2137 3499 de
2162 3464 2273 3500 verbo
2297 3463 2345 3498 ad

160 3529 309 3563 verbum
342 3528 493 3563 fecimus
532 3528 718 3567 annotarig
758 3528 820 3571 qui
862 3527 948 3561 talis
988 3530 1058 3561 est:
1098 3527 1315 3561 ‘Fridericus
1346 3546 1388 3550 —
1419 3525 1634 3559 indictionis
1669 3525 1785 3558 none'.
1841 3524 1923 3558 Dat.
1951 3522 2133 3567 Lugduni,
2159 3520 2236 3555 XV.
2262 3520 2344 3554 Kal.

160 3585 394 3630 Septembris,
428 3584 664 3628 pontificatu„-
699 3584 812 3618 nostri
845 3595 941 3618 anno
980 3584 1100 3618 tertio,
1134 3603 1174 3608 —-
1209 3583 1383 3625 Potthast,
1420 3583 1501 3625 Rey.
1523 3585 1624 3625 pont.
1652 3581 1753 3616 Rom.
1779 3586 1895 3616 20901.
2012 3582 2047 3621 5)
2078 3578 2347 3612 Transsumtnm

163 3643 324 3686 Gregorii
352 3642 399 3675 X.
426 3642 551 3685 leyitur
575 3642 676 3675 etium
708 3642 743 3674 iu
774 3641 847 3675 cod.
874 3641 1130 3675 Vindobonensi
1154 3646 1255 3683 2227,
1283 3641 1346 3673 Ius
1370 3644 1538 3682 can.127,
1570 3648 1654 3672 saec.
1678 3637 1784 3680 XIV,
1809 3638 1874 3680 fol.
1891 3641 1951 3678 62;
1980 3647 2005 3670 ι’.
2025 3634 2175 3670 ‘Archiv’
2202 3633 2250 3678 X,
2267 3637 2345 3668 490.
2382 3639 2414 3664 5⁰
