2558 3970
668 126 915 163 FRIDERICI
943 129 987 165 11.
1013 129 1445 168 (JONSTITt'TIoNES.
1499 134 1595 169 1245.
1647 135 1708 170 Nr.
1727 135 1805 171 259.
1831 136 1908 171 ⁶260.
2309 142 2388 181 357

407 287 509 359 259.
552 288 928 332 INNOGENTII
962 292 1263 335 EPISTULA
1302 295 1548 336 ALTERA
1585 295 1672 336 ΑΙ)
1716 296 1787 337 ΡΑ
1806 297 1944 339 'J‘RJA
1955 298 2181 340 IleAM

854 360 1328 403 ANTIOCHENNM.
1419 366 1514 404 215.
1550 363 1657 404 Mai.
1685 369 1721 405 (i.

333 437 507 489 Leyitur
542 438 588 478 *in
612 437 797 491 Reqislrz'
827 442 931 480 tomo
959 440 996 490 I,
1018 443 1114 491 205,
1144 442 1212 482 lib.
1234 443 1295 488 II,
1328 457 1410 483 eur.
1438 445 1473 492 5,
1507 458 1525 481 ι’
1553 458 1630 496 quo
1657 445 1785 486 edidit
1813 460 1899 487 eam
1939 447 2188 502 Raynaldus
2218 464 2256 490 α.
2284 451 2392 491 1245

187 506 217 560 5
232 508 270 555 4,
293 519 410 558 quem
433 505 557 547 Perta
578 509 739 548 secutus
760 520 844 548 esse
865 508 1040 550 videtur.
1066 536 1119 540 —
1146 510 1385 564 Rodenlwrft
1410 512 1469 561 II,
1496 525 1563 555 nr.
1590 516 1678 555 lm.
1733 514 2178 557 Ile<illard-Brasleolles
2207 517 2276 564 VJ,
2294 520 2391 560 272.

136 590 150 614 ⁵
189 572 554 618 Potthast11656.
615 575 810 625 Bo'hmcr,
846 576 943 629 Req.
979 578 1073 630 imp.
1109 579 1150 629 V,
1174 582 1297 622 7:335.
2037 585 2248 637 (11353.)

332 733 375 742 ..
409 701 654 757 patriarche
688 702 948 745 Antioceno.

330 770 606 813 Presentium
630 772 707 813 tibi
732 774 989 815 auctoritate
1013 774 1279 825 mandamus,
1315 777 1516 831 quatinus
1547 779 1727 833 principi
1753 793 1806 820 ex
1831 787 1951 834 parte
1978 788 2123 822 nostra
2147 782 2392 826 denunties,

186 838 320 895 quod,
361 853 488 895 quarn
532 841 614 881 cito
657 840 710 882 dc
755 842 995 883 manifestis
1039 843 1234 891 offensis,
1278 859 1354 900 pro
1389 846 1542 900 quibus
1576 850 1977 890 excommunicatus
2013 865 2105 891 csse
2140 852 2391 898 dinoscitur,

189 908 447 950 satisfecerit
479 915 522 950 et
554 909 606 951 de
641 909 781 951 dubiis
815 912 1104 953 sufficientem
1146 915 1384 968 prestiterit
1418 916 1683 958 cautionem.
1719 917 1798 957 sibi
1834 918 2043 959 faciemus
2078 934 2230 960 munus
2266 921 2392 961 abso-

119 997 152 1023 ιο
188 977 367 1018 lutionis
400 978 605 1034 impendi.

332 1046 429 1088 Dat.
463 1047 677 1102 Lugduni.
713 1048 768 1089 ΙΙ.
803 1049 949 1090 Nonas
985 1050 1100 1102 Maii,
1135 1066 1247 1092 anno
1282 1054 1485 1095 secundo.

886 1473 1020 1541 260.
1079 1469 1697 1544 INNOVATIO

227 1582 1173 1658 CONSTITUTIONIS
1228 1586 1742 1659 DUCATUS
1789 1589 2358 1662 AUSTRIAE.

1153 1712 1295 1759 1245.
1332 1713 1439 1759 Iun.

120 1875 153 1899 15
342 1854 416 1898 Usa·
446 1868 590 1898 s‘zmzus
621 1857 838 1908 codicibus
870 1870 971 1910 quos
1004 1858 1088 1898 iam
1121 1858 1168 1898 *in
1190 1858 1343 1899 edendo
1371 1859 1592 1913 privilegio
1613 1859 1827 1901 Frideriez'
1847 1862 1883 1903 I.
1920 1862 2083 1903 ‘minus’
2113 1862 2220 1903 dieto
2249 1867 2399 1915 (supra

188 1927 278 1966 tom.
296 1925 334 1977 I,
356 1938 421 1968 nr.
438 1927 553 1982 159),
585 1926 694 1979 quod
713 1929 854 1968 nostro
876 1927 1078 1969 insertum
1100 1930 1168 1978 est,
1190 1927 1458 1970 adhibuimus
1466 1943 1479 1980 ;
1510 1931 1583 1982 qui
1604 1933 1724 1971 sunt:
1763 1929 1801 1986 1)
1825 1931 1948 1972 codex
1974 1930 2301 1973 Ve‘ndobonensis
2320 1932 2402 1972 543

188 1993 320 2048 (Hist.
346 1994 464 2050 prof.
487 1997 590 2043 678)
621 2008 725 2038 saec.
750 1996 886 2038 XIII.
915 2009 976 2038 αϊ.
1004 1995 1084 2051 fol.
1107 1998 1214 2048 214;
1253 1998 1426 2040 contulit
1456 1998 1574 2040 Kelcr
1601 2001 1764 2054 pariter
1795 2002 1917 2053 alque
1945 2001 2114 2042 codicem
2137 2003 2185 2046 3:
2219 2000 2262 2056 2)
2296 2001 2402 2052 eopi-

187 2064 308 2106 arius
338 2063 606 2107 Pataviense's
627 2065 963 2118 Lonsdorfz'ewzsis
994 2067 1040 2106 in
1073 2067 1282 2108 tabulario
1314 2069 1432 2119 requi
1453 2068 1672 2110 Βαιιτινὶοί
1694 2072 1931 2111 asservatus
1960 2083 2063 2111 soce.
2090 2070 2229 2121 XIII,
2261 2082 2401 2111 seemi-

188 2134 285 2175 dum
323 2134 539 2177 editionem
570 2134 940 2176 Illonumcntorum
971 2135 1196 2177 Boieormn
1230 2136 1463 2188 XXVIII,
1485 2139 1524 2189 2,
1548 2139 1653 2189 351,-
1695 2138 1738 2194 3)
1780 2139 1903 2180 codex
1935 2138 2262 2180 Vindobonensis
2289 2141 2402 2180 :2733

121 2220 155 2246 20
189 2202 322 2257 (Hist.
351 2203 470 2259 prof.
501 2205 604 2255 915)
641 2217 744 2247 saec.
776 2204 911 2245 XIII.
947 2203 1027 2258 fol.
1061 2207 1125 2245 10.
1195 2205 1511 2248 Imzovatz'oncm
1546 2207 1779 2260 privileyii,
1822 2208 1930 2260 qaod
1967 2208 2110 2249 dicunt
2142 2209 2313 2259 ‘maius',
2357 2209 2401 2248 in

186 2272 467 2326 Appendiecm
499 2274 739 2326 spuriormn
772 2273 998 2315 reiecimus.
1061 2273 1293 2316 Lectionem
1316 2275 1474 2317 duobus
1504 2276 1604 2317 locis
1631 2290 1702 2329 ope
1727 2278 1942 2331 privileyii
1964 2279 2137 2319 arctioris
2158 2278 2295 2330 spur-effe
2318 2277 2401 2333 (M)

187 2341 504 2383 emendavimus.
539 2368 593 2371 ——
626 2341 1097 2384 Huillard-Breholles
1126 2343 1197 2394 VI,
1219 2345 1317 2386 291.
1379 2344 1575 2395 Bo'lzmer,
1610 2345 1708 2398 Req.
1744 2347 1838 2398 imp.
1876 2346 1949 2397 VI,
1971 2349 2096 2388 3482.

2019 2416 2091 2470 (P.
2115 2417 2258 2470 deest.)

334 2514 384 2555 In
418 2515 589 2556 nomine
631 2519 778 2556 sancte
821 2520 864 2556 et
904 2516 1126 2557 individue
1159 2516 1426 2560 Trinitatisa.
1489 2518 1763 2560 Friderieusb
1798 2519 2013 2560 secundus
2049 2520 2192 2561 divina
2223 2520 2396 2560 favente

123 2600 155 2626 25
193 2585 425 2625 clementia
448 2583 744 2624 Romanorum
777 2585 1011 2640 imperator
1045 2600 1218 2641 semper
1249 2591 1474 2642 augustus,
1511 2587 1753 2628 Ierusalem
1788 2594 1830 2628 et
1861 2588 2021 2643 Sycilie
2056 2595 2169 2629 rex0.
2270 2588 2399 2628 Iustis

191 2653 429 2709 principum
475 2658 720 2694 nostrorum
774 2654 1065 2708 peticionibus
1119 2655 1497 2697 condescendered
1547 2657 1753 2710 cogimur,
1800 2663 1931 2711 quas⁰
1975 2657 2056 2697 nisi
2102 2657 2402 2697 favorabiliter

191 2722 453 2776 audiremus,
487 2722 695 2764 obaudire
720 2722 831 2777 quod
864 2724 976 2764 iuste
999 2725 1161 2778 petitur
1191 2738 1268 2779 per
1289 2725 1487 2766 iniuriam
1512 2725 1772 2766 videremur.
1828 2724 2073 2781 Eapropter
2103 2725 2198 2781 pers
2222 2739 2400 2780 presens

191 2792 464 2847 privilegium
506 2792 676 2833 noverit
715 2797 804 2832 tam
846 2806 1026 2847 presens
1061 2799 1153 2835 etas
1198 2808 1325 2849 quam
1359 2802 1645 2836 successurag
1677 2795 1929 2849 posteritas.
1977 2795 2086 2850 quod
2122 2794 2400 2835 Friderieusb

193 2862 282 2904 dux
311 2863 490 2904 Austrie
524 2863 595 2904 eth
629 2862 772 2918 Styrie
806 2877 855 2904 ac
889 2863 1089 2905 dominus
1113 2864 1321 2907 Karniole
1355 2865 1539 2906 dilectus
1573 2866 1772 2920 princeps
1807 2878 1856 2904 ac
1881 2865 2228 2919 consanguineus
2253 2870 2399 2904 noster

126 2944 160 2970 30
194 2931 406 2986 quoddam
439 2931 713 2987 privilegium
747 2932 830 2972 divi
865 2934 1037 2987 augusti
1072 2935 1346 2989 imperatoris
1380 2934 1595 2990 quondam
1630 2933 1868 2974 Friderioib
1903 2933 1992 2973 avii
2026 2934 2154 2973 nostri
2191 2933 2398 2973 memorie

193 3001 464 3043 excolendek
496 3001 726 3043 Heinricol
759 3001 974 3057 quondam
1019 3002 1115 3043 duci
1149 3003 1326 3044 Austrie
1367 3017 1527 3059 proavo
1567 3017 1644 3043 suo
1685 3002 1923 3044 liberaliter
1955 3001 2154 3042 dudumm
2188 3001 2399 3042 indultum

191 3074 337 3111 nostro
371 3070 546 3112 culmini
588 3071 881 3126 presentavit,
924 3072 1173 3127 supplicans
1217 3073 1447 3124 attentius,
1489 3077 1537 3113 ut
1571 3073 1609 3113 ei
1643 3071 1748 3112 illud
1794 3071 2032 3111 innovareu
2066 3075 2108 3111 et
2141 3070 2285 3110 omnia
2318 3084 2400 3125 que

193 3140 465 3181 eontinentur
505 3140 546 3180 in
590 3153 641 3181 eo
684 3140 939 3181 confirmare
979 3139 1031 3180 de
1074 3145 1248 3182 nostra⁰
1281 3142 1422 3196 gratia
1463 3140 1751 3195 dignaremur.
1816 3139 1948 3180 Cuius
1992 3144 2114 3180 tenor
2147 3154 2223 3194 per
2257 3139 2399 3179 omnia

193 3208 293 3249 talis
327 3214 411 3250 est:

127 3286 158 3312 ³⁵
339 3278 404 3319 ‘In
434 3278 608 3319 nomine
643 3282 791 3319 sancte
827 3303 876 3308 —
911 3279 1074 3333 quinto,
1107 3279 1279 3333 imperii
1313 3278 1533 3320 secundo'.
1596 3291 1727 3329 supra
1760 3281 1852 3319 tom.
1876 3277 1911 3327 I,
1947 3289 2012 3317 nr.
2032 3278 2126 3318 159.

333 3346 422 3388 Nos
456 3347 619 3402 itaque,
652 3347 725 3401 qui
756 3346 884 3388 fidem
919 3352 962 3388 et
995 3347 1206 3401 obsequia
1238 3351 1483 3388 nostrorum
1507 3347 1746 3402 principum
1770 3360 1852 3387 non
1876 3347 2064 3400 patimur
2086 3347 2401 3387 irremunerata

193 3416 399 3468 transire,
441 3417 718 3458 attendentes
757 3416 887 3458 fidem
930 3431 1081 3472 puram
1125 3421 1168 3457 et
1208 3416 1485 3458 devotionem
1530 3417 1764 3468 sinceram,
1807 3429 1937 3470 quam
1969 3413 2189 3469 predictus
2224 3414 2312 3455 dux
2346 3414 2397 3454 ad

330 3541 417 3577 260.
449 3543 479 3584 ²)
506 3555 608 3576 amen
632 3544 714 3577 add.
732 3543 764 3577 3.
883 3544 916 3585 b)
950 3544 1122 3576 Fridricus
1150 3543 1179 3576 1.
1206 3542 1238 3581 3,
1264 3544 1391 3575 similia
1415 3554 1555 3585 semper.
1673 3542 1702 3583 c)
1735 3553 1794 3574 rex
1820 3547 1853 3574 et
1878 3542 2003 3584 Sycilie
2029 3540 2061 3574 2.
2181 3539 2214 3583 d)
2240 3551 2401 3573 conscen-

194 3598 272 3632 dere
295 3597 328 3633 2.
460 3599 492 3644 e)
517 3612 706 3644 quesumus
731 3600 763 3634 3.
904 3598 931 3644 f)
957 3613 1018 3645 per
1043 3602 1133 3635 deest
1157 3599 1188 3634 3.
1327 3601 1362 3643 8)
1388 3601 1584 3634 successiva
1612 3599 1640 3631 1.
1666 3598 1697 3632 3.
1837 3597 1870 3640 h)
1895 3610 1936 3632 ac
1960 3599 1992 3632 3.
2124 3597 2146 3639 i)
2173 3599 2286 3631 domni
2313 3597 2343 3629 1.
2369 3596 2401 3629 3.

128 3657 162 3684 4⁰
195 3651 230 3699 k)
255 3658 431 3691 recolende
456 3659 504 3691 M.
614 3660 638 3701 l)
662 3660 828 3692 Hainrico
855 3659 894 3698 1;
921 3660 1077 3692 Hainriei
1102 3658 1133 3692 3.
1239 3659 1282 3701 m)
1309 3660 1449 3691 ductum
1475 3658 1506 3690 2.
1613 3662 1646 3698 1¹)
1673 3658 1719 3689 sic
1736 3657 1792 3696 M,·
1817 3668 1983 3690 renovare
2011 3655 2108 3689 1—3.
2213 3661 2244 3696 0)
2270 3666 2344 3687 mea
2369 3653 2400 3685 3.
