2558 3970
621 170 854 206 RICHARDI
881 171 1019 206 REGIS
1045 172 1476 208 CONS'PI'I'UTIONES.
1531 175 1627 209 12:36.
1678 174 1962 210 mame-381.
2306 177 2378 217 481

193 288 456 343 Aquensem,
489 286 737 329 Cunradum
769 287 903 328 filium
936 287 1093 328 domini
1126 287 1178 328 de
1205 288 1377 344 Sleyda,
1403 288 1613 329 wiricum
1649 289 1867 330 dominum
1891 289 1943 330 ‹le
1970 289 2112 334 Duna.
2147 290 2385 331 lIenricum

192 357 371 399 militem
415 355 467 397 de
511 355 784 412 Gymmenig.
856 355 939 403 Qui
981 371 1025 397 sc
1073 356 1374 411 obligaverunt
1418 358 1496 398 sub
1538 358 1611 398 tuli
1655 359 1808 399 ferma.
1853 358 2032 414 quodsi
2073 358 2265 414 predicta
2298 364 2382 399 tam

193 426 354 468 solucio
386 425 604 466 nominate
638 425 818 481 pecunie
852 439 979 480 quam
1013 425 1096 466 alia
1120 440 1144 466 a
1172 426 1295 466 nobis
1331 427 1544 481 promissa
1575 427 1781 482 perducta
1805 442 1887 468 non
1913 428 2066 468 fuerint
2091 428 2141 468 ad
2167 428 2384 469 effectum.

191 499 278 537 tam
303 508 380 536 nos
404 508 531 550 quam
555 493 830 535 fideiussores
854 495 988 535 nostri
1011 493 1194 550 predicti
1219 495 1427 536 Leodium
1453 496 1706 537 intrabimus
1732 496 1827 537 inde
1853 512 1933 537 nen
1959 498 2129 539 exituri.
2160 511 2383 552 quousque

137 583 151 607 ⁵
189 564 304 606 dicto
342 562 390 604 L.
424 563 567 604 comiti
606 563 797 619 palatino
837 562 889 604 de
928 562 1132 618 predictis
1173 564 1370 604 omnibus
1413 565 1604 620 plenarie
1649 566 1775 606 fuerit
1819 566 2100 607 satisfactum.
2174 566 2219 607 ln
2263 567 2383 607 cuius

189 633 250 674 rei
291 632 581 674 testimonium
626 637 668 673 et
709 632 838 673 robur
879 637 1127 688 presentem
1169 633 1370 687 paginam
1416 634 1544 688 sigilli
1590 635 1721 675 nestri
1756 635 1988 675 munimine
2022 635 2221 676 (luximus
2256 635 2382 676 robo-

192 701 383 744 randam.
473 700 563 742 Nos
593 700 764 756 quidem
788 701 1065 743 fideiussores
1099 703 1315 756 prenotati
1339 702 1391 743 ad
1422 702 1686 743 evidenciam
1712 704 1912 744 maiorem
1937 703 1988 744 ud
2017 703 2207 758 predicta
2231 704 2377 744 obscr-

191 771 333 813 vanda
364 784 442 826 per
472 769 601 812 fidem
633 770 778 812 datam
811 784 887 812 nos
921 770 1191 812 fideiussorie
1216 771 1503 826 obligavimus
1536 777 1577 812 et
1610 772 1687 813 hoe
1713 787 1788 828 per
1811 773 2122 828 appositionem
2148 774 2383 827 sigillorum

191 845 434 882 nostrorum
467 840 658 896 presenti
691 839 843 881 eedule
877 839 1143 881 declaramus
1179 854 1255 882 seu
1288 844 1590 895 protestamur.

125 929 157 953 ιο
338 909 449 950 Aeta
491 913 590 950 sunt
629 909 708 950 hee
747 909 1021 965 presentibus
1064 914 1107 951 et
1144 910 1331 951 testibus
1366 910 1468 951 viris
1508 910 1721 951 nobilibus
1756 910 1955 951 Conrado
1998 912 2151 951 comite
2188 912 2385 952 Silucstri

192 984 236 1021 et
267 978 317 1020 E.
345 979 430 1020 filio
461 992 552 1029 suo,
586 977 818 1020 Frederico
851 978 904 1020 de
934 978 1106 1034 Slcyda,
1141 979 1359 1021 Alberone
1394 979 1445 1021 de
1477 979 1699 1035 Brucberg
1735 980 1951 1030 militibus,
1978 981 2140 1021 &Virico
2171 980 2222 1020 de
2250 980 2388 1031 l)una,

190 1049 269 1091 Ph.
305 1048 359 1090 de
390 1047 603 1100 Honuels,
637 1047 811 1089 Simone
845 1048 1059 1090 seholteto
1093 1048 1410 1102 Confluentino,
1446 1049 1637 1091 Bertolfo
1670 1050 1722 1091 de
1757 1050 1997 1104 Schilberg,
2032 1051 2235 1105 pincerna
2264 1052 2306 1090 (¹.
2337 1050 2389 1090 ‹lc

192 1117 380 1174 Erpach,
412 1117 666 1158 Hermanno
699 1117 751 1159 de
784 1117 1125 1174 Hegelenbergc
1159 1123 1202 1160 et
1232 1119 1320 1160 filio
1360 1119 1502 1160 fratris
1537 1120 1599 1160 sui
1634 1119 1947 1174 EngelshalcO.
1984 1120 2173 1160 Il‹·nric‹›
2207 1119 2258 1160 ‹le
2295 1119 2386 1159 llri-

193 1188 365 1243 singen,
397 1185 658 1227 Kcrtefordo
691 1185 744 1228 de
778 1187 940 1243 Apulia
972 1192 1015 1229 et
1047 1202 1173 1243 quam
1208 1188 1404 1244 pluribus
1438 1189 1532 1230 aliis
1566 1193 1652 1230 tam
1686 1189 1818 1244 laycis
1856 1203 1981 1244 quam
2016 1189 2194 1232 clericis.

123 1274 155 1300 15
335 1255 462 1297 Anno
494 1255 669 1297 Domini
702 1256 942 1310 MCCLVI,
975 1258 1017 1298 in
1051 1258 1237 1300 crastino
1272 1257 1481 1300 Katerine
1517 1258 1706 1313 virginis.

285 1438 388 1483 380.
428 1441 738 1486 LUDOVICI
765 1441 1072 1484 PALATINI
1099 1441 1441 1484 PROMISSJO
1472 1441 1563 1483 DJ«)
1591 1441 1946 1485 ELECTIONE
1973 1442 2298 1485 Rlcllsllffll.

1114 1513 1238 1554 1256.
1271 1513 1373 1554 Nov.
1398 1514 1466 1552 26.

335 1593 466 1635 Edita
498 1596 556 1635 est
587 1593 774 1647 ‘thellcn
802 1592 891 1634 und
910 1593 1236 1647 Era-terzcnyen’
1270 1593 1315 1644 V,
1343 1594 1424 1633 158
1454 1606 1520 1635 ην.
1543 1595 1595 1632 61
1628 1608 1678 1634 (υ,-
1708 1592 1848 1634 euclem
1881 1592 2119 1633 membrana
2149 1607 2197 1632 (ιο
2228 1605 2291 1631 nr.
2309 1595 2393 1631 377

194 1666 232 1705 et
261 1664 357 1706 378.
392 1687 447 1693 —
477 1662 673 1713 Bo‘ltmcr,
706 1661 805 1716 Rey.
828 1662 924 1714 imp.
958 1661 1002 1713 V,
1028 1665 1179 1703 11767.
2014 1661 2084 1713 (Ρ.
2107 1661 2248 1707 deest.)

123 1797 157 1823 20
335 1778 384 1821 L.
417 1778 502 1821 Dei
532 1779 679 1835 gracia
711 1791 857 1820 comes
896 1778 1111 1834 palatinus
1144 1777 1287 1819 Rheni
1320 1778 1407 1819 dux
1439 1777 1653 1820 Bawarie.
1773 1776 1983 1819 Omnibus
2018 1777 2292 1833 presencium
2327 1776 2390 1816 in-

193 1848 463 1905 spectoribus
507 1848 706 1889 volumus
748 1862 845 1889 esse
886 1851 1058 1898 notum,
1101 1847 1214 1902 quod
1257 1862 1332 1888 nos
1374 1848 1616 1889 iuramento
1660 1848 1872 1903 corporali
1916 1861 2047 1902 super
2092 1846 2169 1887 hoc
2211 1846 2392 1900 prestito

194 1918 471 1974 magnificum
504 1917 742 1974 principem
775 1917 1014 1959 Rikardum
1049 1917 1250 1959 comitem
1285 1917 1526 1968 Cornubie,
1560 1918 1736 1959 fratrem
1772 1918 1885 1971 regis
1919 1916 2099 1970 Anglie,
2132 1914 2184 1955 ad
2223 1914 2336 1956 diem
2370 1929 2395 1955 a

194 1987 538 2044 conprincipibus
577 1988 732 2029 nostris
773 2002 822 2029 ac
863 2002 888 2028 a
928 1987 1052 2028 nobis
1086 1986 1327 2028 condictam
1362 2001 1439 2028 seu
1479 1991 1755 2042 prorogatam
1789 1991 1831 2027 et
1864 1986 2137 2027 observatam
2172 1985 2212 2024 in
2248 1998 2391 2038 regem

194 2057 424 2113 Alymanic
457 2061 500 2098 et
531 2057 715 2098 Romani
753 2057 921 2113 imperii
954 2057 1289 2112 gubernatorem
1329 2057 1541 2111 eligemus
1574 2060 1617 2097 et
1649 2056 1692 2097 in
1733 2056 1873 2111 ipsum
1907 2068 2076 2096 exnunc
2110 2054 2285 2095 inantea
2317 2068 2393 2094 ex-

126 2143 157 2168 25
194 2140 393 2183 pressum
425 2141 475 2168 ac
506 2126 785 2168 manifestum
818 2127 1049 2182 prebemus
1079 2140 1127 2167 ac
1160 2125 1452 2182 prestabimus
1484 2139 1708 2166 assensum
1742 2131 1849 2166 neca
1881 2124 1922 2165 in
1954 2124 2099 2171 alium,
2132 2123 2212 2164 nisi
2235 2122 2394 2163 dictum

193 2195 247 2238 R.
281 2195 483 2237 comitem
509 2194 725 2237 Cornubie
750 2196 860 2237 viam
891 2196 1093 2237 universe
1120 2195 1262 2236 earnis
1286 2194 1453 2250 ingredi
1477 2194 1718 2249 eontigerit,
1751 2198 1896 2235 votum
1926 2198 2121 2234 nostrum
2145 2192 2395 2246 dirigemus,

194 2265 365 2307 adiecto
399 2265 513 2321 quod
547 2280 622 2307 nos
655 2265 741 2308 dici
773 2280 798 2307 a
830 2266 1181 2322 conprincipibus
1214 2265 1373 2306 nostris
1405 2279 1454 2306 ae
1487 2280 1513 2306 a
1545 2264 1669 2306 nobis
1703 2264 1869 2320 prefixe
1894 2276 1969 2304 seu
1993 2263 2226 2317 assignate,
2262 2267 2308 2301 ut
2331 2265 2395 2302 est

197 2334 470 2390 premissum,
503 2336 790 2391 personaliter
810 2336 1084 2378 intererimus
1113 2334 1400 2390 adimplentes
1429 2333 1602 2383 ibidem,
1636 2348 1718 2388 que
1753 2333 1794 2373 in
1828 2331 2087 2387 supradictis
2121 2331 2395 2385 promisimus

193 2418 271 2460 per
310 2405 580 2460 presenciam
622 2406 905 2461 corporalem.
979 2405 1030 2446 In
1073 2405 1195 2447 cuius
1235 2405 1297 2447 rei
1339 2403 1631 2445 testimonium
1665 2408 1709 2444 et
1741 2402 1870 2443 robur
1909 2404 2155 2456 presentem
2189 2400 2392 2454 paginam

127 2491 161 2516 30
199 2474 330 2530 sigilli
360 2474 496 2516 nostri
527 2475 762 2516 munimine
795 2475 1061 2516 roboramus.

339 2543 502 2586 Datum
527 2558 637 2586 anno
665 2543 878 2586 dominice
907 2543 1220 2585 incarnacionis
1244 2541 1482 2594 MCCLVI,
1516 2553 1662 2583 mense
1685 2539 1919 2590 Novenbri,
1948 2539 1990 2580 in
2015 2537 2201 2580 crastino
2227 2536 2389 2578 Kathe-

199 2613 291 2656 rine
323 2613 513 2669 virginis.

285 2749 387 2793 381.
430 2749 738 2794 IOHANNIS
771 2750 864 2792 DE
889 2751 1157 2793 AVESNIS
1194 2747 1532 2793 PROMISSIO
1564 2747 1653 2789 DE
1680 2745 1913 2788 SICILIA
1950 2743 2309 2786 CONRADINO

883 2818 1304 2863 DIMITTENDA.
1367 2818 1489 2859 1256.
1521 2817 1625 2858 Noe).
1648 2818 1716 2857 26.

132 2921 164 2947 35
344 2901 417 2943 Ex
445 2901 704 2955 autoyrapho
734 2901 938 2943 tabularii
967 2901 1111 2943 domus
1141 2900 1278 2954 reyiae
1306 2898 1571 2948 Bawaricae,
1603 2897 1721 2939 cuius
1750 2895 1934 2949 siyillum
1965 2893 2148 2946 deperiit,
2181 2893 2397 2934 ediderunt

206 2970 504 3014 Winkelmamt
538 2970 658 3012 ‘Acta
689 2970 856 3023 imperii
885 2970 1059 3012 inedita'
1091 2970 1126 3020 I,
1151 2970 1234 3010 583
1264 2982 1332 3010 nr.
1357 2969 1439 3009 739
1469 2967 1653 3019 exemplo
1684 2978 1784 3006 usus
1815 2964 1898 3005 viri
1928 2964 1978 3005 cl.
2001 2963 2047 3004 F
2046 2962 2156 3003 ich—er
2175 2965 2212 3003 et
2232 2961 2397 3002 Riezlcr

201 3040 511 3094 ‘Forschunyen
541 3052 618 3081 zur
650 3039 885 3082 Deutsclzen
919 3039 1168 3083 Geschichte'
1205 3039 1308 3089 XX,
1329 3040 1416 3079 236
1446 3050 1512 3079 ur.
1538 3039 1574 3077 1.
1610 3059 1659 3065 —
1694 3034 1888 3083 Bohmcr,
1918 3032 2014 3086 ch.
2049 3033 2144 3085 imp.
2175 3031 2219 3081 V,
2247 3033 2394 3071 11761).

2021 3100 2090 3152 (P.
2113 3100 2254 3152 deest.)

346 3202 564 3244 Iohannes
597 3202 649 3244 de
673 3202 881 3253 Avennis,
913 3201 1227 3258 primogenitus
1260 3201 1371 3242 filius
1406 3200 1624 3242 comitisse
1649 3196 1850 3239 Flandrie
1884 3200 1925 3236 et
1946 3193 2178 3235 Hannonie
2202 3191 2396 3240 illustris,

133 3283 167 3309 40
204 3271 402 3314 omnibus
434 3271 515 3313 hec
546 3272 703 3313 visuris
734 3272 919 3313 salutem
949 3271 992 3311 in
1021 3270 1220 3312 Domino.
1339 3269 1573 3321 Noveritis‚
1607 3265 1718 3323 quod
1754 3280 1831 3306 nos
1863 3263 2018 3305 illustri
2053 3262 2141 3302 viro
2166 3259 2396 3302 Lvdewico

202 3339 289 3381 Dei
318 3340 469 3395 gracia
505 3341 651 3382 comiti
692 3340 881 3397 palatino
924 3354 972 3381 ae
1012 3339 1109 3380 duci
1142 3338 1338 3380 Bawarie
1379 3336 1718 3393 repromittimus
1758 3339 1801 3376 et
1843 3332 1896 3374 ad
1936 3332 2017 3373 hec
2062 3344 2141 3386 per
2172 3333 2396 3384 presentes

203 3409 372 3451 litteras
404 3409 663 3465 obligamus,
696 3409 808 3466 quod
841 3414 1071 3465 postquam
1104 3407 1302 3449 dominus
1334 3405 1577 3448 Richardus
1611 3417 1754 3445 comes
1788 3401 2005 3443 Cornubie
2037 3399 2079 3440 in
2111 3411 2258 3452 regem
2291 3397 2395 3438 Ale-

205 3478 376 3520 mannie
415 3478 545 3520 fuerit
588 3479 772 3531 electus,
812 3478 927 3520 idem
957 3478 1007 3519 R.
1042 3477 1238 3519 omnibus
1280 3474 1605 3518 condicionibus
1641 3471 1719 3529 [et]
1754 3469 2028 3527 pactionibus
2067 3467 2395 3523 quibuscunque

206 3561 334 3603 super
365 3561 498 3603 regno
535 3547 680 3590 Sicilie
714 3552 757 3589 et
789 3548 881 3590 eius
912 3547 1192 3603 pertinenciis
1224 3545 1384 3587 habitis
1418 3542 1692 3586 renunciabit
1724 3554 1802 3582 nee
1835 3538 1968 3580 filium
1999 3535 2157 3577 domini
2181 3533 2396 3575 Chvnradi

139 3634 172 3660 45
208 3616 278 3657 vel
310 3616 402 3658 eius
441 3616 624 3658 heredes
657 3631 785 3673 super
817 3617 929 3658 dicto
967 3630 1100 3672 regno
1133 3615 1333 3658 decetero
1366 3612 1613 3655 molestabit
1645 3615 1687 3652 et
1727 3611 1869 3666 ipsum
1901 3608 1944 3648 in
1975 3606 2067 3647 iure
2100 3618 2195 3655 suo,
2236 3608 2322 3644 tam
2353 3603 2395 3643 in

343 3705 430 3742 380.
463 3708 494 3749 8)
519 3719 563 3741 110
587 3720 614 3741 c.

344 3779 393 3804 ιι.
420 3779 702 3804 CONSTlTUTloNES
726 3781 759 3804 11.
1663 3804 1668 3809 ,
2082 3758 2125 3791 61
