2558 3970
98 918 129 942 lo

98 1264 129 1288 15

103 2314 136 2338 3⁰

103 2660 136 2686 35

105 3003 139 3029 40

108 3350 140 3375 45

680 168 880 203 ALFONsl
912 169 1049 205 ltrzels
1075 168 1506 203 coNs'l'l'rU'l‘lotx'Es.
1559 170 1656 204 1257.
1707 169 1766 203 Nr.
1786 170 1862 204 1597.
2283 173 2363 209 5⁰23

167 284 329 325 tissime
362 289 680 339 presentarunt.
713 284 852 326 eidem
888 299 940 324 ex
976 290 1095 340 purte
1131 285 1385 339 principum.
1424 285 1696 339 prelatorum.
1737 285 1939 325 nobilium
1971 293 2011 324 vt
2038 286 2362 326 universitatum

167 352 422 403 Theotonie,
455 366 635 408 quorum
661 353 790 395 etiam
814 354 854 394 in
879 354 1120 408 quantitate
1146 354 1333 393 maxima
1358 355 1518 408 scriptu
1544 360 1582 393 et
1612 354 1774 394 littei-us
1800 360 2115 408 p1·‹·s‹,·ntm·u=u.
2148 354 2365 395 humiliter

168 421 474 477 supplicantes,
507 422 618 477 quod
652 423 853 464 electioni
887 422 1145 470 huiusmodi,
1179 437 1260 477 que
1286 438 1310 462 a
1336 422 1428 463 Deo
1456 430 1497 463 et
1523 424 1670 477 previa
1693 424 1930 478 apostolice
1957 423 2070 464 sedis
2095 424 2363 464 ordinatione

167 494 374 542 cesserat,
408 492 684 533 consentiret.

311 562 378 602 30.
411 560 521 601 Item
555 561 667 616 quod
707 561 819 603 idem
854 560 1049 602 dominus
1084 575 1159 601 rex
1193 560 1244 601 de
1289 561 1433 600 matris
1468 561 1649 600 ecclesie
1687 562 1832 601 fuvere
1867 562 2052 601 conlisus
2087 575 2181 601 vum
2217 562 2363 601 favore

167 634 212 671 et
243 630 421 671 consilio
453 629 610 672 domini
644 632 756 686 regis
780 631 963 672 Francie
996 635 1038 671 et
1071 631 1251 670 fratrum
1288 644 1477 673 suorum,
1511 630 1563 670 de
1599 631 1778 670 consilio
1803 631 1932 670 elium
1960 644 2104 680 regum
2133 630 2364 681 Arugonie,

165 698 375 750 Navarre,
399 699 650 755 Portugalie
674 706 716 742 et
738 702 917 742 aliorum
944 701 1174 740 multorum
1200 699 1441 754 principum
1468 706 1510 738 et
1536 699 1739 739 nobilium
1765 700 2102 740 christianitatis.
2127 699 2363 740 deliberato

166 769 294 810 ctiam
337 783 510 810 suorum
555 770 757 818 consilio,
807 770 1012 811 canonico
1058 769 1259 810 electioni
1298 768 1350 809 de
1394 784 1439 808 sc
1490 769 1602 809 l'ucte
1645 769 1863 808 consensit
1905 775 1947 807 et
1990 768 2205 818 negotium
2253 768 2364 808 istud

166 838 402 893 assumpsit
433 839 613 894 imperii.

312 908 379 949 31.
420 907 529 949 Item
572 908 685 963 quod
726 908 956 948 multorum
1007 907 1270 962 principum,
1314 905 1541 949 nobilium,
1587 905 1809 945 civitatum
1853 910 1895 945 et
1936 905 2114 945 aliarum
2157 911 2363 944 terrarum

168 975 335 1032 imperii
376 977 617 1018 iuramenta
659 977 877 1018 fidelitatis
921 981 963 1017 et
1004 976 1328 1032 possessionem
1362 989 1509 1015 eorum
1547 974 1711 1028 recepit
1744 989 1819 1029 per
1855 975 2043 1022 nuntios,
2088 974 2293 1014 officiales
2326 980 2362 1011 vt

168 1045 350 1087 vicarios
384 1060 505 1093 suos,
539 1061 644 1102 quos
679 1047 875 1088 consulte
909 1061 986 1102 per
1017 1046 1208 1087 diversas
1244 1048 1390 1100 partes
1423 1043 1665 1084 'I'lieotouie
1700 1049 1741 1083 et
1775 1043 1882 1083 alius
1917 1042 2129 1082 ordinavit
2162 1048 2205 1081 ct
2239 1042 2364 1082 misit.

312 1115 377 1154 32.
412 1114 520 1157 Item
553 1116 667 1171 quod
702 1117 858 1158 multos
891 1117 1122 1172 principes,
1156 1115 1322 1156 nobiles
1357 1118 1400 1154 et
1434 1117 1659 1167 magnates
1686 1113 1912 1153 Alanumie
1945 1111 2117 1152 adeum
2149 1118 2364 1165 tamquam

168 1183 221 1225 ad
253 1183 472 1225 dominum
505 1199 629 1226 suum
662 1185 818 1227 devote
852 1186 892 1227 in
928 1186 1166 1241 Yspaniam
1202 1184 1426 1225 venientes
1459 1197 1555 1223 cum
1581 1182 1751 1222 vexillis
1777 1187 1819 1222 et
1851 1181 1945 1222 aliis
1976 1180 2366 1236 sollempnitutibus

171 1253 292 1295 iuxta
333 1268 496 1296 morem
537 1255 703 1311 imperii
746 1255 1029 1296 observandis
1072 1254 1125 1295 de
1176 1253 1340 1304 feudis,
1387 1251 1624 1293 honoribus
1666 1257 1708 1291 et
1750 1249 2140 1295 iurisdictionibus,
2189 1264 2269 1304 que
2315 1249 2367 1287 nl»

165 1322 344 1378 imperio
378 1327 546 1375 tenent,
580 1324 880 1379 sollempniter
911 1323 1133 1365 investivit
1166 1327 1208 1364 et
1242 1322 1405 1376 recepit
1437 1321 1490 1361 ab
1524 1321 1584 1360 cis
1619 1320 1835 1360 fidelitatis
1868 1319 2014 1359 debite
2049 1320 2301 1359 iuramenta.

312 1394 378 1434 33.
413 1392 523 1434 Item
556 1392 667 1448 quod
701 1393 900 1435 dominus
935 1408 1026 1444 rex⁷
1061 1393 1172 1434 sicut
1205 1392 1297 1433 fieri
1330 1390 1483 1432 debuit
1517 1395 1560 1431 et
1594 1390 1819 1444 processit,
1855 1388 1906 1429 ‹le
1933 1389 2154 1428 voluntate
2189 1395 2232 1428 et
2265 1402 2363 1427 von-

167 1461 262 1503 silio
304 1476 479 1503 suorum
523 1463 762 1518 principum
803 1478 880 1518 per
918 1463 1090 1504 nuntios
1133 1476 1232 1503 suos
1273 1466 1316 1503 ct
1354 1460 1563 1501 dictorum
1611 1459 1852 1514 principum
1887 1472 1981 1498 cum
2015 1458 2100 1497 suis
2132 1456 2184 1497 ud
2220 1456 2366 1496 sedem

167 1531 446 1587 apostolicam
500 1532 761 1574 aecedentes
804 1533 884 1574 hee
930 1533 1072 1574 omnia
1115 1546 1192 1587 per
1234 1530 1460 1572 electionis
1507 1543 1582 1569 suc
1623 1528 1867 1577 decretum,
1918 1528 2081 1567 litteras
2124 1533 2165 1567 et
2209 1526 2367 1580 scriptu

168 1601 407 1657 principum
451 1602 688 1644 electorum
727 1607 770 1644 et
811 1603 898 1644 alia
939 1602 1113 1658 publica
1145 1601 1412 1642 munimenta
1445 1598 1739 1654 predecessori
1775 1602 1914 1638 vestro
1948 1595 2160 1652 (piendam
2196 1595 2366 1635 domino

167 1670 462 1728 A(lexandro)
496 1676 538 1713 et
571 1671 775 1713 fratribus
809 1673 897 1714 suis
929 1672 1129 1713 nuntiare
1163 1670 1344 1712 curavit.

312 1741 379 1781 34.
413 1740 523 1782 Item
556 1740 669 1796 quod
702 1740 897 1796 predicta
928 1741 1170 1791 decretum,
1204 1739 1365 1794 scripta
1397 1742 1441 1779 et
1474 1738 1616 1779 littere
1651 1738 1825 1777 fuerunt
1857 1735 2073 1786 exhibita,
2121 1738 2295 1775 ostensa
2328 1737 2368 1772 et

168 1810 280 1851 lecta
312 1823 455 1851 coram
488 1810 640 1852 codem
676 1810 983 1866 predecessore
1018 1814 1162 1851 vestro
1194 1814 1238 1851 et
1271 1808 1476 1850 fratribus
1510 1808 1598 1848 suis
1634 1808 1674 1847 iu
1705 1806 1876 1862 publico
1911 1804 2169 1845 consistorio
2202 1803 2240 1843 in
2266 1802 2365 1842 civi-

169 1884 257 1922 tate
289 1880 371 1921 ista
402 1880 716 1932 Viterbiensi¹‚
749 1883 952 1936 presente
987 1880 1117 1922 etiam
1150 1883 1272 1935 parte
1305 1877 1502 1919 adversa.

316 1952 383 1991 35.
416 1949 528 1992 Item
561 1950 676 2005 quod
709 1964 787 2006 per
819 1949 997 1991 eosdem
1031 1948 1203 1990 nuntios
1237 1962 1337 1988 suos
1371 1950 1414 1988 et
1451 1946 1693 2001 principum
1736 1948 1837 1985 tunc
1870 1949 1913 1984 et
1948 1958 2024 1998 per
2055 1944 2160 1984 ulios
2196 1956 2367 1982 succes-

170 2019 261 2060 sive
303 2019 462 2075 pluries
503 2024 545 2061 et
586 2034 715 2075 quam
760 2020 922 2075 pluries
963 2024 1007 2061 et
1039 2018 1212 2060 denium
1245 2031 1320 2072 per
1353 2016 1491 2056 virum
1524 2015 1749 2069 egregium
1782 2015 1957 2054 fratrem
1993 2027 2117 2053 snum
2150 2011 2368 2052 dominum

170 2087 454 2130 Emanuelem
495 2094 539 2131 et
586 2089 692 2131 alios
738 2090 1000 2144 sollempnes
1048 2087 1251 2128 nuntios2
1289 2100 1385 2127 cum
1427 2100 1478 2127 eo
1517 2084 1572 2125 ad
1614 2083 1761 2125 sedem
1805 2082 2089 2138 apostolicam
2133 2081 2370 2122 destinatos

171 2157 364 2214 predicto
396 2158 694 2214 predecessori
727 2164 771 2201 et
810 2158 1017 2200 fratribus
1051 2158 1140 2198 suis
1174 2156 1394 2197 humiliter
1426 2153 1705 2209 supplicavit7
1748 2158 1795 2193 ut
1827 2151 1968 2194 eidem
2002 2150 2239 2192 invocando
2272 2164 2368 2191 eum

172 2232 216 2269 et
248 2228 509 2270 inveniendo
542 2243 592 2270 ac
623 2227 924 2284 prosequendo
958 2227 1144 2269 ecclesie
1186 2226 1334 2267 matris
1368 2239 1444 2266 suc
1478 2223 1690 2265 deberent
1723 2224 1914 2264 favorem
1948 2220 2218 2277 impendere,
2261 2220 2371 2261 sicut

175 2298 444 2353 temporibus
478 2298 732 2340 rctrohactis
766 2297 1031 2354 principibus
1063 2296 1273 2338 Romanis
1308 2309 1384 2350 per
1416 2293 1648 2335 ecclesiam
1681 2292 1776 2334 ficri
1809 2291 2047 2333 consuevit.

317 2369 383 2408 36.
422 2367 534 2409 Item
577 2368 690 2423 quod
731 2369 824 2424 ipse
864 2382 941 2423 per
981 2366 1152 2408 nuntios
1192 2370 1235 2408 et
1277 2368 1579 2420 procuratores
1619 2376 1719 2403 suos
1761 2361 1977 2417 predictos
2012 2366 2055 2401 et
2087 2360 2194 2401 alios
2228 2372 2367 2399 coram

173 2437 326 2479 eodem
365 2437 677 2493 predecessore
718 2452 768 2479 ac
808 2437 982 2480 domino
1016 2437 1206 2487 Urbano,
1240 2435 1324 2476 alio
1358 2433 1669 2490 predecessore
1704 2436 1864 2481 vestro,
1907 2435 1949 2471 et
1980 2428 2182 2470 fratribus
2217 2427 2369 2468 vestris

174 2521 346 2563 semper
369 2507 538 2560 obtulit,
563 2522 609 2549 se
632 2512 831 2563 paratum
855 2507 908 2548 ad
932 2505 1193 2548 veniendum
1220 2509 1262 2546 et
1285 2503 1339 2545 ad
1362 2502 1474 2544 istud
1501 2502 1723 2557 negotium
1748 2500 1984 2541 efficaciter
2006 2496 2368 2553 prosequendum.

318 2579 385 2620 37.
426 2576 538 2619 Item
576 2577 689 2633 quod
730 2577 943 2633 processit
985 2581 1028 2618 et
1068 2576 1148 2616 fuit
1179 2574 1232 2616 dc
1265 2573 1446 2615 consilio
1482 2585 1657 2613 suorum
1699 2569 1938 2625 principum
1971 2582 2021 2609 ac
2054 2567 2294 2607 nuntiorum
2328 2570 2370 2605 et

173 2652 499 2702 procuratorum
533 2647 722 2703 ipsorum
757 2650 800 2688 et
831 2646 1065 2687 multorum
1097 2644 1363 2700 prelatorum
1396 2646 1439 2684 et
1471 2641 1694 2691 nobilium,
1727 2639 1799 2694 qui
1834 2637 1887 2679 ad
1921 2651 2018 2679 eum
2051 2636 2103 2677 de
2128 2634 2369 2676 Theotoniu

175 2717 217 2758 in
253 2717 485 2772 Yspaniam
526 2721 825 2767 accesserunt,
867 2715 979 2771 quod
1018 2714 1231 2756 electione
1270 2712 1323 2754 de
1368 2726 1418 2754 eo
1453 2710 1658 2752 canonice
1702 2708 1923 2750 celebrata
1962 2707 2053 2760 ipsc
2087 2704 2295 2745 scriberet
2328 2707 2369 2743 et

171 2786 412 2828 intitularet
444 2801 490 2828 se
523 2801 671 2842 regern
704 2785 1000 2827 Romanorum
1040 2798 1214 2839 semper
1245 2786 1476 2837 augustum
1509 2785 1552 2821 ct
1583 2784 1630 2821 ut
1662 2793 1738 2820 rex
1773 2777 1915 2819 omnia
1946 2776 2126 2816 licenter
2158 2778 2201 2814 et
2233 2772 2368 2813 libere

173 2860 422 2908 exerceret,
463 2860 507 2898 ct
544 2860 715 2912 peteret
755 2870 780 2896 a
817 2854 920 2896 sede
960 2854 1202 2910 apostolica.
1241 2867 1287 2894 se
1329 2851 1475 2892 vocari
1517 2854 1559 2891 et
1599 2847 1791 2890 eiusdem
1832 2845 1948 2887 sedis
1984 2845 2025 2885 in
2067 2842 2368 2898 prosecutione

172 2926 409 2981 imperialis
441 2926 604 2981 negotii
637 2925 814 2980 suisque
846 2924 1124 2980 processibus
1157 2921 1388 2967 auxilium,
1429 2919 1655 2961 consilium
1690 2922 1733 2958 et
1764 2918 1979 2962 favorem.
2014 2913 2114 2968 quia
2146 2911 2225 2951 ista
2258 2911 2369 2950 sicut

174 2999 324 3051 petere
357 2999 401 3037 et
432 2995 576 3037 facere
610 2995 692 3036 sibi
724 2994 778 3036 dc
811 2994 902 3034 iure
939 2997 982 3035 et
1013 2991 1327 3034 consuetudine
1360 2989 1528 3045 imperii
1561 2985 1880 3042 competebant.

318 3065 384 3107 38.
424 3064 536 3106 Item
575 3063 687 3120 quod
721 3064 822 3104 olim
855 3062 969 3118 apud
1001 3060 1290 3116 Anagnian1³‚
1331 3073 1426 3100 cum
1468 3057 1581 3098 idem
1622 3070 1700 3097 rex
1748 3069 1825 3110 per
1866 3053 2036 3094 nuntios
2069 3065 2171 3092 suos
2203 3048 2254 3089 ad
2288 3048 2369 3089 hoc

174 3134 419 3190 specialiter
457 3134 698 3176 destinatos
738 3132 852 3174 dicto
892 3131 1193 3187 predecessori
1228 3133 1370 3171 vestro
1414 3127 1585 3168 domino
1623 3122 1918 3179 A(lexandro)
1959 3127 2002 3162 et
2043 3118 2247 3160 fratribus
2281 3117 2369 3157 suis

177 3217 301 3245 suum
323 3203 377 3245 ad
409 3208 556 3259 partes
585 3203 755 3259 imperii
778 3202 1022 3243 nuntiasset
1043 3199 1292 3249 adventum,
1325 3202 1369 3239 et
1391 3195 1504 3252 quod
1528 3199 1706 3251 paratus
1729 3197 1822 3234 erat
1844 3196 1887 3232 et
1910 3191 1951 3231 in
1976 3202 2144 3229 omnem
2169 3192 2368 3227 eventum

179 3273 321 3314 venire
352 3273 547 3325 volebat,
586 3276 765 3328 propter
796 3270 910 3326 quod
950 3271 1043 3311 eius
1076 3267 1324 3323 requirebat
1355 3264 1579 3307 consilium
1613 3266 1657 3304 et
1688 3262 1898 3310 favorem,
1941 3258 2051 3299 idem
2086 3255 2371 3312 predecessor

178 3342 232 3383 de
254 3342 434 3383 fratrum
457 3342 635 3383 consilio
659 3340 822 3382 eisdem
845 3339 1004 3381 nuntiis
1026 3351 1235 3393 expresse
1259 3334 1516 3390 responditf,
1551 3331 1665 3387 quod
1689 3330 1864 3372 nolebat
1889 3342 1985 3368 eum
2009 3327 2168 3376 venire.
2202 3324 2368 3365 dissua-

177 3410 308 3453 debat
340 3412 394 3464 ei,
426 3410 711 3453 deortabatur
742 3424 854 3461 eum,
887 3409 1015 3450 etiam
1050 3408 1085 3448 si
1117 3406 1264 3447 venire
1296 3402 1575 3460 promisisset,
1609 3401 1739 3442 etiam
1772 3400 1805 3439 si
1838 3399 2037 3439 iurasset.

315 3504 402 3539 397.
431 3503 463 3547 f)
488 3505 668 3548 rexpondit
691 3516 718 3537 c.

315 3584 350 3627 1)
383 3583 453 3619 Ubi
475 3582 681 3618 Aleoeamler
699 3582 767 3617 IV.
794 3593 818 3616 α
840 3581 896 3615 die
920 3584 972 3615 23.
987 3578 1084 3613 Mati
1107 3590 1140 3613 α.
1155 3581 1238 3612 1257
1260 3586 1368 3619 usquc
1392 3574 1440 3608 acl
1464 3573 1555 3608 diem
1580 3578 1632 3608 20.
1655 3572 1728 3606 Oct.
1755 3583 1787 3605 α.
1808 3575 1895 3605 1258
1920 3569 2131 3603 morabatur.
2181 3566 2368 3601 101N'J'21.

179 3643 214 3685 2)
242 3641 297 3685 Cf.
316 3642 500 3687 epistolam
518 3640 719 3676 Alemandri
737 3639 806 3675 IV.
831 3638 881 3674 acl
905 3636 1124 3673 Bishai-(lum
1151 3647 1183 3669 a.
1202 3639 1293 3677 1258,
1322 3632 1421 3674 infra
1446 3642 1501 3665 nr.
1518 3635 1585 3665 402
1608 3640 1636 3664 c.
1654 3634 1684 3664 9.
1800 3629 1836 3669 3)
1870 3627 1939 3662 Ubi
1964 3625 2169 3660 Alexander
2197 3624 2260 3658 IV.
2290 3622 2370 3656 inde

114 3704 146 3730 50
181 3711 204 3733 a
228 3699 286 3734 die
311 3704 361 3735 31.
390 3699 465 3735 Oct.
491 3711 524 3733 a.
544 3703 627 3734 1258
650 3709 759 3742 usquc
784 3697 834 3731 ad
859 3695 949 3731 diem
974 3701 1003 3730 6.
1030 3694 1117 3729 Noc.
1144 3705 1176 3728 (ι.
1197 3696 1284 3727 1260
1307 3691 1379 3734 fere
1403 3699 1536 3733 semper
1561 3698 1693 3722 moram
1717 3685 1883 3720 trahebat.
1923 3683 2115 3718 FANTA.
