2558 3970
223 133 305 172 266
630 129 868 163 FRIDERICI
895 129 938 163 ΙΙ.
965 128 1390 163 CONSTITUTIONES.
1441 129 1538 163 1235.
1578 129 1674 163 1236.
1724 129 1786 162 Nr.
1805 129 1881 163 199.
1906 129 1982 164 200.

222 244 416 284 Bawarie
451 249 492 283 et
525 242 769 283 marchione
808 242 860 282 de
893 242 1043 283 Baden
1076 243 1178 282 olim
1212 256 1472 294 emeramus,
1513 243 1683 283 nomine
1722 256 1904 282 uxorum
1937 256 2110 283 suarum
2143 243 2403 298 pertinentia

221 312 273 352 ad
315 311 501 352 eosdem.
565 310 726 350 Verum
773 323 867 349 cum
911 309 1092 364 quedam
1133 309 1184 351 de
1232 309 1472 351 hereditate
1513 310 1608 364 ipsa
1648 314 1798 351 tenere
1841 309 2040 350 dicamini
2083 314 2231 352 contra
2271 311 2401 352 colla-

222 380 381 419 tionem
416 379 495 432 ipsi
539 378 719 432 principi
752 382 897 418 nostro
940 378 1117 420 factam.
1154 378 1351 420 fidelitati
1383 382 1525 419 vestro
1568 377 1843 432 precipiendo
1876 378 2148 430 mandamus,
2191 382 2402 433 quatenus

223 461 292 487 ea.
333 460 413 500 que
452 446 503 486 de
544 445 784 486 hereditate
817 446 910 500 ipsa
942 447 1120 492 tenetis,
1159 446 1393 487 restituatis
1427 450 1469 486 et
1501 446 1724 486 dimittatis
1757 445 1898 487 eidem
1930 446 2114 501 principi
2145 451 2290 487 nostro
2322 461 2402 488 nec

222 515 405 568 aliquam
448 515 485 554 ei
525 527 652 568 super
693 514 774 554 hiis
812 514 1054 554 molestiam
1096 514 1310 566 inferatis,
1352 519 1397 555 ut
1441 514 1714 555 devotionem
1745 518 1934 555 vestram
1974 527 2050 569 pro
2089 515 2252 556 meritis
2286 528 2400 555 com-

223 581 487 622 mendemus.
1577 585 1586 591 ·

364 649 522 689 Datum
555 649 667 704 apud
700 649 953 704 Augustam.
988 650 1135 690 ultimo
1168 650 1380 693 Octobris.
1414 664 1525 690 nona
1556 649 1798 690 indictione.

917 1053 1049 1119 200.
1101 1049 1724 1121 ENOYOLICA

282 1152 420 1221 DE
480 1152 821 1222 CURIA
883 1152 1552 1223 {PLACENTIAE
1605 1151 2352 1223 CELEBRANDA.

1161 1277 1327 1333 (1236.
1353 1278 1484 1334 Mai.)

366 1418 687 1469 Rccofmovimus
722 1432 793 1469 ope
841 1418 877 1472 l)
910 1418 1057 1459 codicis
1092 1419 1436 1473 lVillzcrinycusis
1470 1432 1572 1462 Sacc.
1596 1420 1722 1470 XIV,
1753 1434 1860 1472 pars
1891 1420 1955 1470 ΙΙ,
1987 1434 2045 1472 cp.
2073 1421 2149 1470 39,·
2189 1419 2232 1475 2)
2263 1419 2410 1461 codici-s

237 1485 423 1526 Vaticani
452 1488 564 1526 4957
602 1500 701 1527 sace.
726 1486 770 1526 X
781 1486 827 1529 V.-
867 1487 908 1540 3)
950 1487 1097 1528 codicis
1127 1487 1452 1529 12⁷indol>0ncnsis
1480 1490 1562 1529 590
1602 1489 1778 1541 (Philol.
1799 1489 1903 1537 305)
1939 1501 2041 1529 saec.
2066 1488 2195 1538 XIV,
2227 1488 2306 1543 fol.
2329 1490 2412 1528 108

223 1568 282 1605 cp.
308 1557 386 1593 1:211
399 1568 410 1603 ‚·
453 1555 495 1597 4‘)
528 1554 676 1595 <vilicis
708 1555 902 1596 Parisini
933 1556 1003 1597 lat.
1030 1558 1167 1595 13051)
1197 1556 1260 1608 (S.
1288 1557 1491 1598 Gcrmain
1513 1557 1681 1610 Harlay
1702 1557 1806 1607 455)
1832 1569 1937 1608 pars
1958 1556 2050 1606 ΙΙΙ,
2083 1570 2147 1597 vir.
2172 1559 2196 1596 1
2222 1555 2298 1610 fol.
2320 1552 2396 1596 30‘

225 1626 267 1665 5)
299 1622 491 1663 editionis
529 1624 765 1664 Annalium
810 1624 1147 1665 Placentinorum
1195 1625 1516 1675 Gibcllinorum,
1565 1639 1690 1677 aziam
1727 1640 1747 1666 c
1785 1625 1916 1666 codice
1956 1625 2126 1666 Musaei
2163 1624 2410 1666 Britannici

227 1691 458 1731 Ilarlciano
478 1693 590 1731 3676·
620 1704 721 1732 sace.
745 1692 883 1733 XIII.
906 1707 967 1735 w.
1003 1693 1204 1733 instravit
1234 1693 1359 1734 Perta*
1390 1693 1463 1735 SS.
1488 1697 1579 1734 tom.
1605 1693 1784 1743 XVIII,
1805 1696 1901 1734 472.
1954 1692 2127 1734 Praesto
2147 1694 2268 1733 crant
2287 1692 2409 1733 ctiam

224 1760 459 1799 collationes
487 1760 662 1799 codicum
686 1760 1063 1814 Mmtisposseilam·
1082 1762 1176 1811 351,
1213 1761 1539 1813 Crcmifimcnsis
1560 1764 1653 1802 183.
1682 1762 1731 1804 Z.
1752 1764 1808 1802 32
1834 1775 1936 1803 sacc.
1958 1762 2004 1802 X
2015 1761 2055 1811 V,
2091 1759 2413 1815 Guelferbytani

223 1828 395 1869 Ilclmst.
417 1831 499 1868 ‚1377
529 1842 632 1869 sace.
656 1828 782 1871 XIV.
810 1830 888 1882 fol.
913 1826 1028 1879 1932
1061 1843 1235 1881 quoram
1267 1830 1454 1871 lectiones
1485 1832 1621 1871 lamen
1641 1830 1750 1871 nihil
1775 1830 1957 1884 faciunt.
2010 1829 2182 1882 Legitur
2209 1829 2254 1869 in
2276 1829 2412 1870 collec-

223 1897 329 1936 lionc
361 1896 477 1937 Petri·
513 1897 560 1937 dc
594 1896 732 1937 Vincis
770 1898 838 1939 lib.
871 1898 963 1948 HI,
1002 1911 1088 1949 cap.
1114 1901 1150 1938 1.
1191 1924 1243 1928 —-
1282 1898 1740 1941 Huillard-Brc'liollcs
1770 1899 1851 1949 IV,
1873 1901 1958 1939 &47
1993 1898 2174 1951 (collatis
2210 1897 2413 1939 codicibus

224 1964 438 2005 Parisinis
465 1968 599 2005 13050
630 1968 667 2006 ct
696 1965 991 2007 Noti-c-Damc
1011 1968 1128 2017 2022).
1188 1967 1381 2017 Βῦῑιηιεν,
1413 1968 1513 2021 Rea.
1546 1969 1643 2019 imp.
1675 1967 1720 2018 V,
1741 1968 1864 2008 2156.
2059 1966 2128 2020 (P.
2150 1966 2268 2015 320.)

368 2090 624 2132 Fredericus
648 2091 730 2133 Dei
762 2092 900 2146 gratia
927 2091 1214 2133 Romanorum
1245 2093 1492 2147 imperator,
1523 2093 1761 2134 Ierusalem
1792 2097 1834 2134 et
1857 2093 2030 2134 Sicilie²¹
2063 2106 2141 2134 rex
2172 2091 2408 2133 venerabili

228 2160 457 2200 Cumarum
492 2160 692 2215 episcopo
726 2160 883 2201 dilecto
915 2160 1031 2201 fideli
1065 2175 1140 2201 suo
1173 2162 1355 2215 glatiam
1387 2176 1506 2202 suam
1541 2165 1583 2203 et
1614 2162 1771 2203 bonam
1806 2160 2110 2203 voluntatemb.

368 2231 432 2281 (¹.)
478 2228 617 2268 Dumc
662 2228 904 2269 debitmum
962 2234 1201 2270 nostr01um
1253 2230 1507 2285 ciroglapha
1554 2231 1758 2285 legimus,
1815 2230 1942 2270 dumd
1991 2229 2231 2270 kalendarii
2277 2228 2412 2269 nostri

229 2297 399 2337 nomina
439 2297 766 2351 diligentissime
808 2302 1148 2352 pelselwutamul,
1194 2303 1237 2339 et
1277 2313 1354 2339 nos
1396 2299 1613 2340 debitores
1654 2300 1778 2339 aliis⁰
1810 2298 2030 2340 evidenter
2061 2298 2332 2352 agnoscimus
2370 2300 2413 2338 et

227 2366 407 2405 aliorum
441 2380 517 2405 nos
552 2380 645 2406 esse
679 2367 1010 2421 prospicimus⁰
1043 2367 1288 2408 creditores.
1341 2367 1453 2407 Hinc
1480 2368 1610 2422 igitur
1632 2367 1870 2422 pulsantisf
1905 2367 1959 2408 ad
1981 2367 2138 2408 ostium
2163 2365 2412 2407 oreditoris⁸

227 2434 337 2473 iusta
369 2447 445 2474 nos
467 2439 592 2488 urget
616 2434 842 2485 instantia,
875 2449 928 2475 ne
952 2436 1096 2476 fenore
1121 2449 1449 2490 p1'egravemur;
1483 2436 1580 2476 hinc
1603 2435 1656 2476 ad
1681 2436 1955 2477 exactionem
1977 2435 2218 2476 debitorum
2240 2438 2409 2475 nostro-

227 2516 316 2541 rum
342 2502 627 2556 periculosaff‘
651 2504 842 2557 negociis
865 2517 984 2544 mora
1007 2518 1082 2544 nos
1106 2508 1323 2558 provocat,
1347 2518 1399 2545 ne
1424 2504 1547 2558 ipse¹¹
1568 2508 1748 2559 pereant
1770 2504 1995 2545 actionesi.
2042 2504 2108 2544 Ab
2131 2504 2204 2544 illo
2227 2515 2412 2557 namque

226 2571 337 2611 bono
371 2577 491 2625 patre
525 2571 709 2612 familias
742 2573 934 2626 protinus
969 2577 1011 2613 ct
1044 2573 1255 2613 instanter
1285 2587 1309 2612 a
1342 2572 1464 2613 nobis
1495 2573 1684 2627 exigitur
1716 2573 1935 2624 debitum,
1968 2573 2038 2627 qui
2071 2586 2250 2628 peregre
2282 2571 2410 2626 profi-

228 2639 394 2679 ciscens
428 2640 631 2680 familiam
664 2654 782 2680 suam
816 2641 1091 2681 sollicitudini
1126 2646 1266 2682 nostre
1301 2642 1545 2696 supposuit,
1578 2641 1645 2682 cui
1676 2642 1859 2683 reddere
1893 2643 2058 2682 talenta
2089 2655 2171 2695 que
2204 2639 2411 2681 crediditk

228 2708 417 2761 cogimur
457 2707 686 2762 duplicata.
759 2708 844 2749 Sed
885 2714 927 2749 ct
959 2709 1052 2750 vice
1086 2723 1211 2750 versa
1252 2724 1329 2750 nos
1372 2709 1535 2750 excitat
1568 2724 1743 2751 cesaree
1787 2711 1958 2751 fortune
1998 2709 2238 2763 fastigium,
2278 2712 2325 2749 ut
2356 2708 2409 2749 ab

229 2776 304 2816 eis.
339 2790 441 2829 quos
470 2776 663 2817 Romane
688 2776 860 2816 ditionis
884 2777 1016 2817 habet
1040 2778 1281 2831 imperium,
1315 2777 1596 2818 subiectionis
1622 2783 1665 2818 et
1687 2778 1934 2819 obedientie
1958 2777 2148 2818 debitum
2171 2777 2407 2831 exigamus.

229 2843 454 2884 Mirabilis¹
480 2849 624 2885 tamen
647 2844 899 2885 utrumlibet
923 2844 1183 2885 conditionis
1210 2849 1276 2885 est
1299 2845 1504 2896 debitum,
1528 2846 1563 2886 si
1587 2846 1800 2887 subtiliter
1821 2846 2050 2896 intuemur,
2073 2845 2192 2886 cuius
2216 2844 2412 2885 solutiom

228 2911 431 2951 debitoris
450 2913 740 2953 emolumenta
759 2926 844 2952 non
862 2913 1056 2964 minuitfl,
1079 2918 1210 2967 auget
1232 2913 1380 2954 fidem:
1404 2914 1558 2955 imm0⁰
1582 2915 1717 2969 magis
1738 2915 1918 2955 solventi
1937 2914 2117 2955 crescitp
2134 2913 2178 2953 in
2195 2912 2411 2964 comodoq,

229 2994 354 3034 quam
388 2981 638 3035 suscipienti
678 2982 870 3035 proficiat
902 2982 943 3021 in
975 2987 1218 3035 augmento.
1283 2981 1510 3023 Ceterumr
1543 2984 1577 3023 si
1608 2984 1651 3023 in
1685 2998 1755 3033 eo,
1794 2987 1919 3038 prout
1950 2982 2001 3022 de
2032 2982 2170 3022 iuret·
2201 2985 2410 3031 tenemur,

230 3048 511 3088 :satisfacimus
556 3050 835 3102 proponenti⁵³
878 3056 920 3089 et
968 3051 1196 3104 propositit
1242 3050 1503 3105 diligenter¹¹
1547 3052 1734 3092 officium
1777 3051 2117 3106 impendamus&
2161 3053 2204 3090 et
2243 3054 2409 3104 tempo-

364 3162 450 3195 '200.
484 3170 515 3193 ³»
541 3165 672 3196 Scicilie
698 3163 728 3196 5.
845 3163 877 3204 b)
903 3166 949 3196 sic
966 3165 1002 3201 ἵν,
1028 3165 1217 3197 Fridericus
1242 3167 1282 3196 D.
1308 3178 1357 3208 gr.
1384 3167 1477 3198 Rom.
1503 3167 1683 3208 imperator
1707 3171 1769 3198 ete.
1797 3164 1825 3197 1.
1851 3164 1888 3205 23
1919 3165 2057 3196 rubrica
2080 3165 2116 3196 in
2132 3163 2169 3197 4:
2195 3164 2410 3207 Principibus

229 3221 430 3253 Alamannie
456 3222 543 3262 quod
569 3222 707 3253 veniant
732 3222 821 3263 apud
841 3223 992 3253 Parmam
1010 3222 1211 3253 celebraturi
1237 3222 1359 3254 ibidem
1385 3223 1604 3264 sollempnem
1621 3223 1767 3262 curiam3
1794 3221 1946 3253 similiter
1969 3221 2040 3253 cod.
2064 3222 2252 3264 Guelferbq
2275 3221 2412 3253 rubrica

229 3278 260 3307 in
288 3277 358 3307 cml.
389 3277 630 3308 (hedenham..-
664 3278 859 3310 Fredericus
890 3279 973 3310 sacri
1008 3279 1135 3320 imperii
1169 3279 1201 3309 in
1228 3280 1433 3311 Lombardia
1457 3281 1580 3311 vicario
1606 3280 1695 3321 quod
1727 3280 1808 3311 citet
1831 3279 2088 3311 communitates
2112 3279 2289 3311 civitatum
2314 3279 2411 3310 Lom-

229 3335 341 3365 bardic
368 3335 409 3365 ad
427 3335 552 3365 curiam
571 3337 748 3367 tenendam
768 3336 802 3366 in
819 3336 957 3374 1'arma3
983 3335 1135 3367 similiter
1153 3336 1225 3368 cod.
1245 3336 1495 3377 Montispessul.
1517 3339 1588 3369 139.
1684 3335 1714 3376 C)
1739 3336 1785 3367 sic
1803 3334 1835 3368 4.
1853 3335 1891 3373 ὃς
1917 3336 2002 3367 Cum
2022 3333 2118 3366 1-3,
2191 3333 2224 3374 d)
2245 3335 2291 3366 sic
2307 3333 2411 3371 3—5;

229 3398 261 3421 et
290 3390 314 3421 l.
343 3389 372 3420 ’2.
467 3396 496 3431 ⁰)
523 3391 606 3422 alios
632 3391 662 3423 3.
688 3391 718 3423 5.
813 3395 863 3430 Ψ)
890 3392 1109 3434 perspicimus
1133 3391 1164 3424 4.
1258 3391 1288 3433 s)
1316 3394 1491 3435 pulsantes
1516 3392 1556 3431 5;
1584 3393 1725 3435 pulsatis
1751 3391 1780 3424 3.
1883 3390 1916 3434 Β)
1942 3392 2033 3424 deest
2056 3389 2152 3423 1-4,
2247 3389 2301 3433 8“)
2327 3391 2412 3434 peri-

229 3446 307 3477 cula
331 3447 527 3488 promittens
552 3445 583 3478 4.
678 3446 710 3488 h)
736 3448 870 3488 quando
895 3448 926 3479 5.
1020 3447 1041 3488 i)
1066 3453 1196 3481 actores
1222 3447 1252 3480 2.
1347 3448 1380 3489 k)
1406 3450 1546 3481 tradidit
1570 3447 1601 3480 4.
1697 3447 1721 3488 1)
1748 3443 1907 3480 Mirabile
1931 3446 1971 3488 43
1997 3448 2161 3480 Mirabilis
2178 3449 2411 3480 —intuemur

228 3503 293 3535 cles.
319 3503 345 3534 1.
464 3509 504 3541 ΪΠ)
531 3504 695 3535 exsolutio
721 3503 751 3535 5.
891 3509 924 3543 Π]
951 3505 1008 3536 sed
1034 3505 1174 3537 inseruit
1197 3503 1230 3537 4.
1371 3505 1402 3545 0)
1430 3507 1530 3548 longe
1554 3505 1634 3537 aclcl.
1653 3503 1683 3537 5.
1826 3504 1857 3546 P)
1882 3505 2048 3537 concessit
2071 3503 2102 3537 5.
2228 3502 2261 3546 q)
2286 3505 2410 3548 incom-

229 3560 324 3591 modo
350 3559 380 3590 ’2.
407 3558 437 3591 3.
463 3559 492 3591 5.
609 3561 637 3598 r)
665 3560 794 3591 Etenim
820 3559 852 3591 ὃ.
969 3563 1015 3599 Γ““)
1042 3562 1081 3592 de
1107 3562 1179 3593 iure
1205 3561 1273 3593 cles.
1292 3559 1323 3593 4.
1442 3561 1469 3602 s)
1496 3562 1693 3604 preponenti
1719 3561 1758 3596 5;
1791 3561 1991 3603 proponenti
2016 3565 2050 3593 et
2071 3560 2138 3592 des.
2157 3559 2189 3592 3.
2293 3560 2318 3600 t)
2344 3571 2414 3603 pre-

230 3616 325 3656 positi
355 3615 382 3647 1.
499 3619 537 3655 υ)
563 3616 733 3657 diligentis
758 3615 794 3653 53
821 3616 964 3657 diligens
990 3617 1019 3648 2.
1139 3618 1169 3657 v)
1197 3618 1395 3659 impleamus
1420 3617 1457 3657 5;
1484 3618 1697 3650 intendamus
1721 3616 1752 3649 3.

2444 1306 2476 1330 10

2448 1707 2478 1732 15

2445 2110 2477 2136 20

2444 2450 2476 2476 25

2446 2790 2478 2815 30

2445 3174 2477 3200 ³5
