2558 3970
147 125 171 163 6
670 119 878 153 PHILIPPI
906 118 1045 152 REGIS
1072 117 1498 153 CONSTITUTIONES.
1551 118 1648 153 1202.
1696 119 1760 154 Nr.
1778 119 1808 153 6.

143 239 270 277 trata.
312 240 359 274 ut
397 234 449 275 de
489 238 630 275 vestre
672 234 776 274 mire
829 233 1055 288 prudentie
1104 233 1339 288 prodierint
1381 234 1663 284 conscientia,
1716 247 1795 274 nec
1838 234 2154 275 sanctissimam
2198 235 2332 276 sancti

143 309 261 344 cetus
311 303 586 343 cardinalium
635 302 848 343 credimus
889 302 971 342 huc
1015 303 1331 344 conniventiam
1377 303 1626 343 accessisse.
1699 301 1804 348 Quis
1850 302 1962 342 enim
2005 302 2104 343 huic
2150 303 2332 344 similem

143 371 305 411 audivit
342 371 589 411 audaciam?
657 370 763 417 Quis
804 384 930 410 verus
963 370 1171 411 accedere
1205 375 1348 426 potest
1379 370 1518 422 testis,
1560 370 1652 410 fore
1685 369 1894 410 hactenus
1927 370 1988 410 sic
2021 375 2330 425 presumptum,

144 453 237 480 cum
279 453 355 479 nce
397 439 475 479 hoc
517 443 700 479 testetur
738 438 884 478 fabula
922 452 1001 479 nec
1035 439 1220 480 affirmet
1251 453 1318 480 res
1352 443 1476 493 gesta
1516 452 1593 479 nec
1626 438 1874 491 cuiusquam
1906 437 1985 478 hoc
2019 438 2176 479 codicis
2211 453 2330 480 asse-

143 513 264 548 veret
307 508 463 547 series?
534 506 718 547 Ubinam
759 507 940 560 legistis,
980 521 1003 547 o
1044 508 1198 548 summi
1229 507 1467 562 pontifices,
1508 507 1582 547 ubi
1614 506 1808 557 audistis,
1843 506 1976 547 sancti
2008 511 2168 561 patres,
2201 508 2330 548 totius

144 576 327 616 ecclesie
362 574 613 619 cardinales,
648 578 946 615 antecessores
979 579 1145 616 vestros
1170 576 1238 616 vel
1262 589 1409 616 eorum
1443 575 1597 616 missos
1630 574 1922 615 Romanorum
1954 588 2105 629 regum
2138 590 2183 616 se
2217 576 2330 616 elec-

143 643 329 683 tionibus
368 643 653 683 immiscuisse
695 643 769 690 sic,
814 648 861 683 ut
892 644 960 683 vel
994 643 1227 684 electorum
1260 657 1492 698 personam
1524 647 1725 697 gererent
1757 643 1826 683 vel
1857 649 1904 683 ut
1941 643 2184 697 cognitores
2216 644 2330 685 elee-

142 711 269 751 tionis
303 711 412 751 vircs
454 711 740 751 trutinarent?
804 711 1115 766 Respondendi
1148 712 1399 753 instantiam
1433 725 1505 752 vos
1540 711 1752 752 credimus
1784 724 1868 751 non
1898 710 2074 752 habere.
2184 710 2249 766 (3)
2281 711 2332 752 In

142 779 430 820 Romanorum
473 780 584 819 enim
627 779 838 820 electione
888 780 1139 834 pontificum
1184 781 1265 822 hoc
1307 785 1398 822 erat
1440 779 1653 835 imperiali
1694 779 1927 820 diademati
1966 783 2247 831 reservatum,
2286 785 2334 821 ut

143 861 236 888 eam
275 847 567 888 Romanorum
608 848 877 902 imperatoris
911 849 1168 890 auctoritate
1207 862 1291 889 non
1324 847 1646 890 accommodata
1676 848 1892 888 ullatenus
1930 847 2022 888 fieri
2053 861 2137 888 non
2167 848 2332 890 liceret.

141 915 380 970 Imperialis
415 929 514 956 vero
555 916 861 960 munificentia,
905 930 986 970 que
1027 917 1189 957 cultum
1221 916 1304 957 Dei
1345 930 1516 972 semper
1552 916 1761 971 ampliare
1801 915 1963 956 studuit
1994 920 2036 956 et
2069 917 2160 956 eius
2193 917 2332 958 eccle-

143 985 247 1024 siam
293 984 609 1038 privilegiorum
649 985 920 1039 specialitate
962 984 1167 1026 decorare
1215 985 1394 1035 curavit,
1448 985 1560 1026 hunc
1600 984 1773 1025 honoris
1816 984 1987 1024 titulum
2024 983 2108 1025 Dei
2151 985 2334 1025 ecclesie

143 1057 390 1093 reverenter
430 1053 610 1094 remisit:
651 1052 790 1106 quodd
832 1054 1079 1093 constitutio
1123 1054 1248 1108 primi
1280 1053 1489 1094 Henrici¹
1534 1052 1759 1093 evidenter
1791 1053 2009 1107 explanat,
2051 1053 2169 1093 cuius
2203 1054 2332 1094 series

143 1120 220 1161 hcc
254 1125 334 1160 est:
367 1118 440 1159 Τπ
471 1120 613 1160 nullus
644 1121 870 1161 missorum
904 1125 1148 1161 nostrorum
1173 1123 1466 1175 cuiuscunque
1499 1121 1776 1176 inpeditionis
1809 1125 2110 1175 argumentum
2142 1122 2184 1162 in
2217 1122 2331 1163 elec-

141 1188 253 1228 tione
292 1187 474 1228 Romani
514 1189 726 1242 pontificis
771 1202 1030 1243 componere
1073 1189 1243 1241 audeat,
1282 1191 1453 1230 omnino
1496 1188 1799 1245 prohibemus’.
1878 1189 1922 1230 Si
1963 1190 2125 1230 laicalis
2168 1190 2330 1245 simpli-

143 1257 248 1297 citas
290 1257 469 1299 bonum.
517 1258 628 1312 quod
672 1258 723 1298 de
769 1258 858 1298 iure
900 1258 1068 1308 habuit,
1115 1262 1366 1300 reverenter
1410 1259 1686 1313 contempsit,
1735 1259 1939 1299 sanctitas
1979 1258 2238 1313 pontificalis
2277 1259 2330 1300 ad

141 1325 312 1368 bonum.
347 1326 460 1380 quod
492 1340 710 1380 nunquam
743 1326 904 1377 habuit,
937 1326 1148 1381 quomodo
1184 1341 1357 1368 manum
1389 1327 1533 1381 ponit?
1653 1325 1717 1381 (4)
1753 1326 1840 1367 Sed
1872 1340 1968 1367 cum
2000 1330 2143 1368 vestre
2184 1330 2330 1368 sancte

143 1394 276 1438 curie,
321 1398 538 1448 tamquam
576 1395 645 1448 pie
686 1394 848 1445 matris,
896 1409 971 1436 nos
1011 1399 1162 1450 tangat
1201 1395 1491 1450 opprobrium,
1536 1409 1632 1436 cum
1672 1394 1725 1435 ad
1767 1394 1951 1435 Romani
1991 1395 2161 1450 imperii
2201 1396 2332 1436 simus

142 1462 316 1516 ascripti
369 1462 558 1513 titulum,
613 1463 704 1503 eius
758 1464 955 1503 iniuriam
1010 1465 1200 1518 cogimur
1240 1478 1325 1504 non
1377 1468 1535 1505 tacere.
1609 1463 1747 1504 Vobis
1796 1477 1899 1517 ergo
1948 1465 2333 1519 suprascriptorum

143 1530 380 1585 principum
423 1545 518 1571 cum
559 1531 705 1572 dolore
745 1532 882 1586 aperit
918 1533 1192 1582 universitas,
1234 1532 1347 1587 quod
1379 1531 1663 1573 Prenestinus
1706 1532 1930 1587 episcopus
1969 1532 2011 1572 in
2041 1532 2333 1573 Romanorum

142 1598 256 1651 regis
298 1598 510 1639 electione
549 1603 697 1641 contra
737 1614 906 1641 omnem
948 1601 1050 1641 iuris
1089 1601 1282 1641 ordinem
1314 1615 1358 1641 se
1398 1601 1592 1655 ingessit,
1637 1614 1717 1642 nec
1748 1600 1896 1642 videre
1930 1614 2172 1656 possumuS,
2214 1602 2334 1642 cuius

141 1681 365 1722 personam
409 1667 752 1722 inculpabilitere
797 1673 932 1723 gerat.
1011 1668 1133 1710 Gerit
1183 1670 1295 1710 enim
1343 1670 1411 1710 vel
1458 1683 1689 1724 personam
1735 1669 1949 1721 electoris,
1998 1670 2067 1710 vel
2107 1683 2334 1724 personam

141 1737 387 1790 cognitoris.
450 1736 495 1776 Si
543 1737 758 1787 electoris,
804 1737 1015 1792 quomodo
1063 1738 1249 1792 quesivit
1291 1737 1692 1793 opportunitatemf,
1735 1737 1920 1791 qualiter
1965 1738 2134 1779 arbitris
2175 1738 2334 1779 absen-

140 1805 253 1845 tibus
286 1804 511 1846 mendacio
544 1806 769 1846 veritatem
808 1810 850 1846 et
883 1807 1059 1847 crimine
1093 1807 1294 1847 virtutem
1327 1811 1537 1848 mutaret?
1599 1805 1824 1853 Quomodo
1858 1807 1971 1847 enim
2006 1821 2055 1847 ea
2088 1821 2186 1861 pars
2218 1807 2334 1862 prin-

141 1874 293 1925 cipum,
335 1887 463 1927 quam
501 1887 704 1914 numerus
745 1874 934 1928 ampliat,
977 1888 1104 1929 quam
1147 1875 1334 1928 dignitas
1374 1875 1509 1926 effert,
1550 1875 1708 1915 iniuste
1746 1875 1924 1914 nimium
1963 1879 2029 1915 est
2062 1878 2333 1929 contempta?

139 1943 195 1983 Et
234 1944 268 1983 si
309 1943 559 1997 cognitoris,
601 1942 712 1983 hanc
753 1947 926 1996 gestare
968 1957 1052 1983 non
1095 1944 1249 1998 potuit.
1369 1942 1434 1998 (5)
1466 1943 1761 1984 Romanorum
1796 1943 1910 1984 enim
1948 1944 2065 1997 regis
2107 1944 2263 1984 electio
2296 1943 2332 1984 si

140 2013 180 2051 in
214 2026 259 2052 se
292 2011 427 2051 scissa
459 2011 605 2059 fuerit,
640 2025 725 2052 non
758 2015 824 2052 est
857 2012 1054 2066 superior
1087 2011 1232 2064 iudex,
1266 2012 1386 2052 cuius
1409 2013 1504 2067 ipsa
1527 2012 1744 2053 sententia
1767 2011 2037 2066 integranda,
2072 2011 2147 2052 sed
2171 2012 2334 2066 eligen-

141 2081 244 2120 tium
278 2080 499 2121 voluntate
534 2084 775 2135 spontanea
807 2080 1070 2121 consuenda.
1132 2080 1349 2121 Mediator
1381 2081 1493 2122 enim
1526 2080 1611 2121 Dei
1645 2084 1687 2121 et
1718 2080 1950 2132 hominum,
1983 2080 2110 2121 homo
2135 2079 2334 2121 Christus

140 2149 276 2199 Iesus,
312 2148 480 2189 actibus
512 2149 696 2203 propriis
731 2152 774 2189 et
806 2148 1091 2203 dignitatibus
1125 2148 1338 2190 distinctis
1372 2149 1512 2190 officia
1544 2150 1771 2204 potestatis
1795 2149 2019 2203 utriusque
2043 2148 2257 2200 discrevit,
2289 2153 2336 2190 ut

141 2222 182 2258 et
214 2217 306 2258 Deo
338 2217 525 2258 militans
560 2217 734 2257 minime
769 2232 814 2258 se
848 2218 1034 2272 negotiis
1075 2218 1316 2272 implicaret
1350 2218 1631 2269 secularibus,
1675 2232 1723 2258 ac
1757 2218 1946 2258 vicissim
1978 2231 2063 2257 non
2102 2217 2173 2259 ille
2206 2217 2334 2259 rebus

141 2285 295 2325 divinis
328 2285 549 2341 presidere
574 2286 795 2327 videretur
827 2287 897 2341 qui
923 2290 1039 2327 esset
1062 2287 1245 2342 negotiis
1271 2286 1539 2328 secularibus
1563 2287 1822 2341 implicatus.
1876 2286 1964 2328 Sed
1988 2286 2023 2326 si
2048 2300 2123 2326 vos
2145 2286 2331 2327 iudicem

142 2356 435 2396 confiteamur.
468 2355 626 2395 factum
660 2355 741 2396 hoc
776 2356 1104 2397 excusationem
1135 2356 1297 2397 habere
1329 2369 1414 2396 non
1445 2360 1602 2410 potest.
1654 2355 1858 2396 Vestrum
1883 2355 1996 2396 enim
2018 2355 2061 2395 in
2083 2369 2158 2396 vos
2181 2368 2334 2410 possu-

140 2438 233 2463 mus
268 2437 449 2464 exerere
481 2423 686 2477 gladium,
730 2424 830 2478 quia
863 2424 1043 2465 absente
1076 2425 1160 2465 alia
1197 2428 1320 2480 parte
1353 2424 1570 2466 sententia
1601 2438 1626 2464 a
1656 2423 1798 2465 iudice
1830 2423 1945 2464 dicta
1976 2423 2139 2464 nullam
2171 2423 2334 2465 habeat

141 2493 400 2533 firmitatem.
475 2490 587 2538 Quid
634 2506 736 2545 ergo
780 2492 962 2547 predicti
1002 2493 1248 2534 Prenestini
1291 2493 1504 2534 sententia
1552 2493 1594 2533 in
1628 2491 1787 2533 Ottone
1829 2492 1999 2533 firmare
2042 2493 2193 2547 potuit,
2238 2505 2334 2532 cum

140 2561 268 2602 nichil
310 2565 407 2601 ante
440 2560 480 2600 in
516 2574 566 2601 eo
600 2560 760 2601 factum
793 2562 874 2601 sit?
936 2561 1048 2602 Nam
1081 2561 1182 2616 quid
1215 2562 1297 2602 erit
1328 2566 1402 2602 aut
1435 2575 1540 2616 quas
1574 2561 1686 2602 vires
1726 2561 1885 2602 habere
1918 2561 2091 2615 poterit,
2135 2560 2244 2615 quod
2279 2560 2332 2601 ab

141 2630 220 2670 hiis
252 2629 309 2679 fit,
345 2643 448 2683 quos
482 2629 653 2669 tenuior
687 2630 923 2684 compescit
954 2644 1171 2680 numerus,
1205 2643 1311 2685 quos
1342 2631 1480 2670 minor
1513 2630 1741 2671 comitatur
1771 2629 2020 2681 auctoritas,
2054 2628 2168 2683 quod
2199 2629 2333 2684 partis

141 2697 318 2737 alterius
365 2696 505 2738 reddit
547 2698 745 2738 absentia
793 2698 1023 2739 vitiosum?
1151 2697 1216 2754 (6)
1257 2698 1418 2739 Contra
1461 2713 1557 2740 eum
1599 2712 1715 2753 ergo,
1761 2699 1833 2753 qui
1870 2698 1972 2738 talia
2020 2701 2223 2753 operatus
2266 2701 2333 2738 est

139 2766 276 2805 minus
323 2765 535 2817 decentia,
576 2770 721 2807 vester
760 2780 805 2806 se
845 2767 959 2821 rigor
1002 2771 1221 2818 exerceat,
1269 2768 1324 2808 sit
1367 2767 1409 2807 in
1452 2781 1549 2808 eum
1590 2771 1735 2808 tamen
1774 2767 1844 2822 pie
1885 2767 2055 2807 seviens
2089 2765 2329 2821 disciplina.

140 2833 275 2874 Vobis
321 2834 448 2883 enim,
490 2839 613 2889 pater
656 2834 942 2886 sanctissime,
982 2835 1202 2883 insinuare
1242 2835 1526 2887 decrevimus,
1570 2835 1669 2890 quia
1713 2836 1936 2876 electionis
1980 2838 2124 2875 nostre
2158 2838 2258 2875 vota
2289 2834 2331 2874 in

142 2903 462 2942 serenissimum
505 2902 723 2943 dominum
762 2908 957 2943 nostrum
989 2902 1277 2959 Ph(ilippum)
1309 2903 1602 2945 Romanorum
1642 2918 1789 2958 regem
1823 2907 1866 2945 et
1900 2916 2070 2958 semper
2101 2907 2331 2957 augustum

141 2984 225 3009 una
258 2984 376 3011 voce.
409 2984 494 3011 uno
529 2984 742 3012 consensu
765 2972 1040 3024 contulimus,
1072 2972 1154 3012 hoc
1188 2972 1464 3027 spondentes,
1498 2972 1578 3013 hoc
1600 2972 1781 3013 firmiter
1812 2972 2128 3027 promittentes,
2161 2971 2275 3026 quod
2307 2985 2332 3012 a

144 3045 288 3079 vestra
321 3042 362 3078 et
384 3037 579 3079 Romane
614 3038 729 3080 sedis
760 3039 1007 3080 obedientia
1038 3053 1123 3080 non
1152 3040 1327 3081 recedet
1359 3045 1402 3081 et
1429 3054 1526 3082 eum
1549 3040 1643 3081 Deo
1675 3045 1717 3081 et
1740 3041 1862 3081 vobis
1885 3054 1963 3081 sua
1985 3039 2155 3081 devotio
2178 3039 2332 3081 reddet

143 3111 367 3160 acceptum
401 3111 442 3147 et
474 3107 614 3147 filialis
648 3122 743 3148 eum
777 3108 904 3148 timor
927 3108 1091 3149 imbuet
1114 3112 1157 3149 et
1181 3108 1422 3150 defensoris
1447 3123 1544 3150 eum
1566 3110 1796 3150 strenuitas
1821 3108 2150 3150 commendabit.
2204 3107 2330 3148 Unde

143 3175 341 3229 petimus.
374 3180 419 3214 ut
451 3176 650 3216 veniente
684 3180 876 3231 tempore
909 3181 953 3217 ct
984 3177 1092 3227 loco,
1127 3178 1237 3218 sicut
1268 3178 1401 3218 vestri
1435 3177 1565 3218 officii
1598 3182 1677 3228 est,
1711 3178 1926 3218 unctionis
1959 3177 2039 3231 ipsi
2071 3176 2329 3217 beneficium

143 3257 225 3282 non
260 3243 441 3297 negetis
1249 3256 1251 3258 ·

280 3345 315 3378 6.
350 3343 381 3385 d)
409 3346 489 3386 quid
515 3358 541 3378 e.
661 3351 689 3387 07)
717 3359 751 3380 se
777 3348 859 3380 add.
879 3360 905 3381 c.
1023 3348 1055 3390 f)
1083 3350 1332 3392 opportunitate
1358 3361 1384 3382 c.

280 3447 312 3484 1)
341 3444 394 3486 Cf.
421 3445 570 3479 Pactum
588 3446 660 3480 Hei
665 3448 751 3480 urici
772 3448 818 3482 ΙΙ.
845 3452 922 3483 tom.
940 3450 969 3491 I,
992 3459 1047 3483 φιν.
1065 3454 1107 3484 33
1131 3460 1158 3484 0.
1176 3454 1228 3484 18.
1280 3449 1498 3492 Desumptus
1514 3451 1562 3481 est
1579 3448 1675 3482 Iocus
1691 3458 1708 3481 e
1725 3437 1871 3482 ‘Decreto
1892 3447 2065 3482 Gratiani
2083 3447 2161 3482 dist.
2180 3450 2222 3481 63
2239 3456 2266 3481 c.
2279 3450 2330 3481 32.

2371 861 2403 885 10

2371 1204 2400 1229 15

2370 1543 2404 1569 20

2370 1889 2402 1914 25

2371 2231 2405 2256 30

2371 2576 2403 2602 35

2370 2915 2403 2939 40

2370 3259 2403 3284 45
