2558 3970
216 166 296 205 370
755 161 995 195 FRlDERlCI
1022 161 1066 195 ΙΙ.
1093 160 1520 195 CONS'I'ITUTIONES.
1571 163 1669 197 1245.
1718 163 1780 197 Nr.
1797 164 1874 198 264.

357 276 425 317 Fr.
458 276 538 316 Dei
571 277 708 329 gratia
741 276 1032 316 Romanorum
1068 276 1300 329 imperator
1333 290 1502 330 semper
1535 282 1767 331 augustus,
1802 278 2038 319 Ierusalem
2073 283 2115 320 et
2147 278 2290 320 Sicilie
2323 293 2400 319 rex

213 346 422 386 universis
473 350 698 399 presentes
743 345 909 385 litteras
952 344 1210 398 inspecturis
1250 358 1326 398 per
1368 358 1548 399 regnum
1582 345 1762 387 Francie
1796 347 2057 398 constitutis,
2102 346 2271 388 dilectis
2305 348 2399 398 sibi,

215 414 396 454 salutem
431 419 473 453 et
506 427 630 454 omne
665 413 836 453 bonum.

358 480 422 536 &ll
457 481 565 522 Cum
598 496 674 536 per
705 482 869 535 aliquos
903 485 1140 522 retroactos
1174 481 1369 523 Romane
1403 482 1517 523 sedis
1550 483 1760 524 antistites
1788 487 1830 523 et
1858 486 2103 538 presentem
2127 497 2203 524 nos
2227 487 2270 524 et
2292 484 2400 525 alios

215 563 351 603 reges.
387 551 599 605 principes
633 549 748 591 orbis
781 556 823 590 et
855 549 1022 590 nobiles
1055 563 1201 603 regna,
1235 551 1513 605 principatus,
1548 551 1734 592 honores
1769 551 1985 606 quoslibet
2010 555 2052 593 et
2082 551 2399 593 iurisdictiones

212 619 424 659 habentes
457 624 656 673 gravatos
690 618 844 659 merito
879 632 1149 663 censeamus,
1183 632 1236 659 ex
1270 632 1320 659 eo
1355 620 1465 673 quod
1499 620 1579 675 ipsi
1613 624 1759 661 contra
1780 620 1921 661 Deum
1944 624 1987 661 et
2015 620 2222 661 iustitiam
2244 627 2402 675 possea

213 687 293 727 sibi
335 687 670 728 iurisdictionem
711 692 752 727 ct
793 688 1093 727 auctoritatem
1132 693 1344 742 usurpant
1385 688 1634 729 instituendi
1675 694 1717 729 ct
1749 688 2010 730 destituendi
2044 703 2121 730 seu
2153 688 2400 730 removendi

211 756 263 796 ab
297 757 492 811 imperio,
527 757 689 810 regnis.
724 756 1033 811 principatibus
1067 760 1110 797 et
1142 756 1377 797 honoribus
1411 758 1496 798 suis
1528 758 1822 812 imperatores,
1855 771 1980 811 reges
2013 761 2054 798 et
2083 757 2297 813 principes
2323 771 2401 799 seu

211 839 506 879 quoscumque
541 829 779 879 magnateS,
814 825 1097 880 temporalem
1131 826 1434 866 auctoritatem
1466 826 1508 866 in
1542 840 1615 867 eos
1649 826 1945 881 temporaliter
1968 825 2226 877 exercendo,
2259 826 2399 867 absol-

211 894 350 935 vendo
385 895 512 935 etiam
546 908 568 934 a
603 895 882 934 sacramentis
915 894 1069 948 quibus
1102 894 1282 934 dominis
1316 895 1405 935 suis
1440 896 1615 936 vassalli
1661 899 1875 945 tenentur,
1915 898 2063 936 contra
2095 894 2288 935 dominos
2322 909 2399 935 ex-

214 962 612 1002 communicationis
646 961 939 1003 tantummodo
965 963 1189 1003 sentencia
1219 963 1508 1017 promulgata,
1545 963 1744 1018 quodque
1769 964 1995 1018 questione
2019 963 2108 1003 sive
2133 962 2400 1004 discensione

210 1031 322 1070 inter
353 1029 549 1071 dominos
584 1034 625 1071 et
648 1031 859 1071 vassallos
893 1044 970 1071 seu
1002 1030 1115 1072 inter
1138 1030 1241 1071 duos
1264 1031 1429 1072 nobiles
1454 1036 1497 1072 et
1520 1032 1683 1072 vicinos
1716 1032 1900 1073 invicem
1923 1031 2246 1082 contendentes,
2277 1034 2403 1086 prout

209 1098 387 1147 assolet,
430 1104 701 1153 emergente.
742 1098 923 1153 predicti
955 1100 1108 1140 summi
1148 1099 1374 1155 pontifices
1407 1100 1460 1141 ad
1499 1101 1753 1156 petitionem
1784 1101 1910 1142 unius
1941 1101 2074 1155 partis
2106 1099 2401 1142 tantummodo

209 1172 354 1222 partes
394 1181 493 1208 suas
535 1168 832 1222 temporaliter
869 1169 1166 1223 interponunt,
1213 1169 1396 1210 volendo
1437 1170 1552 1224 ipsos
1597 1170 1755 1210 invitos
1797 1170 1840 1210 in
1874 1184 1919 1212 se
1953 1169 2300 1224 compromittere
2333 1169 2400 1210 vel

211 1235 336 1276 aliter
379 1235 431 1276 ad
470 1235 742 1277 concordiam
783 1236 1032 1288 cohercere,
1077 1241 1120 1278 et
1152 1237 1370 1292 alligando
1404 1252 1450 1279 se
1491 1238 1692 1279 fidelibus
1725 1242 1873 1280 contra
1911 1238 2104 1280 dominos
2138 1241 2212 1279 aut
2241 1238 2315 1279 uni
2347 1237 2399 1279 de

210 1304 405 1358 partibus
440 1304 711 1359 supradictis,
746 1305 857 1359 quod
891 1319 972 1346 non
1006 1305 1123 1360 prius
1156 1320 1307 1361 pacem
1340 1320 1435 1347 oum
1459 1307 1556 1347 aliis
1580 1307 1740 1348 faciant
1763 1322 1890 1362 quam
1914 1308 2112 1362 alligatos
2138 1306 2220 1349 sibi
2241 1309 2402 1362 ponant

209 1373 249 1412 in
291 1387 416 1427 pace,
463 1373 711 1429 recipiendo
759 1374 955 1414 similiter
997 1374 1327 1429 promissionem
1373 1375 1423 1416 de
1470 1390 1553 1417 non
1593 1375 1791 1417 faciendo
1834 1389 1983 1431 pacem
2025 1389 2121 1416 cum
2159 1375 2340 1416 dominis
2378 1388 2403 1415 a

210 1442 428 1483 vassallis:
472 1443 574 1483 item
616 1456 671 1483 ex
710 1456 759 1483 eo
804 1443 918 1497 quod
962 1443 1145 1498 predicti
1178 1444 1333 1484 summi
1370 1445 1596 1498 pontifices
1629 1445 1672 1485 in
1706 1444 1990 1500 preiudicium
2023 1444 2327 1485 iurisdictionis
2360 1446 2402 1484 et

209 1510 382 1551 honoris
416 1525 565 1565 regum
591 1516 634 1552 et
655 1512 893 1566 principum
918 1511 1224 1567 predictorum,
1258 1512 1311 1554 ad
1334 1513 1587 1568 petitionem
1611 1514 1864 1554 clericorum
1886 1528 1962 1555 seu
1984 1514 2219 1569 laycorum,
2252 1512 2398 1567 cogni-

210 1580 348 1620 tiones
383 1593 609 1621 causarum
642 1580 694 1621 de
726 1580 854 1621 rebus
889 1581 1215 1636 temporalibuS,
1248 1582 1596 1636 possessionibus
1628 1582 1913 1637 pheodalibus
1939 1596 2015 1624 seu
2047 1582 2333 1636 burgesaticis
2355 1581 2400 1622 in

209 1649 506 1689 ecclesiastico
541 1648 632 1689 foro
667 1649 914 1690 tractandas
947 1650 1162 1704 recipiunt
1196 1653 1238 1690 et
1271 1651 1563 1691 committunt:
1599 1664 1701 1692 ecce
1734 1650 1846 1705 quod
1879 1665 1957 1692 nos
1990 1650 2044 1692 ad
2074 1650 2313 1706 predictam
2334 1650 2400 1691 in-

209 1717 359 1757 iuriam
394 1717 659 1758 documentis
692 1717 966 1759 evidentibus
999 1718 1308 1759 ostendendam
1341 1723 1384 1760 et
1414 1720 1552 1774 ipsam
1575 1734 1600 1760 a
1623 1720 1745 1760 nobis
1771 1726 1813 1761 et
1843 1721 1903 1760 eis
1926 1719 2239 1761 rationabiliter
2260 1732 2400 1760 remo-

209 1785 390 1826 vendam
431 1787 685 1840 magistrum
725 1787 901 1828 Petrum
943 1787 996 1828 de
1032 1787 1190 1837 Vinea,
1234 1802 1390 1843 magne
1429 1789 1546 1830 curie
1588 1793 1734 1829 nostre
1775 1789 1978 1839 iudicem,
2024 1793 2067 1830 et
2105 1787 2155 1829 Gr.
2198 1788 2249 1829 de
2289 1787 2403 1829 Ocra

208 1856 421 1896 clericum.
457 1855 636 1897 dilectos
669 1856 819 1897 fideles
843 1861 1027 1905 nostros,
1061 1856 1114 1897 ad
1135 1856 1184 1899 L.
1209 1858 1421 1898 illustrem
1444 1872 1589 1913 regem
1612 1858 1889 1909 Francorum,
1922 1858 2194 1898 karissimum
2218 1857 2402 1898 amicum

206 1930 410 1972 nostrum,
445 1924 706 1979 providimus
740 1925 1037 1977 destinandos,
1070 1926 1306 1967 affectuose
1338 1932 1544 1981 rogantes
1568 1931 1610 1967 et
1633 1927 1685 1968 ob
1709 1927 1932 1968 tuitionem
1964 1930 2007 1967 et
2030 1925 2403 1967 conservationem

204 1993 359 2033 iurium
392 1998 631 2034 nostrorum
666 1999 707 2035 et
740 1994 921 2049 imperii,
957 2008 1105 2049 regum
1138 1995 1321 2035 aliorum
1352 2000 1394 2036 et
1423 1996 1663 2050 principum
1701 2010 1778 2037 seu
1802 2009 2170 2050 quorumcumque
2193 1994 2403 2035 nobilium

210 2061 443 2102 efficaciter
476 2063 745 2116 requirentes
781 2063 992 2114 eumdem,
1026 2068 1072 2104 ut
1095 2064 1369 2118 congregatis
1395 2079 1543 2105 coram
1566 2079 1610 2105 se
1633 2065 1771 2120 laycis
1794 2063 1968 2119 paribus
1990 2064 2113 2118 regni
2136 2064 2200 2105 sui
2223 2063 2403 2117 aliisque

205 2129 423 2171 nobilibus
456 2136 571 2171 tanto
606 2131 777 2186 negotio
812 2133 1076 2187 opportunis,
1111 2145 1187 2187 per
1222 2147 1267 2173 se
1304 2146 1400 2173 cum
1434 2133 1495 2174 eis
1535 2147 1664 2187 super
1695 2133 1891 2174 omnibus
1924 2132 2128 2188 predictis
2160 2137 2203 2173 et
2225 2131 2403 2186 singulis

207 2197 352 2238 audiat
384 2199 476 2239 iura
507 2204 666 2241 nostra.

349 2266 414 2321 (2)
459 2266 661 2309 Ceterum
703 2269 737 2309 si
779 2269 870 2324 ipse
912 2269 1105 2324 predicta
1137 2283 1222 2310 non
1256 2269 1427 2311 duxerit
1460 2271 1805 2322 assummendab,
1847 2285 1942 2312 cum
1981 2285 2081 2321 nos,
2125 2271 2196 2325 qui
2227 2273 2402 2311 auctore

207 2334 392 2375 Domino
423 2336 607 2377 Romani
639 2337 819 2392 imperii,
852 2352 1082 2393 regnorum
1116 2338 1351 2379 Ierusalem
1385 2344 1427 2380 et
1450 2340 1594 2381 Sicilie
1620 2340 1894 2381 moderamur
1924 2339 2133 2392 habenas,
2166 2345 2251 2380 tam
2278 2353 2402 2380 enor-

207 2418 317 2444 mem
350 2405 547 2446 iniuriam
581 2410 623 2446 et
654 2410 739 2446 tam
780 2407 1002 2447 informem
1044 2408 1369 2463 usurpationem
1403 2408 1554 2449 diebus
1596 2409 1754 2449 nostris
1788 2409 1974 2450 tolerare
2008 2409 2215 2459 nolimus,
2254 2421 2402 2462 regem

208 2472 403 2513 eumdem
444 2474 555 2514 iusta
592 2489 767 2529 precum
810 2476 1119 2518 intercessione
1163 2490 1383 2530 rogamus,
1426 2482 1635 2532 quatenus
1668 2478 1789 2519 nobis
1824 2492 1996 2518 causam
2032 2481 2240 2528 nostram,
2283 2490 2402 2517 suam

208 2550 249 2582 et
283 2542 460 2582 aliorum
492 2544 730 2598 principum
765 2545 943 2586 viriliter
976 2545 1340 2600 prosequentibus
1375 2559 1420 2587 se
1454 2546 1715 2586 contrarium
1747 2560 1831 2586 non
1864 2551 2054 2601 opponat
2086 2560 2166 2587 nec
2190 2545 2242 2587 de
2266 2559 2401 2600 regno

209 2624 283 2650 suo
317 2610 479 2664 aliquos
512 2611 658 2665 laycos
692 2626 768 2653 scu
803 2613 977 2654 clericos
1008 2614 1306 2668 temporaliter
1338 2613 1460 2655 nobis
1494 2615 1653 2670 opponi
1687 2615 1910 2670 permittat
1932 2614 2184 2669 nullumque
2208 2614 2400 2669 presenti

210 2692 374 2719 summo
408 2680 596 2733 pontifici
623 2694 699 2721 seu
725 2682 1049 2723 successoribus
1074 2682 1161 2723 suis
1186 2687 1335 2723 contra
1359 2696 1448 2733 nOS,
1483 2682 1725 2724 discrimine
1749 2684 1942 2738 presenti
1970 2683 2165 2735 durante,
2197 2683 2241 2723 in
2264 2696 2398 2737 regno

208 2747 275 2787 vel
310 2746 361 2787 de
397 2761 528 2801 regno
562 2762 637 2789 suo
669 2749 905 2804 presidium
940 2764 1017 2792 seu
1048 2751 1374 2805 receptaculum
1407 2752 1569 2793 tribuat
1601 2755 1675 2792 aut
1707 2752 1839 2793 tribui
1872 2752 2080 2807 paciatur.

356 2816 416 2870 (3)
449 2816 581 2858 Porro
615 2818 651 2858 si
682 2818 862 2859 forsitan
893 2834 971 2860 rex
1001 2819 1220 2874 predictus
1254 2834 1339 2861 una
1371 2835 1466 2862 cum
1500 2821 1675 2876 paribus
1706 2825 1749 2862 et
1779 2820 1996 2862 nobilibus
2019 2820 2141 2875 regni
2164 2819 2242 2870 sui,
2275 2822 2401 2875 prout

210 2888 376 2924 tantum
420 2898 567 2939 regem
616 2890 658 2926 et
700 2901 880 2941 regnum
921 2888 1150 2939 condecet,
1198 2894 1342 2944 partes
1386 2904 1486 2930 suas
1534 2889 1868 2944 interponendas
1907 2889 2062 2930 viderit
2109 2889 2152 2928 in
2194 2886 2400 2943 predictis

211 2966 507 3008 summumque
541 2955 784 3009 pontificem
820 2957 909 2997 sive
942 2971 1019 3011 per
1051 2957 1212 2998 iustitie
1246 2957 1439 2998 debitum
1463 2959 1531 2999 vel
1566 2958 1689 2999 modo
1722 2959 1914 3013 quolibet
1946 2957 1999 2998 ad
2027 2956 2142 2997 istud
2166 2955 2397 3007 induxerit,

210 3027 254 3060 ut
287 3022 388 3062 velit
421 3022 615 3076 predicta
647 3025 900 3078 gravamina
932 3026 1054 3067 nobis
1089 3032 1133 3066 et
1164 3027 1258 3067 aliis
1292 3027 1537 3068 christianis
1570 3028 1823 3082 primatibus
1857 3027 2067 3081 inrogata,
2102 3030 2144 3067 et
2166 3025 2209 3066 id
2232 3025 2397 3080 specia-

210 3090 319 3141 liter,
353 3090 464 3144 quod
499 3097 645 3133 contra
679 3107 756 3133 nos
781 3107 916 3148 nuper
946 3095 987 3134 in
1010 3094 1291 3149 Lugdunensi
1316 3096 1501 3137 concilio
1526 3097 1692 3147 statuit,
1725 3100 1937 3150 quatenus
1962 3095 2014 3136 de
2038 3094 2153 3136 facto
2175 3094 2397 3149 processit,

211 3172 305 3199 cum
344 3173 515 3213 prorsus
555 3159 605 3201 de
651 3161 742 3202 iure
784 3176 868 3202 non
907 3163 1068 3214 valeat,
1118 3177 1340 3215 revocare,
1391 3178 1468 3205 nos
1510 3165 1564 3206 ob
1604 3165 1811 3206 honorem
1845 3168 1887 3205 et
1923 3164 2209 3205 reverentiam
2240 3162 2324 3204 Dei
2356 3166 2398 3203 et

212 3226 515 3281 Redemptoris
549 3230 683 3269 nostri
716 3244 792 3270 nec
824 3245 907 3271 non
942 3231 994 3271 ob
1029 3245 1232 3285 amorem,
1268 3248 1393 3287 quem
1417 3233 1470 3274 ad
1501 3248 1648 3287 regem
1673 3237 1714 3274 et
1737 3246 1918 3287 regnum
1940 3231 2120 3272 Francie
2144 3245 2220 3286 pre
2244 3231 2396 3272 ceteris

213 3295 472 3348 singularem
505 3296 726 3347 habemus,
761 3313 935 3340 causam
970 3314 1050 3355 que
1074 3301 1186 3342 inter
1209 3316 1284 3342 nos
1308 3307 1350 3343 et
1374 3316 1585 3343 summum
1619 3302 1862 3357 pontificem
1888 3301 2068 3342 vertitur
2090 3299 2396 3354 supradictum,

212 3369 421 3417 quatenus
447 3365 654 3419 contingit
678 3367 889 3419 eumdem,
923 3369 964 3409 in
987 3369 1185 3410 manibus
1209 3371 1407 3424 ponimus
1432 3371 1545 3425 regis
1571 3370 1777 3420 eiusdem,
1799 3369 1939 3424 parati
1962 3370 2106 3410 omnia
2128 3381 2397 3423 quecumque

211 3444 288 3484 per
319 3445 394 3471 nos
438 3431 547 3472 idem
589 3448 665 3474 rex
698 3434 749 3476 de
784 3437 963 3477 consilio
1006 3438 1171 3492 parium
1204 3439 1499 3493 nobiliumque
1533 3438 1874 3490 suorum,‘visis
1906 3441 1948 3478 et
1979 3437 2210 3491 diligenter
2241 3435 2396 3477 auditis

211 3501 366 3541 nostris
401 3505 443 3541 et
477 3502 643 3556 imperii
676 3504 855 3556 iuribus,
889 3507 1073 3547 ecclesie
1108 3507 1262 3548 viderit
1295 3507 1582 3558 emendanda,
1615 3507 1831 3561 corrigere
1865 3510 1907 3547 et
1938 3507 1980 3547 in
2013 3509 2170 3546 statum
2202 3504 2396 3546 debitum

349 3612 433 3647 264.
471 3621 501 3650 a,
528 3616 573 3647 sic
599 3628 664 3654 or.;
690 3629 774 3658 quoe
800 3630 862 3650 7:033
887 3625 971 3652 certe
997 3620 1144 3653 delenda
1169 3628 1224 3653 est.
1321 3620 1353 3663 b)
1380 3621 1426 3653 sic
1451 3633 1500 3654 or.

2438 901 2470 925 10

2439 1248 2470 1274 15

2437 1591 2470 1616 20

2441 1941 2472 1967 25

2440 2284 2473 2309 30

2437 2631 2468 2657 35

2434 2975 2467 3001 40

2433 3315 2465 3341 45
