2558 3970
72 1271 104 1295 10

69 1725 100 1749 15

67 2466 99 2493 25

566 165 779 201 CONRADI
805 166 867 201 IV.
894 166 1324 204 CONs'rl'rU'rloxEs.
1377 172 1472 206 1253.
1514 172 1611 206 1234.
1663 172 1818 208 N1·.343.
1844 174 1922 209 344.
2257 181 2330 218 451

148 281 336 322 tantibus
382 281 435 322 ad
476 281 680 323 honorem
729 287 772 323 et
811 281 1064 323 fidelitatem
1107 291 1316 336 nostram,
1362 287 1551 340 quietum
1593 294 1634 328 et
1680 289 1902 344 pacificum
1945 295 2102 331 statum
2144 292 2336 347 predicte

146 350 365 405 provincie
397 350 578 405 quilibet
610 350 749 392 eidem
782 351 1018 392 marchioni
1052 359 1272 408 tamquam
1306 369 1491 410 persone
1526 364 1670 398 nostre
1698 357 1851 399 devote
1886 364 2099 415 parentet
2129 361 2336 406 intendat,

145 422 193 459 ut
224 423 267 460 et
297 419 389 474 ipse
422 420 462 460 in
495 419 673 461 decreta
696 418 772 460 sibi
796 420 1015 475 provincia
1039 421 1315 477 beneplacita
1339 431 1485 465 nostra
1509 439 1624 467 more
1647 428 1773 468 solito
1799 428 2075 470 laudabiliter
2098 437 2339 485 exequatur

145 493 188 529 et
227 488 406 530 affectus
446 494 691 531 nostrorum
733 488 923 530 fidelium
966 504 1044 544 per
1092 492 1294 533 effectum
1338 494 1479 547 operis
1525 495 1564 534 in
1607 504 1836 551 conspectu
1878 504 2022 538 nostre
2065 499 2336 540 celsitudinis

146 557 444 605 comendetur;
484 558 631 600 scituri
671 559 860 600 universi
894 563 937 600 et
970 559 1147 614 singuli,
1181 561 1293 616 quod
1327 562 1380 603 de
1413 563 1584 605 barinis.
1626 567 1769 619 penis.
1816 569 2039 608 sententiis
2074 576 2116 609 et
2151 570 2335 611 statutis.

144 640 227 682 que
259 627 373 669 idem
405 628 597 669 marchio
631 633 778 670 contra
810 627 1055 680 indevotos,
1089 635 1366 672 contumaces
1400 637 1442 672 et
1475 638 1817 687 transgressores
1852 636 2014 676 tullerit
2048 643 2090 677 et
2123 639 2335 689 statuerit,

143 696 248 738 nihil
280 701 428 738 nostra
460 697 670 738 serenitas
703 697 959 746 immutabit,
992 697 1068 739 sed
1102 713 1154 740 ea
1187 704 1396 755 perpetuo
1430 707 1519 742 rata
1554 708 1597 742 et
1630 704 1751 744 firma
1784 705 2030 746 tenebimus
2053 712 2094 746 et
2123 707 2330 748 faciemus

143 765 195 806 ab
228 765 423 806 omnibus
456 765 762 807 inviolabiliter
794 765 1025 807 observari.

286 833 445 875 Datum
479 834 688 885 Canusie,
720 836 924 877 vicesimo
957 835 1146 877 secundo
1178 836 1419 881 Februarii,
1452 839 1678 881 undecimo
1713 842 1966 882 indictionis.

167 1244 298 1313 344.
354 1240 1149 1316 PROMULGATIO
1194 1244 1609 1317 VIOARM.
1664 1248 1879 1319 (ἐι-ΕΝ
1900 1249 1959 1319 E
1974 1249 2181 1320 ΗΑΒ
2204 1250 2220 1319 l
2243 1250 2307 1321 S.

1135 1370 1342 1430 (12542)

281 1502 488 1552 Edictum,
528 1502 637 1555 qaod
676 1502 732 1544 ad
770 1516 979 1544 commane
1028 1503 1261 1556 quodetiam
1301 1505 1444 1547 datam
1485 1520 1568 1548 ess-c
1608 1508 1782 1557 videtur,
1825 1509 2071 1560 ‹ea-emplari(
2114 1510 2195 1550 iam
2238 1510 2334 1550 olim

137 1570 320 1613 Bc'ilimer
356 1586 406 1613 ea·
450 1570 491 1627 1)
529 1571 660 1613 codice
692 1570 895 1613 Parisino
916 1573 1031 1613 8567
1062 1572 1141 1628 fol.
1166 1570 1262 1624 792·
1303 1574 1455 1627 [coitur
1493 1576 1618 1617 ctiam
1662 1577 1706 1632 2)
1749 1578 1792 1617 in
1834 1577 2048 1618 Martenoi
2094 1579 2338 1619 (julla-tima»

137 1641 399 1693 amplissima
430 1641 495 1691 ΙΙ,
520 1642 632 1682 1211
663 1655 729 1682 ην.
755 1642 810 1682 92
840 1655 860 1682 e
891 1641 1023 1683 codice
1054 1642 1232 1695 quodam
1267 1643 1517 1688 Colbcrlino.
1578 1645 1622 1686 E
1649 1646 1779 1687 codice
1805 1650 1827 1686 1
1859 1647 1986 1687 edidi!
2020 1648 2337 1699 iJ›.s·m›i,s'cl1i›·r-

137 1710 311 1762 macher‚
351 1709 445 1752 ‘Die
476 1711 622 1753 Zeteten
652 1710 982 1763 Holienstaufen'
1007 1726 1055 1764 p.
1079 1713 1174 1763 593,
1215 1713 1286 1755 sed
1315 1714 1504 1755 lectiones
1536 1714 1751 1757 Martenoi·
1791 1717 2018 1757 necwimam
2045 1719 2204 1767 partem
2239 1718 2336 1757 reti-

134 1780 276 1822 nuisse
305 1779 478 1823 videtur.
539 1780 721 1822 Minime
750 1780 821 1834 aqi
851 1780 899 1821 de
931 1781 1086 1822 vicario
1114 1782 1304 1834 ycncrali
1336 1784 1453 1835 raoni
1484 1784 1674 1834 Siciliae,
1708 1787 1752 1824 nt
1783 1786 1982 1837 opinatur
2012 1785 2331 1834 Seleimmun-lm,

134 1850 205 1891 sed
228 1850 371 1904 potius
394 1850 585 1902 partium
616 1849 883 1902 quarundam
914 1851 1031 1903 reflui
1062 1850 1216 1901 Italici,
1243 1850 1427 1906 fortasse
1453 1852 1637 1904 Tusciae,
1672 1855 1734 1894 cir
1763 1854 1812 1894 cl.
1832 1853 1984 1895 Ficker
2003 1855 2135 1895 evicit.
2189 1854 2337 1895 Euan-

136 1918 259 1968 tiata‚
307 1918 456 1970 quibus
495 1921 675 1971 potestas
714 1918 865 1959 vicarii
903 1918 1113 1971 definitur,
1153 1921 1332 1972 propius
1374 1921 1571 1963 accedant
1610 1922 1668 1963 acl
1705 1922 1951 1964 „candalum
1992 1937 2123 1975 supra
2163 1936 2228 1964 nr.
2251 1927 2336 1963 :37:¹1

134 1986 299 2029 editum.
361 1987 431 2029 Ea
471 2001 576 2040 quae
615 2001 706 2029 cam
746 1987 818 2029 lzoc
848 1991 1082 2041 congruunt
1119 1989 1270 2031 litteris
1301 1990 1532 2031 minoribus
1563 2005 1760 2044 expressa
1790 1994 1898 2033 sunt.
1960 1992 2119 2033 Eadem
2144 1992 2335 2046 formula

135 2069 236 2098 usas
266 2059 324 2098 est
354 2056 612 2109 IlIanficduS
641 2071 717 2098 rex
748 2070 862 2098 anno
892 2060 939 2098 ut
972 2057 1132 2099 videtur
1156 2060 1266 2100 1259
1296 2060 1343 2100 in
1373 2059 1606 2113 j)·a9niento
1636 2061 1759 2102 edicti
1779 2061 1836 2102 acl
1864 2062 2045 2102 comitem
2077 2063 2165 2113 (scu
2193 2062 2334 2114 potius

134 2127 361 2181 commu-ne)
382 2125 582 2168 Pisaram
602 2126 704 2177 dati,
735 2139 814 2179 qao
835 2139 876 2167 se
898 2127 1098 2168 vicariam
1117 2129 1349 2181 yeneralem
1374 2143 1451 2181 per
1477 2129 1672 2171 Tusciam
1693 2131 1886 2172 statuisse
1905 2131 2152 2183 promalyat,
2186 2131 2294 2183 quod
2315 2147 2334 2169 t:

134 2194 264 2236 codice
285 2193 488 2237 Parisino
508 2195 624 2237 8567
646 2195 727 2250 fol.
743 2192 846 2236 106'
868 2195 979 2237 dedit
1001 2195 1313 2239 Seliirrmaclaeer
1334 2198 1360 2239 l.
1378 2212 1410 2239 c.
1431 2213 1473 2251 p.
1492 2199 1603 2240 (5322
1632 2199 1846 2253 (Balanea
1871 2199 1970 2254 Rey.
1997 2201 2091 2252 imp.
2121 2199 2164 2249 V,
2184 2203 2208 2239 -1
2216 2203 2329 2250 713).

135 2289 190 2294 —
219 2263 414 2316 Bokmer,
447 2264 548 2319 Rey.
578 2265 678 2317 imp.
709 2264 754 2315 V,
776 2259 903 2307 4631.
1958 2269 2031 2322 (P.
2054 2269 2195 2320 deest.)

281 2379 505 2422 Conradus
536 2387 644 2422 rexa
676 2380 850 2422 comitib
883 2385 963 2423 etc.

279 2449 346 2491 De
379 2450 569 2506 corrupti
600 2450 794 2506 parentis
835 2450 960 2506 primi
994 2449 1268 2492 conditione⁰
1301 2454 1465 2492 tantam
1499 2451 1658 2493 retinet
1691 2452 1820 2494 hodie
1853 2453 1945 2494 lesa
1977 2455 2206 2509 posteritas
2241 2468 2332 2494 cor-

135 2519 360 2575 ruptelam,
383 2523 430 2560 ut
451 2518 565 2560 facta
588 2519 673 2560 iam
696 2519 820 2575 quasi
836 2519 1074 2561 domestica
1097 2519 1272 2561 cuilibet
1294 2520 1472 2562 licentia
1491 2520 1783 2576 delinquendi,
1811 2536 1983 2578 semper
2001 2523 2054 2564 ad
2076 2537 2331 2564 consensum

135 2589 326 2645 nequitie
358 2603 495 2645 prona
526 2590 580 2631 sit
601 2589 792 2631 humana
815 2589 1004 2631 conditio
1029 2595 1070 2631 et
1092 2604 1170 2646 per
1193 2591 1393 2631 vitiorum
1417 2590 1628 2631 lubricum
1652 2591 1806 2632 cotidie
1832 2597 2004 2632 corruat
2026 2593 2067 2632 in
2092 2605 2333 2641 excessum,

135 2662 178 2700 et
210 2658 271 2700 sic
302 2658 449 2711 homo,
493 2672 620 2714 quem
652 2659 830 2700 rationis
863 2660 1121 2715 participem
1153 2659 1426 2715 providentia
1457 2659 1602 2701 divina
1634 2661 1815 2712 creavit,
1860 2676 1883 2702 a
1918 2676 1994 2703 sue
2028 2660 2333 2702 deffinitionisd

135 2727 283 2770 ordine
316 2727 631 2784 quodammodo
664 2728 946 2770 discoherens
978 2733 1097 2770 tante
1131 2728 1378 2785 cupiditatis
1414 2743 1559 2771 errore
1594 2729 1826 2780 seducitur,
1860 2734 1906 2770 ut
1930 2730 2151 2771 voluntate
2186 2744 2331 2770 secum

134 2801 177 2839 et
215 2798 381 2839 ratione
423 2801 681 2854 pugnante⁰‚
724 2797 825 2839 dum
866 2798 978 2840 inter
1015 2799 1174 2840 bonum
1213 2803 1255 2840 et
1296 2798 1482 2840 malums
1511 2798 1755 2850 disiudicat,
1789 2800 1859 2840 vix
1893 2800 2021 2840 etiam
2052 2800 2184 2854 eligat
2217 2798 2330 2853 quod

134 2865 353 2910 discernit.
415 2866 550 2909 Cuius
583 2867 768 2909 effrenes
800 2872 942 2909 motus
974 2872 1016 2909 et
1047 2869 1234 2923 impetus
1266 2868 1349 2909 nisi
1372 2868 1534 2910 iustitie
1556 2869 1672 2923 rigor
1695 2869 1956 2924 opprimeret
1979 2874 2020 2909 et
2044 2867 2334 2909 secularium&

135 2941 356 2978 coerceret
395 2937 630 2978 auctoritas
672 2941 957 2992 potestatum,
1001 2951 1125 2979 suum
1166 2938 1287 2993 pacis
1329 2936 1511 2978 dulcedo
1554 2938 1817 2979 ammitteret
1859 2936 2040 2978 nomenh
2084 2941 2126 2977 et
2165 2936 2331 2977 arbitrii

136 3006 374 3048 communis
407 3005 560 3048 abusio
593 3007 812 3048 societatis
845 3006 1032 3048 humane
1062 3006 1211 3048 federa
1244 3006 1440 3048 violaret.
1504 3005 1697 3062 Cumque
1731 3005 1783 3047 ad
1817 3005 1895 3046 hoc
1929 3005 2176 3060 specialiter
2209 3005 2328 3059 leges

136 3078 180 3116 et
210 3088 330 3116 arma
362 3076 643 3117 convenerint
656 3076 685 3128 ³,
715 3089 793 3116 nos
825 3076 897 3130 qui
928 3075 1000 3116 adi
1032 3075 1305 3117 subditorum
1336 3080 1581 3117 nostrorum
1614 3076 1805 3130 regimen
1837 3088 2025 3130 superna
2047 3073 2327 3129 dispositione

138 3143 308 3185 vocatik
348 3144 428 3185 hec
469 3149 512 3186 et
554 3145 652 3186 illas
696 3144 906 3186 debemus
947 3145 989 3185 in
1027 3144 1208 3186 subditis
1242 3150 1284 3185 et
1315 3144 1562 3200 possumus¹
1596 3157 1821 3189 exercerc,
1870 3143 2073 3184 continua
2105 3142 2324 3183 reddimur

271 3257 357 3293 344.
391 3260 422 3302 ²)
449 3266 511 3293 etc.
537 3259 568 3294 2.
665 3259 698 3304 b)
715 3262 812 3304 forte
837 3260 1015 3304 leqendum
1040 3265 1089 3293 est
1113 3261 1296 3293 communi.
1405 3263 1436 3302 ⁰)
1461 3260 1611 3293 convitio
1636 3257 1667 3290 2.
1763 3256 1796 3299 d)
1823 3259 2034 3291 diffinitionis
2060 3257 2091 3290 2.
2187 3263 2217 3298 Θ)
2244 3269 2326 3300 pug-

135 3317 297 3351 nantibus
321 3315 352 3350 2.
493 3316 527 3359 f)
565 3319 644 3352 bon.
667 3319 839 3353 malumve
864 3318 895 3351 2.
1025 3318 1059 3360 8)
1096 3319 1313 3351 scelerarium
1341 3317 1372 3350 1.
1503 3315 1535 3357 ¹¹)
1575 3328 1662 3349 nom.
1690 3316 1859 3348 amitteret
1884 3315 1915 3348 2.
2045 3314 2066 3354 i)
2107 3315 2169 3347 lioc
2195 3315 2275 3347 add.
2299 3314 2326 3347 1.

134 3370 169 3416 k)
193 3385 268 3417 sup.
293 3375 378 3418 disp.
404 3376 517 3410 vocati
542 3376 611 3409 des.
630 3375 659 3408 1.
779 3374 805 3417 l)
832 3376 999 3419 possimus
1026 3375 1057 3408 1.

272 3465 307 3510 1)
341 3465 429 3500 Non
452 3476 534 3500 vero
560 3466 713 3510 ‘comiti',
739 3469 782 3500 ut
805 3465 992 3509 inscriptio
1010 3465 1165 3509 praebet.
1300 3464 1335 3506 2)
1369 3463 1580 3498 Manfredus
1608 3490 1614 3496 .
1635 3490 1641 3496 .
1663 3489 1670 3497 .
1696 3462 1822 3497 comiti
1849 3462 2014 3496 Pisarum
2042 3473 2106 3506 per
2132 3461 2327 3495 Nicolaum

138 3519 183 3556 de
207 3522 336 3558 Rocea.
387 3523 557 3558 Libertas
592 3524 739 3559 arbitrii
776 3524 933 3568 desuper
957 3543 1001 3547 —
1027 3523 1231 3558 deliberato
1269 3521 1422 3556 consilio
1454 3520 1682 3566 providimus
1717 3519 1960 3564 deputandos.
2018 3519 2220 3563 Eapropter
2245 3530 2329 3552 con-

137 3578 192 3613 fisi
218 3581 286 3615 etc.
312 3580 378 3615 fiat
401 3581 442 3615 in
466 3581 584 3616 forma
608 3593 680 3626 que
704 3581 858 3626 incipit:
891 3581 936 3615 de
961 3580 1126 3625 corrupti
1151 3579 1317 3625 parentis
1343 3579 1453 3624 primi
1480 3577 1644 3613 convitio
1662 3580 1729 3611 etc.
1756 3588 1827 3621 que
1853 3577 1943 3611 alibi
1970 3577 2137 3611 hahetur.
2178 3576 2331 3620 Legitur

137 3635 241 3671 etiam
275 3637 314 3671 i‘n
346 3638 523 3672 Mai-tenei
562 3638 762 3673 Collectione
801 3639 1021 3683 amplissima
1054 3637 1108 3681 II,
1128 3641 1211 3671 12:21
1246 3647 1299 3671 nr.
1321 3640 1385 3670 103
1417 3648 1433 3669 c
1460 3635 1574 3670 codice
1616 3634 1769 3678 quodam
1804 3633 2016 3677 Colbertino,
2056 3634 2191 3668 omissis
2224 3634 2331 3667 zerbis

139 3692 204 3728 fiat
228 3715 270 3720 —
296 3695 464 3731 habetur.
575 3697 611 3740 3)
638 3696 739 3731 Haec
763 3697 913 3740 sapiant
937 3695 1149 3730 mandatam
1174 3705 1229 3729 nr.
1243 3699 1317 3729 343.

1991 3755 2056 3790 57*
