2558 3970
154 179 235 217 626
442 173 723 209 CONVENTlo
751 173 810 206 DE
837 171 1162 206 LlBER-ATIONE
1191 171 1362 206 REGUM
1389 171 1583 206 DANIAE.
1632 172 1730 207 12‘25.
1779 172 1841 206 Nr.
1859 172 1938 207 454.
1962 173 2040 208 455.

159 290 395 330 reddentur
419 290 456 329 X
483 289 594 328 milia
619 292 660 327 et
684 286 792 328 CCC
816 301 972 333 marce,
997 287 1169 327 mutatis
1193 287 1414 327 obsidibus
1439 286 1620 327 residuis
1643 290 1686 327 et
1707 286 1749 327 X
1772 287 2013 328 subtractis.
2066 288 2116 327 In
2140 301 2335 342 assump-

0 350 119 407 ffl²²⁷ss‚‚
160 360 274 399 tione
309 358 433 398 beate
458 357 635 410 virginis
670 360 880 410 sequente
914 359 1011 411 post
1043 355 1276 396 seeundum
1309 355 1470 410 paseha
1491 356 1754 396 remanentis
1775 355 1960 410 pecunie
1985 370 2152 397 summa
2173 356 2335 411 persol-

153 437 288 468 vetur.
322 432 363 466 et
396 425 530 466 exibit
562 425 671 464 alius
703 424 815 464 filius
850 425 975 478 regis,
1009 438 1136 478 quem
1171 424 1556 465 0011108110111·10118
1588 424 1792 471 voluerit:
1826 437 1951 478 quem
1977 437 2077 465 vero
2110 423 2163 464 ad
2196 439 2336 466 rema—

153 494 337 534 nendum
380 492 581 546 elegerit.
624 506 718 532 cuin
759 493 855 533 aliis
894 493 935 533 X
968 492 1097 533 stabit
1138 506 1214 547 pro
1256 493 1457 533 orueida⁰
1488 507 1566 547 per
1596 492 1638 533 X
1670 506 1826 543 annOS,
1871 492 1943 547 qui
1982 496 2125 533 tamen
2157 493 2336 547 singulis

152 563 273 602 annis
317 562 614 602 niutaluiutur:
656 566 698 601 et
742 576 818 601 rex
860 561 992 602 filium
1025 575 1168 606 suum.
1213 561 1249 601 si
1281 561 1483 611 voluerit,
1526 561 1609 601 alio
1649 560 1735 602 filio
1778 574 1854 601 suo
1887 561 2082 603 mutabit.
2145 561 2270 608 Quod
2302 561 2339 602 si

152 631 266 670 dicta
299 630 479 684 pecunia
513 630 553 669 in
594 629 789 670 terminis
828 629 1080 684 prescriptis
1112 629 1165 669 ad
1199 630 1373 684 plenum
1405 629 1512 670 solvi
1545 643 1630 669 non
1667 629 1828 684 poterit
1859 632 2036 684 propter
2067 628 2339 671 debilitatem

153 700 272 753 regni
305 699 371 739 vel
403 703 578 754 propter
611 699 795 752 aliquem
821 712 980 746 casum,
1012 702 1186 753 propter
1218 711 1344 752 (1110111
1368 702 1596 752 argentum
1629 697 1781 739 haberi
1804 712 1887 739 non
1916 698 2066 752 possit,
2098 702 2201 752 quot
2222 697 2341 739 milia

154 768 292 808 seluta
326 782 408 807 non
433 767 602 812 fuerint.
638 771 700 807 tet
723 767 883 807 milites
907 767 1114 807 nominati
1138 767 1360 807 intrabunt
1383 766 1435 807 ad
1459 766 1643 817 obsides,
1676 766 1813 808 donee
1836 767 2019 822 pecunia
2041 767 2147 808 solvi
2169 768 2339 822 poterit,

152 845 193 877 et
226 841 324 877 tune
359 836 538 877 exibunt
575 836 733 876 milites
767 841 808 876 et
840 835 1033 887 obsides,
1077 837 1187 877 sieut
1231 836 1431 890 superius
1475 840 1540 877 est
1571 835 1796 878 difinitum.
1857 835 1902 876 Si
1935 849 2078 889 regem
2112 836 2340 889 seniorem,

151 911 379 960 autequam
412 909 639 959 argeutum
672 905 801 945 fuerit
833 906 1119 960 persolutum,
1152 905 1203 945 de
1237 905 1378 946 medio
1413 905 1595 945 transire
1629 905 1878 959 eontigerit,
1911 904 2046 946 debiti
2077 905 2338 946 remanentis

153 988 316 1015 sumnia
358 973 412 1014 ad
456 973 643 1015 medium
686 973 914 1015 minuetur.
978 973 1022 1014 Si
1055 988 1156 1015 vero
1202 988 1348 1028 regem
1392 974 1591 1015 iuvenem
1633 973 1745 1014 infra
1776 973 2033 1015 solutionem
2067 974 2201 1015 debiti
2231 975 2340 1016 mori

152 1042 397 1097 eontigerit.
439 1041 491 1083 de
536 1040 828 1097 1·ema11{en]te
867 1043 1049 1097 pecunia
1091 1044 1225 1083 tereia
1265 1057 1364 1098 pars
1405 1042 1696 1085 subtrahetur.
1758 1042 1803 1084 Si
1836 1043 1962 1084 ambo
1993 1043 2151 1084 mortui
2181 1044 2341 1085 fuerint

151 1118 248 1152 ante
283 1111 536 1152 solutionem
569 1110 714 1157 debiti.
749 1111 800 1151 de
834 1110 980 1151 debito
1015 1112 1205 1152 totaliter
1238 1113 1395 1153 erimus
1428 1111 1550 1152 liberi
1584 1116 1628 1153 et
1659 1111 1830 1153 obsides
1860 1125 2006 1153 omnes
2029 1112 2173 1153 debite
2205 1113 2340 1154 liber-

152 1180 228 1220 tati
271 1180 562 1220 restituentur.
633 1178 714 1226 Qui
760 1180 896 1220 8011101
940 1180 1066 1221 obses
1107 1180 1238 1221 fuerit
1270 1181 1337 1221 vel
1377 1181 1509 1220 filium
1545 1180 1742 1222 obsidem
1787 1181 1995 1235 posuerit,
2034 1180 2222 1222 seeundo
2254 1195 2341 1222 non

153 1249 234 1290 erit
278 1249 425 1299 obses,
467 1249 548 1289 nisi
590 1253 743 1303 sponte
784 1250 943 1290 intrare
977 1250 1176 1292 voluerit.
1239 1249 1424 1291 Omnesf
1460 1254 1597 1291 terras
1636 1250 1748 1291 ultra
1780 1249 1986 1290 Eidoram
2018 1249 2072 1290 ad
2112 1250 2340 1305 imperium

152 1315 456 1373 per[tinent]es
495 1322 640 1373 preter
679 1316 835 1358 Ruiam
878 1322 921 1359 et
962 1322 1101 1359 terras
1145 1319 1183 1359 ei
1227 1319 1462 1360 attinentes
1507 1333 1583 1360 rex
1634 1320 1816 1374 imperio
1859 1319 2072 1360 restituet.
2140 1317 2340 1360 Castrum

152 1386 462 1440 Renolsbughb'
493 1385 697 1427 reddetur
729 1386 879 1427 decem
913 1386 1063 1428 diebus
1105 1390 1204 1442 post
1236 1387 1399 1428 exitum
1431 1386 1590 1428 domini
1622 1388 1758 1441 regis,
1794 1391 1836 1428 et
1868 1387 1921 1428 de
1954 1387 2034 1428 1100
2067 1390 2342 1442 resspeetusg

152 1454 382 1496 habebitur
422 1454 474 1495 ad
515 1454 690 1496 obsides
733 1460 775 1496 et
814 1455 868 1497 ad
909 1456 1240 1511 promissionem
1280 1456 1439 1497 domini
1469 1455 1616 1497 Iaeobi
1649 1460 1691 1497 et
1729 1456 1955 1497 meliorum
1987 1457 2124 1512 regni.
2186 1455 2342 1498 Omnia

154 1524 393 1579 privilegia.
426 1538 507 1578 (1110
541 1524 729 1565 habebat
761 1539 836 1565 rex
869 1539 999 1580 super
1031 1524 1157 1566 dietis
1191 1526 1332 1574 terris,
1365 1525 1578 1567 restituet.
1641 1525 1686 1566 Si
1709 1539 1854 1566 eomes
1877 1525 2082 1567 Albertus
2115 1527 2338 1581 resignare

156 1593 343 1634 voluerit
377 1597 529 1644 castra,
564 1607 645 1648 que
678 1593 811 1635 habet
842 1595 934 1649 ipse
969 1599 1012 1635 et
1043 1595 1238 1635 homines
1271 1594 1362 1635 suih
1394 1595 1504 1636 inter
1535 1594 1740 1636 Eidorani
1773 1599 1816 1636 et
1838 1594 2025 1645 Albiam,
2060 1599 2103 1636 et
2134 1595 2339 1648 obsidesi‚

153 1662 297 1703 faetak
331 1668 475 1703 tamen
509 1662 760 1713 securitate,
803 1677 884 1718 que
919 1663 1097 1704 orueida
1129 1663 1295 1715 dieitur,
1328 1664 1438 1705 liber
1470 1663 1620 1705 exibit.
1683 1662 1938 1718 Quicunque
1972 1663 2025 1705 ad
2057 1664 2205 1705 Danos
2238 1678 2340 1705 eon-

152 1731 363 1785 fugerant,
398 1731 524 1772 feoda
557 1745 645 1781 sua,
679 1745 760 1786 que
794 1732 846 1773 de
878 1732 969 1773 iure
1001 1732 1162 1773 habere
1196 1732 1369 1784 debent,
1402 1733 1694 1783 rehabebunt,
1728 1733 1844 1774 facta
1876 1732 2046 1773 domino
2079 1747 2168 1785 suo,
2202 1747 2227 1774 a
2258 1747 2340 1788 quo

153 1813 203 1840 00
246 1799 476 1845 tenebunt.
519 1800 766 1842 securitate.
831 1799 1000 1855 Captivi
1042 1805 1083 1840 et
1122 1799 1296 1841 obsides
1340 1800 1437 1841 hine
1481 1801 1580 1842 inde
1622 1801 1923 1843 restituentur.
1984 1800 2168 1842 Centum
2210 1816 2342 1857 equos

153 1868 270 1909 dabit
301 1882 393 1915 rex,
427 1868 736 1923 quinquaginta
768 1869 1007 1910 dextrarios
1043 1873 1085 1910 et
1116 1869 1291 1910 totidem
1327 1869 1572 1924 palefridos.
1625 1870 1685 1911 Ut
1713 1870 1793 1911 1100
1816 1871 1959 1911 01111110
1988 1874 2080 1911 rata
2101 1871 2344 1913 habeantur

153 1942 195 1977 et
226 1936 408 1978 fideliter
440 1937 720 1978 observentur
753 1938 894 1978 comiti
926 1937 1116 1979 Henrieo
1149 1937 1202 1979 de
1234 1938 1401 1979 Swerin
1434 1943 1477 1980 et
1510 1939 1597 1979 suis
1631 1938 1864 1979 heredibus
1897 1942 1940 1980 et
1972 1939 2144 1992 amieis,
2185 1940 2343 1982 iurabit

154 2019 230 2046 rex
275 2010 317 2046 et
357 2006 469 2047 filius
508 2021 611 2047 suus
659 2011 701 2048 et
742 2007 862 2061 regni
894 2006 1033 2048 Danie
1070 2007 1283 2049 meliores.
1356 2006 1564 2049 Similiter
1606 2008 1737 2049 faeiet
1780 2022 1923 2049 eomes
1954 2007 2170 2051 Henrieus
2202 2013 2245 2051 et
2276 2010 2343 2051 sui

154 2075 326 2130 cognati
358 2080 400 2116 et
432 2075 569 2116 0111101.

652 2223 754 2265 455.
801 2224 1154 2267 CONVENTIO
1189 2225 1585 2268 DEFINITIVA.
1645 2225 1842 2268 Nov.17.

302 2304 431 2346 Dedit
461 2308 498 2346 et
530 2306 662 2357 ipsam
693 2307 758 2346 vir
779 2307 828 2349 el.
853 2307 1082 2359 Grotefend
1111 2321 1161 2348 ex
1182 2306 1440 2359 cozatoyrapho
1462 2306 1644 2347 eiusdem
1675 2306 1901 2358 tabulari&
1932 2307 1999 2348 eui
2018 2320 2204 2359 assmensa
2226 2310 2347 2350 erant

158 2374 253 2414 olim
281 2377 459 2426 quatuor
480 2375 631 2428 sigilla,
663 2388 835 2427 quorum
857 2376 936 2417 duo
966 2377 1051 2417 iam
1072 2376 1283 2428 deperdita
1305 2378 1403 2417 smzt
1429 2378 1466 2417 et
1486 2388 1617 2416 urz-mn
1637 2375 1862 2417 abscissum
1883 2378 1951 2417 est.
2001 2376 2209 2430 Siyillum,
2240 2377 2348 2430 quod

162 2443 242 2483 ῖαηι
268 2456 378 2483 mmo
399 2444 610 2495 appendet,
643 2443 853 2486 Ger-hardi
874 2445 1172 2498 archiepiscopi
1193 2445 1436 2486 Bremensis
1457 2457 1553 2496 esse,
1582 2444 1754 2486 editores
1774 2444 2166 2498 Melclenburyenses
2186 2446 2347 2498 opinati

156 2514 275 2562 sem&
315 2512 499 2565 sz'qillzmz
536 2513 761 2554 abscissum
798 2516 856 2554 est
893 2514 1034 2555 Iaeobt
1065 2514 1112 2555 de
1143 2514 1283 2556 Ilffo'en.
1357 2513 1458 2556 Cum
1495 2513 1593 2555 haee
1632 2513 1841 2555 conventio
1881 2513 2003 2554 verba
2042 2513 2346 2566 Propositionis

157 2580 380 2621 Danorum
410 2580 614 2621 multoties
645 2583 926 2634 usurpaverit,
965 2597 1013 2623 ea
1046 2583 1196 2624 litteris
1228 2583 1458 2624 minoribus
1496 2582 1766 2637 exprimemla
1797 2583 2046 2625 curavimus.
2107 2583 2346 2625 Ediderunt

157 2664 207 2689 eqo
248 2648 501 2702 autographo
542 2649 959 2703 ‘Meklenzbfmytsches
998 2651 1342 2694 Urlcumlerzbueh’
1384 2651 1531 2693 ibidem
1570 2652 1617 2692 in
1655 2651 1846 2693 columna
1888 2652 2098 2703 superiore
2136 2655 2174 2694 et
2207 2652 2346 2695 Hasse

159 2719 183 2759 l.
206 2732 237 2759 e.
262 2719 343 2758 1922·
375 2730 440 2760 ην.
459 2718 556 2760 435,
589 2743 641 2747 -
673 2719 855 2760 ΒϋΙιηιω·
887 2720 982 2763 ibid.
1964 2720 2036 2774 (P.
2059 2721 2201 2775 deest.)

303 2850 381 2897 1100
413 2853 469 2885 est
501 2852 619 2885 forma
650 2852 932 2897 compositionis
964 2846 1074 2897 facte
1107 2862 1236 2902 Super
1267 2853 1489 2889 liberatione
1521 2865 1650 2898 regum
1681 2847 1815 2896 thcie.
2132 2897 2137 2902 Π

301 2919 369 2953 Pro
408 2919 630 2955 liberatione
670 2932 796 2955 eorum
835 2922 1024 2957 dabuntur
1055 2917 1200 2957 comiti
1232 2916 1440 2958 Heinrico
1475 2915 1528 2957 de
1560 2915 1716 2956 Zverin
1748 2921 1845 2955 XLV
1875 2921 1979 2956 milia
2010 2934 2217 2958 marearum
2247 2917 2345 2972 puri

160 2987 322 3031 argenti,
364 2996 618 3037 unaquaque
659 2997 802 3024 marea
844 2984 989 3025 lotone
1032 2985 1170 3025 minus
1202 2984 1373 3026 valente
1414 2998 1508 3025 cum
1549 2983 1740 3039 pondere
1774 2983 2043 3036 Coloniensi,
2082 2991 2234 3037 insuper
2264 2992 2342 3027 uni-

162 3069 306 3090 versum
342 3069 490 3100 aurum,
535 3058 634 3102 quod
676 3059 722 3092 ad
755 3061 928 3094 ornatum
958 3059 1085 3107 regine
1123 3059 1356 3104 pertinebat,
1395 3061 1521 3105 preter
1551 3070 1726 3095 eoronam
1757 3060 1796 3094 et
1827 3059 1992 3105 exeeptis
2022 3060 2112 3103 hiis,
2153 3073 2225 3109 que
2256 3063 2344 3097 ante

161 3125 361 3160 ‹lis-'cessum
399 3139 503 3161 suum
536 3127 582 3162 ob
622 3128 779 3162 salutem
811 3128 934 3176 anime
967 3140 1031 3176 sue
1064 3128 1235 3163 claustris
1268 3130 1306 3164 et
1336 3129 1420 3163 aliis
1452 3128 1635 3176 ecclesiea
1665 3128 1892 3164 conferebat.
1951 3129 2127 3165 Preterea
2157 3130 2344 3166 dabuntur

163 3194 379 3229 indumenta
411 3198 560 3230 centum
590 3196 763 3240 militurn,
797 3197 940 3233 seilicet
971 3198 1124 3233 cuilibet
1155 3198 1281 3233 (1000111
1312 3199 1402 3245 111110
1435 3199 1479 3233 de
1512 3198 1690 3233 searlatto
1723 3198 1942 3233 Flandrensi
1973 3200 2010 3233 et
2041 3198 2112 3234 duo
2136 3199 2285 3235 timmer
2307 3201 2346 3235 et

165 3263 356 3297 dimidium
389 3264 432 3298 (1(-
465 3258 651 3312 pellibus
676 3265 798 3300 variis.
859 3259 910 3300 In
933 3259 1081 3301 exitub
1114 3261 1227 3315 regis
1252 3261 1436 3302 senioris
1458 3267 1647 3302 dabuntur
1670 3267 1716 3301 VI
1739 3267 1844 3301 milia
1864 3277 2082 3303 marcarum.
2132 3261 2184 3302 In
2207 3262 2343 3303 carni-

301 3381 386 3416 454.
424 3384 453 3426 Θ)
479 3390 662 3425 sequuntur
688 3387 745 3427 qui
770 3391 880 3419 tamen
907 3387 975 3418 iam
1001 3387 1110 3419 deleta
1127 3398 1175 3418 or.
1259 3385 1290 3428 f)
1315 3387 1447 3429 reliqua
1471 3398 1574 3429 usque
1599 3387 1647 3420 acl
1662 3389 1770 3430 finem
1788 3388 1830 3419 ab
1847 3387 1960 3420 eodem
1987 3388 2141 3429 librario,
2166 3389 2224 3421 sed
2242 3388 2345 3421 ducta

155 3440 300 3482 suffitia-o
320 3441 439 3472 addita
457 3447 533 3471 eunt
555 3453 603 3473 or.
614 3453 623 3479 ,·
642 3453 710 3483 pro
736 3444 748 3469 ί
755 3447 860 3475 >mnes
882 3461 919 3466 —-
941 3445 1079 3486 imperio
1098 3445 1253 3476 restituet
1277 3444 1374 3486 prius
1391 3445 1518 3486 scripta
1537 3450 1635 3477 erant
1659 3445 1784 3483 Omnes
1801 3450 1888 3477 terre
1905 3455 1990 3486 quas
2008 3456 2068 3478 rex
2085 3445 2172 3478 ultra
2189 3446 2344 3478 Eidoram

163 3498 343 3539 acquisivit
368 3503 477 3539 preter
502 3499 620 3529 Ruiarn
647 3505 679 3531 et
703 3507 808 3532 terras
833 3501 862 3532 ei
888 3501 1071 3534 attinentes
1096 3502 1236 3543 imperio
1261 3503 1491 3543 restituentur,
1517 3513 1603 3544 quae
1626 3502 1696 3534 iam
1721 3502 1912 3534 oblitterata
1935 3508 2022 3543 sunt,
2046 3503 2188 3545 exeeptis
2210 3503 2342 3535 vocibus

164 3556 287 3586 Omnes
319 3560 347 3586 et
378 3555 466 3586 ultra
494 3556 659 3587 Eidoram.
767 3562 799 3598 g)
837 3559 882 3589 sic
907 3571 956 3590 or.
1065 3557 1098 3599 ¹¹)
1125 3570 1213 3591 corr.
1239 3570 1278 3591 eu:
1303 3571 1364 3592 sue
1388 3572 1437 3592 or.
1537 3557 1562 3599 i)
1588 3559 1736 3601 sequitur
1767 3560 1921 3592 restituet
1950 3560 2019 3592 iam
2045 3559 2268 3593 oblitteratum
2293 3571 2340 3594 or.

164 3611 198 3653 k)
225 3614 312 3644 facta
338 3629 379 3634 -
406 3613 529 3644 (licitur
555 3613 709 3655 [equatur
728 3621 806 3656 post
832 3616 947 3657 exibit,
974 3616 1033 3648 sed
1057 3616 1151 3658 signo
1177 3616 1331 3657 apposito
1357 3617 1403 3648 ad
1427 3628 1525 3648 suum
1550 3617 1660 3649 locum
1684 3617 1867 3649 trahuntur
1893 3629 1941 3650 or.

302 3679 387 3714 455.
420 3686 449 3721 a)
475 3681 520 3712 sie
546 3693 594 3713 or.
689 3680 719 3721 b)
746 3683 781 3714 ι’,1
804 3695 931 3715 rasura
956 3695 1006 3717 or.

2376 916 2409 940 10

2378 1257 2409 1282 15

2377 1606 2411 1631 20

2379 1953 2411 1980 25

2381 2388 2415 2414 30

2380 2738 2413 2764 35

2379 3137 2414 3163 40

2378 3509 2411 3535 45
