2558 3970
204 146 277 183 153
675 140 911 173 l-'lllllElllt'l
944 140 984 171 ll.
1014 137 1442 172 GoNST1'1‘U'1‘10N13s‘.
1495 138 1591 172 1228.
1641 138 1703 171 Nr.
1724 138 1797 171 118.
1826 138 1898 170 119.

199 271 322 310 quam
350 261 493 295 nostro
518 255 695 309 imperio
720 254 1020 294 adversantes:
1053 252 1105 292 de
1130 266 1308 307 qnorum
1332 252 1547 307 presentia
1574 251 1693 305 quasi
1718 265 1770 291 ex
1795 249 1920 304 adipe
1948 250 2139 304 prodiret
2162 249 2377 304 iniquitas,

197 339 277 378 qne
311 338 383 362 vos
419 323 615 363 redderet
649 322 861 375 inquietos
886 327 926 361 et
952 320 1064 361 tedio
1090 322 1484 361 contraventionum
1510 320 1716 370 afficeret,
1749 325 1794 358 ut
1817 319 1896 359 hoc
1921 325 2094 373 possent
2117 319 2378 372 inposterum

196 393 350 432 nostris
392 393 602 445 imputare
643 390 843 444 operibus
887 394 928 429 et
969 390 1029 429 sic
1069 389 1226 429 famam
1260 389 1395 430 nostri
1437 387 1622 429 nominis
1657 386 1883 441 denigrare
1915 400 1964 427 ac
1999 390 2186 427 vestrum
2219 387 2379 427 bonum

198 470 354 500 statum
395 458 668 499 nihilominus
709 457 974 512 perturbare.
1038 456 1161 497 Unde
1205 471 1300 497 cum
1345 456 1588 498 huiusmodi
1630 455 1859 496 manifesta
1891 455 2140 509 gravamina
2171 455 2380 496 serenitas

197 534 342 568 nostra
375 541 458 567 non
503 527 638 581 possit
671 540 748 566 nee
783 525 939 566 debeat
977 525 1262 579 equanimiter
1303 525 1570 574 substinere,
1612 538 1693 578 que
1733 527 1821 564 tam
1852 522 1946 564 Deo
1979 536 2106 577 quam
2137 522 2379 564 hominibus

197 596 355 637 debent
388 595 538 635 merito
573 594 815 649 displicere.
849 607 924 633 nos
959 594 1029 648 qui
1063 593 1182 634 vobis
1216 597 1258 634 et
1289 594 1384 634 aliis
1417 593 1614 634 fidelibus
1649 592 1782 633 nostri
1814 591 1982 646 imperii
2012 590 2164 632 adesse
2186 595 2382 632 tenemur

197 664 397 719 propensi
442 669 483 703 et
524 662 751 716 prodesse.
801 662 994 702 volentes
1036 662 1246 716 pressuris
1279 665 1320 701 ct
1365 660 1747 715 inquietationibus
1781 661 1933 700 vestris
1966 663 2222 714 perpetuum
2254 658 2381 699 finem

198 733 415 786 imponere
457 738 498 771 et
532 745 601 770 vos
643 730 695 770 de
735 734 878 770 cetero
921 729 999 770 sub
1033 734 1178 769 nostra
1212 733 1254 770 et
1293 730 1457 784 imperii
1498 732 1715 783 potestate
1749 728 1926 783 pacifice
1960 741 2237 777 conservare,
2282 741 2383 767 con-

199 800 436 841 cessionem
477 804 665 840 nostran]
705 798 939 853 predictam
978 798 1134 838 factam
1174 798 1256 852 ipsi
1289 797 1483 838 Romane
1523 797 1703 838 ecclesie
1745 797 1798 837 de
1831 796 1952 837 vobis
1991 797 2144 838 merito
2185 795 2384 837 duximus

198 868 495 909 revocandam.
530 868 724 909 volentes
758 871 800 907 et
833 867 1044 921 imperiali
1078 870 1319 907 statuentes
1354 866 1508 916 edicto,
1543 869 1589 906 ut
1621 865 1673 906 de
1707 870 1850 906 cetero
1882 865 1961 906 sub
1985 869 2128 906 nostro
2153 868 2196 906 et
2215 865 2383 920 imperii

199 937 384 977 dominio
426 937 620 977 debeatis
664 949 832 990 semper
865 935 1101 976 consistere
1142 939 1185 975 et
1226 948 1400 975 manere
1444 948 1522 975 nec
1560 948 1637 989 per
1678 947 1755 975 nos
1795 937 1868 974 aut
1909 947 2181 975 successores
2213 937 2384 974 nostros

199 1005 394 1046 debeatis
437 1019 622 1060 unquam
665 1005 844 1045 alienari
886 1018 961 1044 seu
1004 1003 1219 1044 substrahi
1261 1003 1314 1044 ab
1347 1003 1514 1058 imperii
1555 1006 1783 1058 potestate.
1846 1001 1971 1042 Unde
2012 1002 2210 1044 fidelitati
2241 1005 2384 1043 vestre

202 1074 452 1114 mandamus
487 1073 564 1113 snb
599 1073 740 1113 debito
774 1072 872 1113 fidei
897 1086 979 1126 qua
1002 1071 1122 1113 nobis
1147 1076 1189 1113 et
1213 1072 1391 1127 imperio
1415 1072 1621 1112 tenemini
1644 1071 1821 1112 firmiter
1853 1071 2141 1125 iniungentes,
2175 1073 2386 1125 quatenus

199 1145 238 1183 in
279 1149 421 1183 nostra
461 1148 502 1182 et
545 1142 709 1197 imperii
753 1141 960 1182 fidelitate
999 1140 1051 1181 de
1096 1145 1241 1181 cetero
1285 1141 1566 1196 persistentes
1606 1141 1711 1181 nulli
1753 1140 1823 1181 alii
1863 1141 1946 1180 nisi
1977 1139 2100 1180 nobis
2133 1144 2176 1180 et
2207 1138 2387 1194 imperio

200 1212 393 1252 debeatis
433 1210 653 1251 intendere
702 1223 776 1250 seu
825 1224 989 1265 parere.
1060 1210 1266 1250 Preterea
1308 1210 1598 1250 commisimus
1643 1208 1856 1264 Raynaldi
1894 1208 2039 1249 ducise
2077 1208 2186 1260 filio,
2229 1207 2386 1248 dilecto

199 1280 313 1321 fideli
347 1285 506 1329 nostro,
541 1293 670 1334 super
703 1278 781 1318 hoc
814 1283 982 1319 nostras
1004 1279 1137 1325 vices;
1172 1279 1239 1319 cui
1271 1279 1400 1319 etiam
1425 1277 1620 1319 dedimus
1646 1278 1688 1318 in
1711 1276 1939 1328 mandatis,
1972 1280 2019 1317 ut
2042 1276 2163 1318 vobis
2189 1290 2244 1317 ex
2265 1279 2387 1331 parte

202 1357 345 1389 nostra
380 1352 624 1389 constanter
657 1347 891 1402 promittat,
926 1352 969 1388 et
1002 1347 1034 1387 si
1059 1361 1240 1388 necesse
1263 1346 1392 1387 fuerit
1416 1361 1465 1388 ao
1488 1346 1722 1397 volueritis,
1758 1345 1916 1387 debeat
1939 1345 2114 1386 realiter
2135 1345 2179 1385 in
2203 1345 2390 1386 animam

202 1424 388 1457 nostram
422 1417 576 1462 iurare.
612 1415 725 1470 quod
758 1430 974 1470 nunquam
1007 1430 1081 1456 vos
1115 1415 1299 1470 amplius
1334 1429 1358 1455 a
1391 1419 1538 1456 nostro
1572 1419 1616 1456 et
1647 1415 1817 1470 imperii
1850 1413 2037 1455 dominio
2071 1413 2390 1455 subtrahemus,

202 1486 289 1525 Vos
322 1499 422 1539 ergo
459 1484 688 1525 intendatis
729 1489 771 1525 et
812 1485 999 1540 pareatis
1040 1484 1180 1525 eidem
1213 1483 1468 1538 Raynaldo‘l
1502 1485 1543 1524 in
1583 1483 1781 1524 omnibus
1821 1497 2088 1537 quecumque
2122 1482 2173 1523 de
2206 1482 2390 1524 servitiis

202 1555 358 1595 nostris
397 1560 438 1595 ct
482 1553 647 1608 imperii
690 1567 744 1593 ex
791 1558 913 1609 parte
955 1554 1087 1594 nostri
1129 1553 1325 1594 culminis
1365 1552 1538 1594 duxerit
1577 1552 1853 1607 iniungenda.
1914 1551 1974 1592 Ut
2012 1555 2157 1593 autem
2197 1551 2391 1607 predicta

202 1625 342 1665 onmia
366 1628 620 1679 perpetuum
643 1622 775 1663 robur
798 1623 1011 1664 firmitatis
1035 1622 1269 1673 obtineant,
1302 1627 1528 1677 presentes
1553 1622 1718 1663 litteras
1742 1621 1861 1662 bulla
1883 1634 2014 1662 aurea
2035 1621 2214 1676 tiparioe
2246 1624 2391 1662 nostre

203 1694 437 1733 maiestatis
472 1693 678 1746 impresso
713 1691 911 1732 iussimus
945 1691 1195 1732 communiri

347 1761 505 1802 Datum
538 1759 783 1802 Brundusii.
817 1760 937 1801 XXI.
971 1760 1079 1803 Iun..
1113 1761 1250 1815 prime
1283 1760 1367 1801 ind.

208 2148 328 2214 119.
374 2142 976 2213 ENCYCLICA
1018 2142 1152 2212 DE
1196 2141 1774 2213 INIMICITIA
1819 2110 2395 2210 PONTIFICIS

844 2256 977 2325 ET
1030 2256 1174 2326 DE
1229 2254 1765 2327 PASSAGIO.

1077 2381 1246 2438 (1228.
1286 2381 1393 2428 iun.
1433 2382 1528 2438 ex.)

353 2514 631 2568 Propom'mzcs
661 2528 680 2553 c
711 2513 841 2554 codice
876 2513 1204 2566 Guelferbytano
1231 2516 1314 2554 331
1346 2513 1542 2566 (Helmst.
1564 2514 1668 2565 298)
1699 2525 1800 2553 saec.
1824 2511 1923 2553 XV.
1950 2510 2030 2566 fol.
2051 2512 2120 2561 20,
2151 2511 2224 2563 qui
2254 2510 2394 2552 colleo-

210 2583 356 2623 tionem
388 2583 656 2623 (Iietaminum
691 2582 808 2622 Patre·
829 2581 877 2622 de
906 2581 1048 2622 Vincis
1079 2583 1280 2635 continet5
1314 2596 1392 2634 (suo
1414 2594 1515 2622 usus
1536 2585 1594 2622 ast
1618 2581 1741 2621 ctiam
1764 2580 1895 2621 Halm
1917 2581 1963 2620 in
1988 2578 2232 2622 Collectione
2253 2591 2397 2620 momo-

212 2654 434 2692 mmlorum
469 2652 502 2700 Ι,
525 2652 607 2691 :215
639 2664 705 2693 nr.
733 2653 794 2692 13.
831 2675 881 2680 —
915 2650 1362 2692 Hi‹illm-cl-Bffholles
1393 2651 1480 2701 III,
1505 2653 1570 2691 71.
1635 2649 1825 2697 Bijhmer,
1858 2647 1957 2701 Rea.
1990 2647 2085 2699 imp.
2118 2646 2162 2697 V,
2186 2649 2310 2688 1731.

1959 2714 2029 2769 (P.
2052 2715 2194 2764 deest.)

355 2823 611 2864 Frederieus
654 2822 735 2864 Dei
781 2823 921 2877 gratia
965 2821 1284 2863 Romanoruma
1329 2823 1562 2877 imperator
1602 2834 1772 2876 semper
1811 2823 2033 2875 augustus,
2071 2818 2312 2860 Ierusalem
2357 2822 2400 2859 et

215 2892 358 2932 Sicilie
392 2906 469 2933 rex
502 2897 578 2933 etc.

356 2960 419 3013 (ll)
460 2960 504 3000 Si
549 2959 820 3000 solicitudine
860 2958 999 2999 cordis
1040 2962 1083 2999 et
1126 2959 1274 2999 labore
1314 2959 1502 3014 corporis
1542 2957 1750 2999 indefessi
1782 2971 1857 3012 pro
1892 2956 2073 2996 servicio
2105 2954 2205 2995 Iesu
2238 2952 2397 2994 Christi

213 3036 250 3067 et
286 3029 444 3069 auxilio
477 3028 608 3068 Terre
642 3028 819 3068 Sancte.
864 3028 982 3068 cuius
1017 3041 1123 3068 onus
1157 3028 1448 3081 suscepimus.
1486 3027 1694 3067 hactenus
1727 3029 1873 3066 nostra
1904 3022 2175 3080 providentia
2208 3022 2398 3076 vigilarit

215 3105 254 3135 et
288 3097 326 3136 in
370 3111 499 3136 unum
534 3096 755 3150 collegerit
787 3096 899 3136 vires
933 3109 1053 3145 suaS,
1096 3096 1218 3136 testis
1251 3100 1317 3136 est
1358 3099 1531 3136 exactor
1564 3095 1827 3136 conscientie
1860 3097 2004 3133 nostre
2037 3090 2178 3141 Deus,
2220 3090 2287 3131 eui
2319 3103 2394 3145 pro

215 3166 410 3205 maximis
443 3179 523 3219 que
558 3164 737 3205 contulit
776 3165 864 3219 ipse
898 3164 1021 3204 nobis
1054 3178 1159 3219 pure
1192 3165 1384 3205 vovimus
1418 3169 1460 3204 et
1493 3163 1701 3204 debemus
1735 3161 1938 3217 quidquid
1969 3160 2231 3215 accepimus,
2274 3158 2395 3213 quid-

215 3232 314 3286 quid
349 3246 508 3272 sumus.
570 3232 625 3272 Et
657 3247 709 3273 nc
742 3233 849 3273 tanti
881 3233 1067 3273 muneris
1101 3237 1144 3273 et
1167 3237 1380 3273 tantorum
1413 3232 1718 3274 beneficiorum
1744 3231 1986 3271 videremur
2018 3229 2188 3283 ingrati,
2220 3227 2400 3268 firmiter

215 3309 523 3354 prosequentes
548 3300 794 3341 devocionis
819 3300 988 3355 incepte
1012 3301 1279 3355 propositum
1304 3306 1345 3341 et
1367 3305 1525 3349 votum,
1558 3300 1669 3355 quod
1693 3299 1902 3353 elegimus
1926 3311 2066 3339 coram
2090 3297 2198 3351 ipso,
2230 3298 2399 3350 gratum

217 3368 416 3408 duximus
458 3369 497 3408 in
538 3367 708 3408 laudem
749 3369 813 3408 sui
851 3369 1030 3409 nominis
1073 3372 1115 3409 et
1152 3368 1344 3418 honoris,
1393 3369 1435 3409 in
1474 3368 1660 3409 studium
1701 3380 1798 3408 vere
1838 3365 2058 3420 religionis
2097 3368 2139 3405 et
2179 3363 2278 3404 fidei
2318 3376 2398 3404 nec

2422 879 2453 904 10

2425 1221 2457 1246 15

2427 1567 2461 1592 20

2431 2284 2463 2310 25

2433 2728 2466 2754 30

2433 3102 2464 3128 35

216 3450 389 3492 parcere
424 3437 664 3491 sumptibus
697 3450 776 3477 nec
809 3438 941 3491 quieti
975 3437 1163 3492 corporis
1195 3436 1433 3491 indulgere,
1466 3442 1512 3477 ut
1543 3437 1584 3476 in
1617 3433 1889 3490 presentibus
1914 3447 1964 3475 eo
1998 3432 2267 3488 potissimum
2292 3431 2390 3471 sub·
2430 3448 2463 3472 ιο

355 3562 435 3595 11⁸.
469 3568 497 3594 c,
524 3564 686 3595 Bow·aldi
712 3564 842 3595 comitis
868 3574 892 3594 c.
1013 3561 1045 3604 ⁴¹)
1074 3564 1165 3594 Bovo
1191 3574 1207 3593 e
1231 3567 1425 3595 porrectura
1451 3575 1475 3594 c.
1596 3562 1624 3601 e)
1652 3562 1720 3604 tipo
1746 3573 1772 3594 c.

356 3630 438 3664 119.
472 3637 503 3672 a)
530 3631 619 3663 deest
644 3644 669 3662 r.
