2558 3970
93 936 124 960 10

93 1281 125 1305 15

94 1631 129 1656 20

95 1977 128 2003 25

98 2324 132 2349 30

99 2674 131 2700 35

102 3029 135 3054 ⁴0

105 3374 138 3400 45

560 179 846 213 lNNsvaN'ru
879 179 935 213 lv.
964 179 1227 213 C(,)NC1Ll[M
1260 178 1589 213 Lituol'NENSE.
1643 179 1738 212 1245.
1792 179 1947 213 Nr.4()‹l.
2270 185 2350 219 5119

157 295 270 352 quod
309 310 388 336 nos
427 300 470 336 et
513 295 666 336 fratres
709 295 841 336 nostri
880 301 1085 350 quantum
1127 296 1166 336 in
1210 295 1331 336 nobis
1371 300 1463 336 erut
1509 310 1657 351 pacem
1701 310 1776 350 per
1818 296 1959 335 omnia
2001 310 2145 335 secum
2191 296 2351 336 habere

157 379 323 407 necnon
357 378 452 405 cum
487 364 685 405 omnibus
718 364 962 405 hominibus
995 364 1275 419 optabamus,
1316 366 1453 420 parmi
1488 364 1567 405 sibi
1602 379 1748 419 pacem
1783 371 1825 404 et
1858 366 2214 419 tranquillitatem
2249 365 2351 406 dan-‹-

159 448 208 475 ae
239 432 399 474 mundo
433 433 561 474 etiam
594 434 811 474 universo.
931 432 997 488 (2)
1030 432 1085 473 Et
1117 434 1215 488 quia
1249 435 1523 489 prolatorum.
1559 433 1810 474 clericorum
1845 435 2119 488 omniumque
2154 435 2352 479 aliorum,

159 517 266 558 quos
298 501 520 544 detinebat
553 503 768 558 captivos,
811 508 852 543 et
893 503 1083 543 omnium
1126 508 1210 543 tam
1247 503 1499 543 elericorum
1535 517 1659 557 «piam
1695 503 1923 548 laicorum,
1967 519 2071 558 quos
2106 508 2279 559 ceperat
2313 505 2352 544 in

158 572 335 627 galeis⁰,
367 572 582 612 restitutio
614 576 783 626 poterat
806 586 901 613 csse
935 572 1052 627 pacis
1088 571 1316 626 plurimum
1353 571 1582 621 inductiva,
1618 587 1714 612 eum
1739 580 1782 614 ut
1818 572 1937 613 illos·¹
1964 574 2224 618 restitueret,
2259 587 2352 613 cum

157 641 238 682 hoc
270 641 382 682 idem
416 646 501 682 tam
537 641 630 696 ipse
664 655 790 695 quam
825 641 890 681 sui
925 641 1074 691 nuntii,
1109 645 1340 695 antequam
1376 641 1428 681 ad
1463 642 1731 696 apostolatus
1758 644 1894 682 vocati
1930 657 2125 682 essemus
2151 643 2354 684 osticium.

155 711 479 766 promisissent,
521 710 662 765 rogari
703 715 746 752 et
786 710 874 766 peti
914 710 967 750 ab
1008 710 1101 765 ipso
1142 709 1321 751 fecimus
1362 724 1437 764 per
1474 710 1668 756 eosdem,
1710 726 1757 751 zu·
1803 713 1979 766 proponi
2017 713 2201 766 insuper,
2245 711 2354 766 quod

156 780 285 822 iidem
319 780 456 836 parati
491 793 566 835 pro
600 778 724 819 nobis
757 784 878 820 erant
910 778 1059 820 audire
1093 783 1134 819 et
1159 784 1343 819 tractare
1379 793 1530 833 pacem
1561 795 1609 819 ac
1637 781 1793 820 vtianw
1826 780 1973 820 audire
2000 781 2355 821 satisfactionem.

158 863 285 904 quam
328 849 471 890 faeere
505 848 635 889 vellet
676 849 877 904 princeps
909 848 962 889 de
996 848 1216 892 omnibus,
1258 862 1333 903 pro
1375 848 1529 902 quibus
1565 848 1733 888 viuculo
1769 854 1860 889 erat
1895 851 2354 890 exeommunicationis

161 919 386 969 astrictus,
426 923 468 959 et
500 918 643 959 offerri
683 921 901 973 preterea,
945 917 1059 972 quod
1100 918 1134 958 si
1169 917 1357 958 ecelesia
1388 931 1483 958 eum
1526 918 1566 958 in
1600 918 1743 972 aliquo
1778 924 1925 959 contra
1959 919 2149 959 debitum
2187 920 2356 960 leserat.

159 987 272 1044 quod
315 1001 398 1028 non
441 986 665 1037 credebat,
711 990 864 1043 parata
903 990 996 1027 erat
1037 987 1256 1040 corrigere
1301 1001 1349 1027 ae
1397 987 1437 1027 in
1485 992 1644 1028 statum
1678 987 1868 1028 debitum
1906 990 2151 1029 reformare.
2218 988 2292 1028 ΗΝ
2325 990 2357 1028 si

159 1057 322 1098 diceret
354 1057 461 1112 ipse,
494 1056 607 1112 quod
641 1057 681 1097 in
715 1056 831 1098 nullo
864 1060 1015 1097 eontra
1048 1057 1254 1097 iustitiam
1289 1057 1449 1098 leserat
1485 1057 1715 1098 ecelesiam
1742 1058 1807 1098 vel
1842 1058 1953 1112 quod
1986 1072 2060 1098 nos
2088 1072 2183 1098 eum
2210 1065 2356 1098 eontra

160 1126 367 1167 iustitiam
394 1125 656 1175 lesissemus,
681 1126 819 1181 parati
844 1139 1028 1176 eramus,
1056 1139 1208 1167 vocare
1235 1140 1376 1180 reges,
1408 1126 1596 1181 prelatos
1621 1131 1663 1167 et
1688 1127 1904 1182 principes
1929 1133 2014 1167 tam
2039 1128 2359 1168 ecelesiastivos

162 1209 290 1251 quam
324 1195 544 1236 seculares
577 1194 630 1235 ad
663 1194 850 1249 aliquem
884 1199 1024 1235 tutum
1058 1195 1221 1242 locum,
1255 1194 1326 1235 ubi
1361 1210 1438 1250 per
1471 1210 1516 1236 se
1551 1196 1617 1236 vel
1652 1195 1912 1251 sollempnes
1948 1196 2120 1236 nuntios
2155 1197 2356 1237 conveni-

164 1269 279 1312 rent:
322 1268 500 1319 eratque
541 1268 693 1320 parata
734 1263 921 1306 ecclesia
962 1264 1014 1306 dc
1055 1264 1232 1305 consilio
1275 1265 1443 1306 concilii
1486 1265 1568 1306 sibi
1603 1265 1873 1313 satisfacere,
1915 1266 1948 1306 si
1983 1280 2079 1306 eum
2116 1266 2284 1306 lesisset'
2321 1267 2360 1306 in

160 1335 327 1390 aliquo,
367 1348 415 1375 ac
459 1347 661 1375 revocare
702 1334 986 1385 sententiam,
1030 1335 1063 1375 si
1097 1348 1224 1389 quam
1259 1339 1408 1375 contra
1447 1335 1583 1390 ipsum
1617 1335 1772 1375 iniuste
1807 1336 1998 1379 tulisset,
2044 1340 2085 1375 et
2119 1349 2213 1376 eum
2247 1336 2359 1375 omni

161 1403 494 1446 mansuetudine
526 1417 575 1445 ae
609 1403 918 1455 misericordia,
953 1408 1159 1459 quantum
1194 1418 1289 1444 cum
1313 1404 1408 1445 Deo
1444 1409 1487 1446 et
1519 1404 1682 1445 honore
1716 1419 1791 1445 suo
1825 1405 1916 1445 fieri
1952 1410 2135 1460 poterat,
2171 1405 2360 1459 reciper(¹

161 1473 215 1516 de
247 1473 411 1514 iniuriis
444 1478 487 1515 et
520 1473 697 1515 offensis
731 1473 812 1529 ipsi
848 1473 1034 1515 ecclesie
1067 1474 1242 1528 suisque
1275 1488 1353 1529 per
1385 1487 1483 1515 eum
1518 1474 1760 1529 arrogatisg
1793 1474 2134 1515 satisfactionem
2168 1474 2220 1514 ab
2254 1474 2358 1529 ipso.

160 1541 380 1585 Volebath
413 1542 543 1584 etiam
576 1543 762 1585 eeclesia
795 1556 944 1584 omnes
968 1543 1129 1584 amicos
1153 1556 1254 1584 suos
1278 1543 1446 1598 sibique
1471 1542 1732 1585 adherentes
1759 1544 1799 1584 in
1824 1558 1931 1598 paee
1957 1558 2117 1599 ponere
2144 1544 2356 1599 plenaque

165 1613 397 1655 securitate
447 1612 659 1669 gaudere,
706 1617 753 1654 ut
800 1626 1033 1668 numquam
1076 1612 1157 1654 hac
1205 1613 1433 1654 occasione
1482 1618 1660 1669 possent
1708 1613 1880 1668 aliquod
1930 1614 2074 1655 subire
2123 1614 2364 1655 discrimen.

161 1683 226 1739 (3)
260 1682 336 1725 Set
367 1683 470 1726 licet
501 1684 562 1725 sic
594 1683 707 1740 apud
742 1697 840 1725 eum
874 1697 951 1739 pro
984 1697 1090 1738 pace
1123 1684 1315 1739 paternis
1348 1683 1524 1725 monitis
1559 1688 1602 1725 et
1635 1698 1812 1739 precum
1846 1684 2046 1725 insistere
2071 1684 2361 1724 curaverimus

161 1752 353 1806 lenitate,
385 1753 498 1795 idem
530 1757 675 1795 tamen
709 1752 948 1794 Pharaonis
982 1753 1174 1793 imitatus
1208 1752 1409 1794 duritiam
1443 1758 1486 1794 et
1518 1758 1724 1808 opturans
1759 1768 1874 1794 more
1907 1752 2065 1808 aspidis
2099 1767 2223 1793 aures
2247 1766 2360 1792 suas.
2452 1770 2535 1792 ars..

161 1822 409 1864 huiusmodi
442 1837 594 1879 preces
629 1828 672 1865 et
702 1823 865 1864 monita
897 1822 1011 1864 elata
1044 1822 1334 1864 obstinatione
1367 1837 1417 1864 ae
1451 1823 1669 1864 obstinata
1702 1823 1889 1864 elatione
1918 1822 2132 1878 despexit.
2186 1821 2241 1862 Et
2265 1823 2364 1862 licet

163 1906 370 1949 processu
403 1893 607 1948 temporis
641 1892 682 1933 in
707 1891 774 1933 die
798 1905 902 1933 cene
927 1890 1103 1933 Domini
1133 1891 1328 1947 proximo
1353 1906 1492 1948 nuper
1517 1893 1723 1948 preterita
1748 1892 2009 1948 precedente
2035 1906 2175 1933 coram
2201 1890 2360 1947 [nolliis

167 1966 212 2004 et
248 1962 450 2004 fratribus
494 1962 671 2013 nostris,
713 1960 989 2017 presentibus
1033 1962 1251 2003 carissimo
1294 1962 1336 2002 in
1371 1961 1542 2003 Christo
1580 1962 1666 2003 filio
1700 1967 1848 2003 nostro
1888 1962 2366 2016 Constantinopolitano

165 2031 423 2087 imperatore
455 2031 623 2082 illustri,
657 2035 755 2072 cetu
788 2044 957 2086 quoque
982 2044 1067 2071 non
1090 2030 1258 2072 modico
1282 2032 1560 2087 prelatorum,
1595 2031 1871 2074 senatoribus
1902 2032 2149 2087 populoque
2172 2029 2366 2070 Romano

166 2105 209 2142 et
254 2101 444 2142 maxima
492 2100 762 2142 multitudine
811 2101 1011 2151 aliorum,
1063 2101 1134 2155 qui
1182 2100 1335 2142 eodem
1384 2100 1451 2142 die
1501 2105 1675 2157 propter
1729 2100 2093 2156 sollempnitatem
2136 2100 2271 2155 ipsius
2315 2098 2367 2140 de

166 2169 352 2213 diversis
393 2169 540 2212 mundi
585 2170 781 2226 partibus
821 2169 876 2211 ad
919 2170 1202 2226 apostolicam
1244 2169 1395 2212 sedem
1435 2176 1748 2221 convenerant,
1788 2170 1901 2226 quod
1945 2174 2079 2211 staret
2122 2170 2280 2210 nostris
2326 2176 2367 2210 et

167 2240 356 2282 ecclesie
388 2239 600 2281 mandatis
631 2253 708 2296 per
739 2239 931 2281 nobilem
953 2240 1090 2281 virum
1125 2273 1134 2282 .
1159 2273 1168 2282 .
1203 2240 1403 2281 comitem
1427 2239 1721 2282 Tholosanum
1754 2239 1823 2281 aci
1856 2240 2087 2295 magistros
2113 2239 2289 2281 Petrum
2314 2237 2366 2279 de

166 2308 309 2352 Vinea
340 2314 384 2352 et
414 2309 610 2351 Tadeum
643 2308 696 2352 de
730 2308 893 2351 Suessa
926 2309 1043 2351 curie
1081 2323 1157 2350 sue
1189 2309 1367 2359 iudices,
1402 2310 1575 2351 nuntios
1608 2315 1651 2351 et
1684 2314 1988 2365 procuratores
2022 2322 2123 2350 suos
2155 2308 2368 2364 speciales

166 2393 299 2435 super
329 2378 412 2420 hoc
445 2379 499 2421 ab
522 2379 616 2435 ipso
638 2378 889 2420 mandatum
919 2377 1147 2430 habentes,
1180 2379 1420 2434 prostiterit
1444 2380 1751 2421 iuramentum:
1787 2378 2061 2434 postmodum
2086 2384 2230 2419 tamen
2255 2375 2367 2432 quod

165 2448 384 2491 iuraverat
415 2463 500 2490 non
530 2449 740 2504 implevit.
795 2448 907 2496 Quin
932 2448 1060 2490 immo
1085 2463 1135 2490 ea
1159 2449 1400 2490 intentione
1426 2449 1565 2504 ipsum
1599 2448 1837 2504 prestitisse
1861 2448 2142 2504 probabiliter
2165 2447 2365 2490 creditur,

166 2519 277 2561 sicut
320 2533 376 2561 ex
411 2519 537 2561 factis
581 2519 863 2575 sequentibus
896 2519 1115 2574 colligitur
1147 2518 1387 2570 evidenter,
1429 2523 1476 2560 ut
1507 2518 1647 2560 cidem
1682 2518 1866 2560 ecclesie
1899 2532 1949 2559 ac
1983 2516 2136 2559 nobisk
2168 2515 2368 2557 illuderet

167 2589 311 2645 potius
343 2603 472 2645 quam
504 2593 691 2645 pareret,
725 2603 820 2630 cum
853 2602 965 2630 anno
998 2593 1040 2629 et
1073 2589 1258 2644 amplius
1291 2589 1374 2629 iam
1409 2589 1556 2645 elapso
1590 2602 1668 2629 nec
1702 2588 1756 2630 ad
1790 2588 1924 2643 ipsius
1949 2588 2132 2630 ecclesie
2157 2587 2365 2641 gremium

167 2659 361 2702 revocari
399 2659 589 2715 potuerit
626 2673 706 2700 nec
746 2658 827 2700 sibi
866 2657 918 2699 de
958 2658 1090 2699 illatis
1125 2659 1163 2700 ei
1196 2658 1394 2714 dampnis
1428 2663 1471 2700 et
1504 2658 1670 2699 iniuriis
1704 2658 1919 2699 curaverit
1952 2656 2226 2706 satisfacere,
2268 2655 2367 2695 licet

169 2742 300 2784 super
330 2728 413 2770 hoc
446 2729 641 2771 extiterit
671 2728 920 2784 requisitus.
983 2728 1167 2784 Propter
1200 2727 1312 2783 quod
1346 2741 1429 2769 non
1453 2727 1647 2769 valentes
1684 2727 1847 2782 absque
1871 2727 1992 2782 gravi
2017 2725 2177 2767 Christi
2203 2724 2366 2765 offensa

169 2797 262 2840 eius
294 2797 542 2853 iniquitates
574 2798 758 2854 amplius
791 2798 994 2848 tolerare,
1029 2797 1223 2853 cogimur
1255 2801 1438 2852 urgente
1470 2810 1546 2838 nos
1581 2796 1844 2837 conscientia
1875 2796 1984 2837 iuste
2019 2785 2364 2836 animadvertere

168 2867 212 2908 in
244 2866 446 2910 eundem.
566 2866 632 2923 (4)
664 2866 721 2908 Et
752 2873 799 2908 ut
831 2866 884 2908 ad
915 2880 1096 2922 presens
1128 2866 1181 2908 de
1215 2866 1372 2908 ceteris
1407 2866 1499 2907 eius
1534 2865 1770 2907 sceleribus
1795 2869 2029 2913 taceamus,
2064 2868 2246 2919 quatuor
2269 2877 2364 2917 gra-

170 2936 362 2988 vissima,
397 2951 480 2993 que
512 2937 631 2978 nulla
662 2942 842 2993 possunt
874 2937 1005 2978 celari
1037 2936 1411 2991 tergiversatione,
1445 2935 1674 2976 commisit:
1710 2934 1932 2976 Deieravit
1962 2934 2076 2975 enirn
2100 2932 2368 2973 multotiens:

173 3020 326 3062 pacem
359 3006 575 3062 quondam
607 3007 720 3048 inter
752 3007 984 3048 ecclesiam
1018 3011 1062 3047 et
1094 3006 1321 3062 imperium
1356 3005 1634 3047 reformatam
1667 3010 1829 3046 temere
1863 3004 2056 3050 violavit;
2101 3001 2367 3058 perpetravit

172 3075 304 3117 etiam
327 3075 616 3131 sacrilegium,
640 3075 736 3131 capi
758 3075 922 3117 faciens
947 3074 1190 3116 cardinales
1215 3080 1364 3116 sancte
1385 3074 1581 3115 Romane
1606 3073 1786 3115 ecclesie
1810 3086 1858 3113 ac
1881 3073 2061 3113 aliarum
2086 3071 2366 3112 ecelesiarum

171 3145 361 3200 prelatos
393 3148 436 3187 et
468 3144 664 3196 clericos,
696 3144 924 3199 religiosos
956 3147 999 3184 et
1031 3143 1270 3193 seculares,
1304 3143 1530 3184 venientes
1568 3141 1622 3183 ad
1656 3141 1881 3183 concilium
1915 3140 2029 3196 quod
2062 3140 2176 3181 idem
2211 3139 2366 3195 prede-

173 3227 322 3256 cessor
354 3213 541 3256 duxerat
573 3213 917 3260 convocandum;
963 3212 1016 3254 de
1056 3212 1196 3254 heresi
1229 3226 1399 3268 quoque
1433 3226 1516 3252 non
1549 3211 1689 3252 dubiis
1723 3216 1766 3252 et
1799 3210 1966 3251 levibus
2000 3214 2066 3250 set
2098 3207 2368 3250 difficilibus¹

173 3287 217 3324 et
248 3282 522 3325 evidentibus
555 3283 821 3339 argumentis
864 3286 1091 3337 suspectus
1131 3281 1328 3323 habetur.
1450 3279 1516 3336 (5)
1556 3280 1688 3321 Plura
1724 3278 1936 3334 siquidem
1969 3292 2067 3319 eum
2101 3278 2367 3319 commisisse

174 3353 363 3408 periuria
401 3353 506 3394 satis
547 3358 682 3409 patet.
744 3351 893 3394 Namm
927 3351 1028 3392 olim
1061 3365 1157 3392 cum
1190 3351 1232 3391 in
1267 3349 1413 3391 Sicilie
1446 3349 1642 3405 partibus
1677 3348 1937 3397 morabatur,
1970 3347 2220 3402 priusquam
2254 3351 2369 3388 esset

177 3421 231 3463 ad
262 3421 431 3477 imperii
461 3422 716 3478 dignitatem
749 3422 926 3473 electus,
960 3435 1105 3462 coram
1138 3420 1249 3462 bone
1282 3420 1489 3461 memorie
1520 3417 1570 3459 G.
1597 3417 1743 3459 Sancti
1768 3416 1984 3458 Theodori
2017 3415 2195 3456 diacono
2229 3415 2366 3456 cardi-

177 3491 284 3543 nali,
318 3491 557 3547 apostoliee
588 3491 703 3533 sedis
735 3492 904 3546 legato,
943 3489 1084 3532 felicis
1119 3488 1427 3531 recordationis
1460 3487 1713 3529 Innocentio
1747 3500 1858 3542 pape
1891 3485 2190 3541 predecessori
2224 3489 2368 3525 nostro

312 3616 401 3654 400.
433 3619 464 3661 0)
490 3620 616 3652 Galeis.
734 3617 767 3660 d)
794 3629 830 3651 os
855 3618 891 3650 in
915 3629 1054 3650 rasura.
1183 3616 1212 3657 e)
1239 3627 1280 3649 ac
1305 3616 1407 3649 etiam
1432 3615 1468 3647 z'7z
1492 3625 1631 3647 rasura.
1749 3611 1780 3652 f)
1814 3613 1849 3645 in
1873 3625 2012 3645 rasura.
2131 3612 2164 3654 8)
2192 3611 2368 3653 leyendum

175 3677 342 3719 irrogatis.
459 3675 494 3716 h)
518 3677 551 3709 le
574 3677 612 3709 in
635 3687 774 3709 rasura.
892 3673 915 3716 i)
942 3686 963 3707 a
988 3686 1038 3707 or.
1156 3672 1190 3717 k)
1215 3685 1238 3706 n
1262 3673 1299 3705 in
1322 3684 1461 3705 rasura.
1579 3669 1604 3714 ¹)
1631 3682 1719 3704 cor-r.
1746 3681 1786 3703 eo:
1811 3671 2031 3703 difficillibus.
2150 3669 2192 3710 ¹¹¹)
2219 3669 2292 3700 Non
2320 3679 2367 3699 07·-

2428 1890 2503 1914 1241.

2392 1923 2472 1948 ilani.
2495 1925 2536 1947 521.
