2558 3970
198 175 265 213 122
734 169 975 203 FRIDERICI
1005 169 1048 203 ll.
1075 167 1504 203 CONSTITUTIONES.
1555 165 1654 202 1223.
1704 168 1766 202 Nr.
1784 168 1839 203 98.

333 286 424 326 llec
459 292 523 325 est
556 285 690 324 forma
726 283 1058 337 conpositionisa
1091 297 1167 323 seu
1201 283 1495 323 conventionis
1528 283 1639 323 facte
1681 283 1794 323 inter
1826 282 2045 323 dominum
2078 283 2378 338 imperatorem

192 362 231 395 et
274 355 490 395 dominum
534 367 677 406 regem
722 352 853 392 tilium
894 366 1016 392 suum
1058 366 1112 392 ex
1145 355 1265 406 parte
1303 365 1412 397 una,
1450 355 1492 391 et
1534 351 1733 391 comitem
1766 344 2019 392 Hei‘nricum
2051 349 2104 391 de
2137 351 2305 392 Zwerin
2338 355 2381 392 et

193 423 352 462 amicos
390 436 488 461 suos
523 435 576 461 ex
608 421 744 460 altera.
776 425 917 473 parte.
961 433 1090 474 super
1123 420 1374 474 captivitate
1409 433 1557 473 regum
1587 419 1715 460 Datie
1747 423 1790 460 et
1822 419 2192 473 representatione
2225 432 2379 460 eorun-

195 490 289 530 dem
325 491 494 529 domiuo
529 489 776 542 imperatori
811 494 853 528 ct
884 488 1056 527 domino
1092 489 1182 541 regi
1215 488 1302 528 filio
1336 502 1412 528 suo
1448 487 1655 528 facienda.

343 562 368 596 1.
406 556 613 596 Dominus
654 558 886 610 imperator
929 562 971 597 et
1009 556 1207 597 dominus
1249 571 1326 597 rex
1369 556 1533 597 dabunt
1576 556 1722 597 comiti
1756 555 1961 596 Heinrico
1995 555 2047 596 de
2080 555 2249 597 Zwerin
2282 555 2380 596 boni

194 626 362 677 argenti
410 625 716 679 quinquaginta
757 625 873 664 milia
917 638 1156 665 marcarum
1199 628 1241 665 et
1273 624 1419 664 amieis
1454 624 1562 669 suis,
1599 624 1753 678 quibus
1786 624 1880 679 ipse
1911 624 2116 675 voluerit,
2151 623 2234 664 duo
2266 622 2385 664 milia

200 708 449 733 marcarum.
514 694 695 747 Insuper
728 693 949 733 conferent
988 692 1127 733 eidem
1166 693 1208 733 in
1252 693 1381 733 feudo
1425 697 1610 733 castrum
1652 707 1784 733 unum
1824 706 1919 733 cum
1952 691 2189 734 redditibus
2222 691 2384 733 dueen-

201 769 336 801 tarum
370 776 606 801 marcarum
640 766 738 801 ante
770 762 930 801 festum
965 761 1082 802 beati
1114 761 1318 801 Iohannis
1342 761 1530 816 baptiste
1554 761 1690 816 primo
1714 765 1956 811 venturum,
1989 765 2031 801 et
2064 761 2098 801 si
2130 761 2173 801 in
2205 760 2384 801 redditi-

202 830 277 869 bus
320 829 483 870 eisdem
526 830 680 884 aliquis
721 829 850 870 fuerit
888 829 1103 880 defectus,
1139 830 1402 884 supplebunt
1434 828 1625 881 aliunde,
1671 843 1765 870 cum
1807 829 1993 885 primum
2026 828 2220 870 redditus
2253 829 2385 883 aliqui

200 900 375 953 imperio
421 899 642 940 vacabunt.
714 899 820 940 Item
865 903 1052 940 castrum
1092 913 1223 940 unum
1268 900 1310 939 in
1356 903 1494 951 terra,
1537 913 1618 954 que
1660 898 1929 939 Boizenburc
1961 901 2159 950 vocatur,
2193 897 2382 939 edificari

198 967 325 1008 debet
359 968 500 1007 comiti
536 967 737 1007 Heinrico
770 967 821 1008 de
855 967 1023 1008 Zwerin
1056 967 1108 1008 de
1142 968 1344 1022 expensis
1378 968 1545 1022 imperii
1579 981 1673 1008 eum
1707 967 1872 1007 fossato
1906 969 1948 1007 et
1983 965 2157 1006 blancis.

337 1038 373 1078 2.
410 1036 517 1076 Item
551 1037 676 1076 matri
709 1037 854 1076 uxoris
888 1036 1055 1076 comitis
1088 1036 1143 1077 H.
1177 1036 1228 1076 de
1253 1036 1437 1086 Zwerin,
1462 1036 1633 1077 domine
1656 1036 1710 1077 de
1733 1036 1909 1086 Zlawin,
1933 1034 2131 1075 dominus
2154 1035 2386 1089 imperator

199 1113 239 1145 et
274 1104 468 1144 dominus
503 1119 579 1145 rex
612 1105 721 1145 bona
755 1110 797 1145 et
829 1105 1113 1145 hereditatem
1147 1119 1266 1146 suam
1300 1105 1353 1145 ad
1386 1105 1523 1159 ipsam
1556 1105 1608 1146 de
1642 1105 1733 1145 iure
1758 1104 2014 1159 spectantia,
2049 1117 2130 1158 que
2155 1117 2232 1144 rex
2253 1102 2382 1143 Datie

199 1173 403 1213 hactenus
437 1187 512 1227 per
543 1174 787 1214 violentiam
822 1178 1030 1228 occupata
1062 1173 1268 1217 detinuit.
1311 1174 1479 1214 restitui
1518 1174 1678 1214 facient
1724 1177 1797 1214 aut
1829 1186 1906 1228 pro
1939 1173 2032 1227 ipsa
2066 1171 2308 1213 hereditate
2340 1171 2384 1211 in

197 1250 434 1281 restaurum
468 1242 506 1281 ei
539 1241 622 1282 duo
655 1242 773 1282 milia
804 1256 1043 1283 marcarum
1075 1243 1339 1297 persolvent.

336 1312 370 1348 3.
406 1309 605 1350 Predicta
645 1315 788 1351 autem
830 1311 1016 1365 pecunia
1056 1310 1201 1351 comiti
1233 1310 1288 1351 H.
1322 1310 1374 1351 de
1418 1310 1587 1351 Zwerin
1626 1310 1839 1365 promissa
1878 1310 2067 1350 solvetur
2109 1309 2152 1350 in
2191 1309 2386 1350 terminis

45 1403 66 1418 0
90 1368 164 1425 fig«,
199 1378 289 1417 istis
323 1384 365 1417 et
397 1378 437 1417 in
470 1377 580 1418 hunc
613 1378 801 1419 modum:
836 1380 1069 1434 quingente
1101 1393 1244 1420 marce
1277 1379 1519 1434 quindecim
1553 1379 1705 1420 diebus
1739 1382 1838 1419 ante
1870 1378 2028 1419 festum
2053 1378 2188 1419 saneti
2211 1377 2387 1419 Martini

75 1463 97 1474 ··
126 1458 166 1482 2³--
199 1447 443 1502 proximum
477 1447 568 1487 sine
602 1448 775 1487 introitu
809 1448 990 1489 alieuius
1025 1449 1230 1496 civitatis;
1262 1452 1362 1503 post
1394 1448 1552 1488 festum
1585 1447 1721 1488 sancti
1743 1446 1916 1487 Martini
1949 1446 2003 1487 ad
2027 1446 2270 1501 quindecim
2295 1445 2388 1490 dies

41 1870 125 1895 Mart.
142 1874 182 1897 3¹³.

198 1517 350 1556 iterum
391 1515 623 1569 quingente
664 1529 805 1557 marce
849 1517 1069 1557 solventur
1107 1516 1245 1557 eidem
1289 1521 1330 1558 et
1373 1517 1461 1557 sine
1502 1516 1679 1557 introitu
1711 1515 2031 1565 fideiussorum
2076 1516 2178 1556 item
2220 1515 2262 1556 in
2295 1515 2384 1569 epi-

109 1601 119 1607 ·
141 1600 164 1639 (3.
199 1584 357 1638 phania
391 1584 549 1624 domini
582 1588 740 1625 extunc
772 1586 909 1639 primo
944 1586 1236 1640 subsequente
1268 1585 1385 1626 mille
1408 1599 1551 1626 marce
1576 1585 1615 1626 ei
1638 1584 1941 1644 persolventur
1981 1588 2023 1625 et
2058 1584 2150 1624 sine
2188 1583 2384 1631 introitu3

200 1658 294 1707 post
328 1652 602 1707 epiphaniam
643 1653 822 1694 eandem
867 1654 919 1694 ad
963 1669 1040 1695 sex
1073 1655 1338 1709 septimanas
1372 1655 1527 1695 iterum
1562 1653 1676 1694 mille
1710 1666 1852 1693 marce
1888 1653 2110 1694 solventur
2142 1652 2204 1703 ei,
2237 1665 2318 1706 que
2354 1651 2390 1692 si

143 1743 166 1766 ς,
201 1721 337 1761 solute
370 1735 451 1761 non
486 1721 657 1766 fuerint,
682 1722 957 1764 fideiussores
982 1723 1201 1764 subnotati
1232 1724 1275 1764 in
1308 1723 1391 1764 fine
1423 1737 1499 1763 sex
1523 1723 1859 1778 septimanarum
1882 1720 2116 1762 earundem
2140 1718 2389 1761 Ni'srenberc

202 1789 432 1829 intrabunt.
467 1789 624 1831 abinde
658 1805 742 1831 non
776 1792 945 1832 exituri.
979 1792 1058 1832 nisi
1091 1793 1393 1846 persolvantur
1423 1791 1540 1833 mille
1573 1805 1738 1839 marce3
1773 1796 1816 1833 et
1850 1792 1932 1832 alie
1964 1790 2080 1831 mille
2102 1802 2243 1830 marce
2279 1788 2392 1830 infra

207 1872 283 1898 sex
316 1859 576 1913 septimanas
608 1860 934 1914 subsequentes,
966 1861 1026 1901 ita
1048 1860 1159 1915 quod
1183 1861 1265 1901 duo
1298 1861 1417 1901 milia
1438 1875 1678 1901 marearum
1706 1860 1816 1901 infra
1838 1859 1926 1901 XII
1949 1859 2211 1914 septimanas
2241 1858 2390 1913 procul

202 1927 329 1967 dubio
363 1932 404 1967 et
436 1928 525 1968 sine
558 1929 848 1982 protractione
881 1929 1023 1984 aliqua
1054 1930 1377 1984 persolvantur;
1411 1929 1567 1970 deinde
1601 1929 1655 1970 ad
1688 1944 1766 1970 sex
1798 1929 1905 1970 alias
1940 1928 2205 1984 septimanas
2228 1927 2386 1968 iterum

164 2022 168 2026 -
202 1996 318 2036 mille
352 2010 494 2037 marce
528 1997 750 2038 solventur
782 1997 936 2041 eidemq
971 1999 1038 2039 vel
1071 1998 1347 2039 fideiussores
1380 1998 1421 2039 in
1454 1999 1537 2039 fine
1571 2012 1649 2039 sex
1682 1998 2019 2053 septimanarum
2041 1993 2292 2037 Nirrenberc
2323 1996 2387 2036 in-

86 2075 95 2095 1
145 2090 167 2097 --
204 2064 391 2106 trabunt.
425 2064 523 2106 inde
556 2079 640 2105 non
665 2067 892 2116 recessuri,
925 2067 1006 2107 nisi
1028 2067 1350 2121 persolvantur:
1383 2066 1537 2108 deinde
1570 2067 1612 2107 in
1644 2066 1756 2108 festo
1780 2065 2037 2107 Miehahelis
2070 2069 2228 2114 extunc
2251 2064 2387 2120 primo

202 2132 490 2187 subsequente
532 2135 752 2175 solventur
795 2134 878 2176 duo
920 2136 1036 2176 milia
1073 2149 1312 2176 marcarum
1353 2139 1395 2176 et
1434 2136 1667 2190 quingente
1704 2149 1870 2186 marce,
1912 2148 1994 2189 que
2026 2134 2062 2175 si
2100 2133 2254 2174 iterum
2287 2137 2389 2174 tune

205 2202 342 2242 solute
377 2217 460 2243 non
490 2203 663 2253 fuerint„
696 2203 969 2245 fideiussores
993 2203 1243 2246 erenberc
1265 2205 1499 2256 intrabunt,
1530 2204 1629 2246 inde
1652 2218 1738 2245 non
1762 2203 1986 2254 recessuri,
2009 2202 2091 2243 nisi
2113 2201 2271 2242 fuerint
2291 2216 2388 2257 per-

204 2270 360 2312 solute:
403 2273 556 2313 iterum
590 2272 673 2312 alia
705 2272 787 2313 duo
828 2273 943 2313 milia
975 2287 1214 2314 marcarum
1247 2277 1290 2314 et
1322 2274 1556 2328 quingente
1589 2287 1731 2314 marce
1765 2271 1924 2314 debent
1961 2285 2057 2313 esse
2098 2271 2314 2326 persolute
2346 2272 2389 2312 in

50 2364 57 2378 1
97 2343 152 2386 “’,“·,,
204 2341 366 2380 octavis
405 2341 565 2395 pasche
606 2342 741 2395 primo
787 2345 945 2382 extunc
989 2341 1302 2389 subsecuturis3
1346 2342 1459 2396 quod
1493 2343 1527 2383 si
1568 2342 1727 2383 factum
1766 2355 1851 2381 non
1883 2340 2032 2391 fuerit,
2073 2353 2216 2380 eomes
2249 2339 2304 2379 H.
2337 2338 2390 2380 de

204 2408 367 2448 Zwerin
402 2417 442 2449 et
475 2410 600 2450 amici
635 2410 698 2450 sui
732 2409 784 2450 de
817 2409 928 2450 bona
958 2410 1098 2464 gratia
1130 2415 1172 2451 et
1196 2411 1414 2451 voluntate
1448 2410 1606 2450 domini
1636 2409 1908 2464 imperatoris
1933 2411 1976 2450 et
1998 2407 2156 2448 domini
2177 2407 2292 2461 regis
2314 2407 2390 2447 filii

203 2477 265 2517 sui
298 2478 484 2520 absoluti
517 2484 639 2519 erunt
671 2493 693 2519 a
727 2479 936 2533 promisso
961 2479 1082 2519 istius
1106 2478 1274 2532 negocii
1299 2478 1426 2529 facto,
1460 2477 1640 2533 perditis
1665 2477 1814 2518 decem
1837 2477 2006 2518 milibus
2030 2489 2270 2517 marcarum
2292 2489 2389 2530 pre-

204 2545 351 2586 dictis.
390 2547 470 2587 nisi
504 2547 554 2587 de
595 2547 706 2587 bona.
738 2548 957 2587 voluntate
990 2546 1156 2587 comitis
1190 2546 1243 2587 H.
1278 2545 1330 2587 de
1364 2546 1533 2587 Zwerin
1567 2550 1609 2586 et
1647 2546 1880 2587 amicorum
1913 2558 2087 2586 suorum
2130 2544 2247 2584 aliud
2278 2544 2389 2585 ordi-

204 2621 347 2652 natum
389 2614 517 2654 fuerit
554 2620 596 2655 et
628 2615 864 2655 obtentum.
926 2614 1220 2654 Veruntamen
1264 2614 1299 2653 si
1340 2614 1482 2668 aliquo
1516 2628 1640 2666 casu,
1682 2614 1794 2669 quod
1827 2613 1948 2655 Deus
1980 2616 2164 2663 avertat,
2206 2613 2388 2667 pecunia

205 2681 269 2720 vel
303 2695 400 2736 pars
433 2683 614 2735 pecunie
648 2683 839 2737 predicte
873 2682 925 2723 ad
958 2683 1185 2723 terminum
1218 2683 1285 2722 vel
1326 2682 1380 2723 ad
1413 2683 1616 2723 terminos
1659 2683 1927 2738 supradictos
1961 2683 2101 2723 soluta
2132 2695 2216 2722 non
2247 2681 2390 2733 fuerit,

206 2759 380 2804 propter
413 2751 489 2791 hoc
523 2752 771 2806 principalis
806 2756 1055 2792 contractus
1090 2756 1132 2791 et
1164 2752 1399 2806 principale
1423 2751 1747 2792 laudamentum
1782 2750 1968 2792 rescindi
2000 2765 2084 2792 non
2107 2750 2278 2802 debent,
2310 2749 2392 2790 nisi

206 2820 313 2859 forte
356 2819 628 2860 fideiussores
669 2820 916 2860 commoniti
962 2834 1038 2875 per
1071 2819 1286 2860 dominum
1320 2820 1376 2860 H.
1408 2820 1730 2861 Romanorumb
1769 2835 1917 2875 regem
1950 2820 2018 2861 vel
2059 2818 2391 2873 Erbipolensem

207 2889 452 2942 episcopum
498 2889 566 2929 vel
608 2889 807 2929 comitem
850 2888 901 2929 G.
934 2888 986 2929 de
1018 2888 1174 2929 Dieths
1216 2889 1284 2930 vel
1317 2888 1365 2929 E.
1398 2888 1638 2944 dapiferum
1673 2889 1725 2930 de
1749 2889 1959 2944 Walpure
1997 2888 2107 2928 infra
2147 2901 2225 2928 sex
2257 2887 2388 2943 septi-

207 2970 354 2996 manas
386 2972 409 2996 a
445 2962 634 3011 tempore
669 2957 1023 2998 conmonitionisa
1057 2958 1225 2998 solvere
1259 2961 1301 2998 et
1334 2958 1585 2999 satisfacere
1618 2958 1848 2998 noluerint.
1910 2956 1990 2998 Est
2021 2959 2165 2997 autem
2195 2955 2391 3011 predicta

208 3025 387 3077 pecunia
421 3025 711 3079 presentanda
745 3030 787 3066 et
819 3025 1107 3080 persolvenda
1130 3025 1243 3080 apud
1267 3025 1531 3066 Northusam
1563 3027 1605 3066 in
1637 3027 1829 3067 terminis
1863 3024 2106 3066 constitutis
2139 3027 2181 3064 et
2211 3024 2254 3064 in
2287 3037 2389 3064 eon-

207 3092 336 3132 ductu
378 3103 417 3132 (με
456 3094 646 3147 periculo
688 3092 847 3133 domini
887 3094 1158 3148 imperatoris
1196 3098 1238 3133 et
1278 3093 1435 3134 domini
1475 3094 1591 3148 regis
1632 3093 1963 3149 transportanda
2003 3093 2279 3147 Harttispurc
2317 3096 2392 3134 aut

209 3159 550 3214 XVcrningerode
584 3161 651 3202 vel
684 3161 979 3202 Blankinburc
1013 3163 1079 3202 vel
1112 3161 1394 3216 Reginsteine
1429 3163 1496 3203 vel
1528 3162 1759 3203 Asseburc.

345 3232 380 3268 4.
415 3229 458 3269 Si
497 3230 733 3283 contingat,
780 3229 890 3284 quod
941 3244 1018 3270 rex
1061 3229 1190 3270 Datie
1233 3243 1308 3284 pro
1354 3230 1601 3285 captivitate
1644 3245 1721 3271 sua
1761 3235 1804 3272 et
1847 3230 1921 3271 filii
1967 3230 2032 3270 sui
2075 3232 2311 3284 conponata
2349 3232 2392 3269 et

210 3299 433 3351 pecuniam
466 3297 566 3337 dare
598 3299 817 3352 promittat
850 3298 917 3338 vel
951 3297 1113 3352 aliquid
1146 3312 1221 3352 pro
1256 3298 1439 3339 honesta
1471 3303 1512 3338 et
1545 3299 1767 3340 commoda
1799 3297 1993 3339 custodia
2016 3296 2272 3350 erogaverit,
2304 3296 2390 3351 pri-

209 3379 323 3404 mum
358 3376 581 3417 argentum
614 3366 737 3406 cedet
776 3367 818 3406 in
853 3367 1110 3406 solutionem
1144 3365 1292 3407 decem
1326 3366 1489 3406 milium
1521 3380 1787 3417 marearum,
1818 3380 1893 3421 pro
1932 3365 2085 3420 quibus
2115 3363 2391 3405 fideiussores

210 3433 296 3473 (lati
337 3442 453 3481 sunt,
496 3434 712 3474 residuum
755 3434 795 3474 in
842 3434 1098 3475 solutionem
1142 3431 1421 3489 superstiti[s]
1465 3434 1599 3475 debiti
1640 3434 1805 3475 comitis
1856 3432 1911 3474 H.
1946 3432 1998 3475 de
2039 3433 2205 3473 Zwerin
2237 3431 2391 3473 cedere

211 3502 350 3546 debet,v
386 3501 578 3542 deductis
612 3508 754 3542 tamen
789 3503 986 3557 expensis
1021 3517 1167 3557 regum
1202 3502 1330 3543 Datie
1364 3507 1406 3543 et
1439 3502 1671 3543 custodum.

350 3628 410 3660 955.
450 3634 480 3661 ὅ)
501 3641 568 3670 [ιι-0
596 3629 727 3669 ,syllaba
756 3641 816 3661 con
843 3629 894 3660 liic
921 3629 1154 3669 compendium
1179 3640 1199 3670 9
1227 3629 1261 3659 ιἰι
1286 3640 1334 3660 ων.
1476 3626 1506 3668 ¹')
1534 3629 1616 3660 Rom
1645 3639 1692 3660 or.

2433 569 2448 593 5

2420 913 2452 938 10

2424 1254 2454 1279 15

2422 1595 2456 1621 20

2425 1936 2456 1962 25

2425 2283 2458 2309 30

2425 2625 2456 2651 35

2426 2966 2458 2992 40

2425 3313 2475 3339 45'
