2558 3970
5 759 28 919 ‹fg-wag
0 665 25 745 qm
7 605 26 646 ες
7 564 22 580 ⁴.

15 1350 21 1355 .
3 1251 26 1337 *hv—³
21 1216 26 1220 .
1 1132 26 1203 “·ν;,<

675 168 913 203 FRlDERICl
942 169 984 203 ll.
1012 170 1440 205 CONSTITUTIONES.
1495 173 1592 206 1219.
1643 173 1704 207 Nr.
1724 174 1779 207 65.
1805 175 1857 207 15⁴3.
2311 177 2362 215 79

162 291 411 326 Romanorum
443 303 548 335 reges
580 293 617 325 et
650 290 893 335 imperatores
926 291 1170 327 observentur
1209 295 1386 337 tii-niaque
1419 298 1451 326 vl
1496 294 1710 327 i11‹·‹›11vulr-·n
1746 307 1890 339 semper
1923 301 2177 339 porinum-ant.
2211 307 2361 339 pres-vus

160 359 398 405 privilegium
430 359 682 404 conscriptum
716 359 925 395 maiestatis
958 364 1083 395 nostre
1115 372 1228 395 aurea
1261 361 1361 395 bulla
1396 361 1567 396 iussimus
1600 363 1832 397 communiri.

305 421 465 463 Testes*
496 428 550 462 hii
581 430 685 462 sunt:
725 421 940 463 Ilenricus
975 424 1239 478 Argentinus
1281 424 1524 479 episcopus.
1569 424 1783 465 llenricus
1819 426 2073 466 Basiliensis
2114 427 2360 482 episcopus.

163 490 300 532 abbas
335 489 484 531 Sancti
517 489 645 540 Galli,
678 489 775 544 Vgo
809 490 944 531 abbas
978 491 1288 537 Morbacensis,
1330 492 1561 533 Golfradus
1595 492 1730 534 abbas
1764 493 1815 534 de
1854 493 2112 537 Wicziburc.
2153 494 2360 535 'ribaldus

107 575 122 600 ⁵
162 558 250 600 dux
288 557 587 613 Lotheringie,
640 572 784 600 comes
828 558 979 612 Egeno
1019 559 1072 601 de
1106 560 1264 606 Vrahc,
1310 574 1453 601 coines
1498 560 1758 602 Lodowicus
1801 561 1854 602 dc
1891 562 2169 604 Wirtinbcrv.
2213 578 2360 604 comos

159 626 410 668 Euerardus
442 627 496 669 de
528 626 773 669 Elfinstein.
806 627 1021 668 Henricus
1055 627 1108 669 de
1140 627 1299 678 Niffen,
1332 633 1375 669 et
1406 628 1477 669 alii
1511 642 1637 683 quam
1672 630 1830 684 plures.

300 693 318 751 ᾗ
349 694 529 751 Signum
562 694 722 736 domini
752 695 959 737 Friderici
992 695 1076 738 Dei
1109 697 1248 749 gratia
1281 696 1576 738 Romanorum
1613 699 1728 752 regis
1762 713 1934 755 semper
1966 700 2135 753 augusti
2160 699 2285 753 (Μ.)ιι
2319 704 2361 741 et

158 765 273 820 regis
309 763 506 816 Sicilie.}{

306 833 399 889 Ego
434 832 656 874 Conradus
689 833 772 875 Dei
807 838 850 874 ct
882 834 1117 889 apostolice
1151 834 1267 875 sedis
1301 835 1443 889 gratia
1467 835 1674 876 Metensis
1709 841 1752 877 ct
1785 836 2000 891 Spirensis
2035 838 2260 892 episcopus
2297 838 2358 877 in-

93 917 125 942 ιο
160 903 334 959 perialis
366 903 464 944 aule
498 902 782 943 cancellarius
807 904 898 944 vice
931 902 1091 945 domini
1118 903 1263 944 sifridi
1289 903 1532 958 Maguntini
1556 904 1871 960 archiepiscopi
1897 911 1937 945 et
1963 906 2100 946 tocius
2126 906 2360 946 (elei-niani(-

159 971 534 1013 archicancellarii
567 972 811 1025 recognovi.

299 1040 412 1081 Acta
450 1043 550 1081 sunt
587 1039 666 1080 hec
707 1054 820 1081 anno
859 1040 1072 1081 dominice
1115 1041 1423 1082 incarnationis
1470 1040 1698 1082 millesimo
1743 1040 2041 1082 ducentesimo
2080 1041 2360 1083 nonodecimo

156 1122 304 1150 mense
345 1108 610 1165 Septembr.‘¹
651 1109 884 1150 indictione
926 1114 1093 1153 octava.
1137 1115 1346 1165 regnante
1389 1109 1560 1150 domino
1602 1109 1672 1151 Fr.
1707 1110 1897 1152 secundo
1931 1110 2223 1152 Romanorum
2259 1126 2359 1161 rege

156 1178 347 1233 glorioso
381 1183 423 1219 et
455 1192 558 1232 rege
594 1177 754 1227 Sicilie,
798 1192 910 1219 anno
943 1178 1127 1220 Romani
1161 1179 1280 1234 regni
1314 1179 1447 1234 ipsius
1480 1180 1519 1219 in
1555 1178 1789 1220 Germania
1822 1180 2019 1235 septimo.
2064 1185 2106 1221 et
2140 1181 2178 1220 in
2214 1180 2359 1220 Sicilia

92 1260 122 1286 1⁵
158 1245 390 1288 vicesimod
423 1246 632 1292 secundo:
665 1247 850 1289 feliciter
881 1261 1020 1288 amen.

298 1314 398 1356 Dat.
431 1315 546 1371 apud
578 1315 804 1371 Hagnowc
848 1330 925 1371 per
958 1330 1108 1357 manus
1142 1316 1323 1358 Heurici
1359 1317 1518 1372 regalis
1549 1318 1646 1358 aule
1682 1316 2012 1372 prothonotarii,
2054 1332 2176 1367 anno,
2211 1331 2359 1358 menso

155 1388 198 1426 et
228 1384 461 1426 indictione
494 1385 759 1440 prescriptis.

859 1535 932 1577 66.
976 1534 1420 1577 IURAMENTUM
1453 1534 1660 1577 REGIS.

300 1616 359 1658 Et
388 1616 525 1670 ipsum
546 1615 658 1656 dedit
685 1616 751 1656 υἰν
782 1616 828 1657 cl.
854 1615 992 1658 Sickel
1013 1629 1065 1656 ex
1085 1615 1342 1668 autographo
1364 1615 1570 1656 tabularii
1601 1615 1796 1657 Vaticani
1818 1616 1937 1658 Arm.
1961 1616 1991 1656 I
2015 1627 2124 1667 caps.
2149 1614 2178 1656 I
2187 1614 2302 1655 Vm.
2321 1617 2360 1664 2,

88 1700 121 1727 πο
157 1685 224 1727 cui
255 1685 370 1726 bulla
400 1698 530 1726 aurea
559 1684 648 1737 filis
678 1685 822 1725 sericis
852 1684 995 1725 rubris
1017 1683 1233 1736 appendet.
1289 1683 1913 1725 Transsmntumerata.1245
1947 1685 1990 1724 in
2013 1684 2164 1725 Rotzdo
2189 1683 2361 1725 Clunia—

154 1753 266 1796 censi
295 1752 424 1794 XVI.
457 1753 687 1805 deperdito;
727 1767 763 1796 v.
798 1752 976 1794 ‘Notices
1013 1755 1051 1794 ct
1087 1752 1276 1794 extraits’
1312 1752 1442 1802 XXI,
1470 1753 1510 1801 2,
1540 1754 1626 1793 288
1664 1765 1731 1795 nr.
1753 1754 1822 1795 27.
1893 1753 2105 1794 Insertum
2145 1756 2202 1793 est
2242 1753 2361 1792 inno-

154 1823 313 1864 vatiom'
333 1821 547 1864 Fridcrici
569 1822 635 1863 II.
667 1836 705 1863 α.
729 1823 851 1864 1221.
875 1822 970 1863 Ian.
1004 1821 1173 1874 Capuae
1203 1821 1337 1863 datae.
1404 1821 1560 1862 Textus
1586 1820 1803 1876 formatus
1824 1821 1958 1862 estad
1978 1822 2116 1862 instar
2139 1821 2362 1861 imminenti

146 1892 395 1945 posterioris
436 1891 509 1947 (B)
547 1905 587 1933 a..
616 1892 740 1932 1213.
773 1890 857 1933 Iul.
885 1892 939 1931 12
971 1891 1170 1942 praestiti
1206 1891 1358 1944 (supra
1396 1903 1461 1931 nr.
1487 1890 1574 1945 50).
1618 1916 1671 1921 -—
1709 1890 2175 1932 Hm‘llard-Bre‘holzes
2206 1890 2242 1940 I,
2267 1893 2361 1930 676.

153 1960 349 2012 Biihmer,
381 1961 480 2014 Ray.
513 1961 611 2015 imp.
643 1959 687 2011 V,
712 1961 833 2001 1051.
2005 1958 2074 2011 (P.
2098 1960 2217 2007 232.)

87 2119 119 2147 25
297 2098 316 2152 ξ
346 2106 389 2141 In
419 2105 570 2141 nomine
603 2107 731 2141 sancte
764 2107 802 2141 et
833 2105 1024 2140 individue
1053 2103 1262 2146 Trinitatis,
1295 2097 1454 2153 amen}
1570 2101 1650 2148 Ego
1682 2102 1891 2138 Fridericus
1923 2103 2106 2139 secundus
2138 2103 2207 2137 Dei
2236 2102 2361 2148 gratia

153 2177 407 2212 Romanorum
438 2168 532 2211 rex*
564 2186 710 2220 semper
741 2176 922 2220 augustus
954 2176 993 2209 et
1030 2185 1095 2209 rex
1127 2173 1252 2208 Sicilie
1284 2171 1356 2208 tibi
1386 2171 1538 2207 domino
1570 2183 1653 2207 meo
1693 2172 1929 2207 sanctissimo
1963 2175 1999 2208 et
2031 2172 2130 2218 patri
2161 2171 2358 2207 karissimo

150 2243 170 2298 ξ
199 2239 394 2280 Honorio
424 2237 443 2290 ἕξ
479 2255 577 2290 pape
617 2244 732 2279 tertio
771 2243 921 2288 tuisque
954 2242 1229 2279 successoribus
1261 2244 1300 2277 et
1331 2241 1487 2277 ecclesie
1519 2240 1698 2284 Romane,
1737 2241 1975 2286 presentibus
2007 2241 2227 2286 subscriptis
2260 2241 2357 2286 prin-

153 2315 298 2361 cipibus
328 2313 477 2360 imperii
500 2316 539 2350 et
558 2313 758 2356 nobilibus,
791 2313 968 2360 spondeo,
1001 2312 1193 2358 polliceor,
1225 2311 1406 2357 promitto
1429 2312 1468 2346 et
1487 2310 1589 2346 iuro:
1622 2311 1721 2356 quod
1744 2322 1871 2346 omnes
1900 2311 2165 2356 possessiones,
2199 2311 2358 2346 honores

155 2386 194 2421 et
221 2384 305 2420 iura
335 2383 502 2419 Romane
535 2383 690 2419 ecclesie
721 2394 788 2428 pro
820 2394 929 2428 posse
960 2393 1044 2418 meo
1075 2382 1174 2417 bona
1205 2381 1275 2416 fide
1304 2382 1501 2426 protegam
1526 2381 1564 2415 et
1586 2380 1753 2415 servabo.
1813 2380 2071 2415 Possessiones
2095 2382 2231 2422 autem,
2265 2391 2356 2424 quas

86 2465 120 2492 3ο
154 2453 311 2490 ecclesia
337 2453 508 2489 Romana
537 2452 785 2498 recuperavit,
818 2452 954 2487 liberas
987 2453 1026 2487 et
1055 2451 1203 2496 quietas
1236 2449 1307 2484 sibi
1338 2449 1528 2484 dimittam
1560 2451 1599 2484 et
1629 2449 1749 2495 ipsam
1772 2449 1819 2484 ad
1840 2461 1903 2485 eas
1926 2449 2142 2485 retinendas
2166 2449 2265 2484 bona
2285 2449 2355 2484 fide

151 2522 309 2565 iuvabo3
342 2533 435 2568 quas
467 2524 595 2558 autem
624 2522 791 2557 nondum
822 2521 1070 2567 recuperavit,
1103 2520 1253 2555 adiutor
1275 2530 1338 2555 ero
1359 2519 1407 2553 ad
1428 2519 1733 2564 recuperandum,
1768 2521 1806 2554 et
1827 2521 2131 2564 recuperatarum
2156 2519 2357 2554 secundum

151 2604 261 2639 posse
291 2604 416 2628 meum
447 2603 510 2627 ero
543 2591 622 2626 sine
653 2592 784 2628 fraude
814 2591 998 2626 defensor.
1058 2589 1107 2625 Et
1138 2600 1371 2634 quecumque
1393 2589 1441 2623 ad
1463 2599 1596 2622 manus
1618 2590 1766 2623 nostras
1788 2588 2000 2630 devenient,
2034 2588 2112 2623 sine
2135 2588 2356 2623 difficultate

152 2661 351 2697 restituere
382 2661 602 2707 procurabo.
662 2661 721 2695 Ad
755 2661 823 2696 has
866 2660 1033 2706 pertinet
1072 2661 1155 2695 tota
1185 2661 1288 2694 terra
1318 2670 1390 2703 que
1422 2660 1480 2694 est
1510 2669 1532 2692 a
1563 2657 1793 2692 Radicofano
1825 2670 1942 2702 usque
1975 2657 2218 2703 Ceperanum‚
2252 2669 2353 2692 exar-

153 2732 258 2766 catus
298 2730 486 2774 Ravenne‚
530 2730 759 2776 Pentapolis,
798 2730 966 2765 marchia
996 2729 1245 2771 Anconitana,
1288 2728 1445 2762 ducatus
1477 2727 1712 2772 spoletanus,
1757 2729 1858 2762 terra
1900 2726 2088 2762 comitisse
2120 2726 2351 2768 Maht-hildis,

86 2809 118 2835 35
153 2800 354 2836 comitatus
384 2799 607 2835 Brittenorii
637 2811 721 2835 cum
751 2799 1010 2835 adiacentibus
1041 2798 1151 2834 terris
1174 2797 1359 2843 expressis
1390 2797 1430 2832 in
1460 2797 1589 2832 multis
1620 2796 1829 2842 privilegiis
1851 2797 2120 2842 imperatorum
2143 2808 2163 2830 a
2185 2798 2353 2841 tempore

152 2869 326 2915 Lodoyci.
386 2869 463 2904 Has
496 2880 623 2904 omnes
653 2880 721 2914 pro
753 2880 862 2914 posse
892 2880 976 2904 meo
1007 2867 1206 2903 restituam
1228 2869 1266 2902 et
1288 2866 1416 2911 quiete
1438 2866 1628 2901 dimittam
1651 2878 1734 2901 cum
1756 2865 1857 2901 omni
1879 2865 2147 2907 iurisdictione,
2181 2864 2353 2900 districtu

153 2940 192 2975 et
220 2938 363 2974 honore
395 2950 472 2974 suo.
533 2938 801 2974 Verumtamen
832 2950 916 2973 cum
945 2938 994 2972 ad
1024 2937 1283 2982 recipiendam
1314 2946 1489 2971 coronam
1521 2935 1669 2980 imperii
1702 2935 1761 2970 vel
1791 2946 1858 2980 pro
1890 2934 2178 2970 necessitatibus
2200 2933 2354 2969 ecclesie

152 3007 199 3043 ab
230 3007 440 3053 apostolica
471 3008 556 3043 sede
588 3009 743 3042 vocatus
775 3018 976 3049 accessero,
1009 3006 1054 3041 de
1084 3005 1263 3041 mandato
1295 3004 1430 3040 summi
1460 3004 1649 3050 pontificis
1683 3004 1873 3049 accipiam
1894 3003 2196 3049 procurationem
2219 3003 2264 3037 ab
2289 3002 2352 3038 eis.

152 3076 312 3112 Adiutor
352 3076 469 3112 etiam
505 3088 568 3112 ero
607 3076 654 3111 ad
691 3076 930 3112 retinendum
967 3077 1006 3111 et
1046 3075 1320 3111 defendendum
1357 3074 1512 3110 ecclesie
1543 3074 1709 3109 Romane
1740 3085 1896 3119 regnum
1927 3073 2063 3109 Sicilie.
2125 3072 2208 3107 Tibi
2239 3072 2353 3108 etiam

31 3130 43 3136 ’
86 3153 120 3179 40
153 3145 304 3182 domino
339 3158 423 3181 meo
463 3139 482 3193 Ξ
512 3139 705 3180 Honorio
735 3176 754 3194 f
788 3157 886 3191 pape
932 3147 971 3181 et
1016 3144 1290 3180 successoribus
1332 3143 1407 3179 tuis
1453 3155 1601 3179 omnem
1646 3143 1901 3179 obedientiam
1944 3144 1982 3177 et
2027 3142 2352 3177 honorificentiam

155 3213 349 3257 exhibebo,
392 3226 505 3258 quam
547 3214 676 3250 devoti
715 3217 754 3250 et
792 3215 970 3250 catholici
1011 3214 1258 3260 imperatores
1303 3215 1579 3249 consueverunt
1618 3212 1697 3248 sedi
1737 3212 1944 3257 apostolice
1981 3211 2166 3247 exhibere.
2235 3210 2284 3245 Et
2322 3211 2354 3245 si

152 3284 308 3328 propter
345 3283 544 3329 negocium
579 3284 731 3319 meuma
760 3283 968 3319 Romanam
999 3283 1196 3319 ecclesiam
1233 3282 1445 3328 oportuerit
1479 3282 1668 3317 incurrere
1697 3292 1881 3327 guerram,
1924 3279 2142 3315 subveniam
2174 3279 2218 3322 ei,
2258 3279 2354 3314 sicut

152 3352 356 3388 necessitas
387 3352 649 3398 postulaverit,
681 3352 721 3387 in
752 3353 936 3398 expensis.
998 3351 1132 3387 Omnia
1164 3363 1251 3387 vero
1283 3351 1516 3400 supradicta
1547 3353 1626 3385 tam
1656 3349 1867 3384 iuramento
1890 3360 2002 3393 quam
2026 3349 2164 3394 scripto
2186 3347 2351 3397 firmabo,

153 3431 236 3456 cum
265 3421 415 3467 imPerii
445 3421 550 3456 fuero
582 3432 759 3456 coronam
789 3422 959 3466 adeptus.

37 3566 47 3589 ⁸.
87 3552 120 3578 45
290 3539 352 3575 65.
383 3539 417 3582 (1)
442 3552 710 3584 monogramma,
736 3553 800 3574 vox
825 3542 1026 3585 Septembr.,
1051 3541 1155 3573 verba
1178 3540 1317 3572 ultimae
1343 3539 1452 3572 lineae
1475 3539 1636 3572 vicesimo
1663 3556 1706 3561 —-
1731 3537 1928 3581 prescriptis
1953 3541 2142 3568 atramento
2162 3535 2351 3578 pallidiore

151 3599 274 3634 addita
300 3604 378 3631 sum
402 3610 453 3630 or.

288 3666 350 3708 66.
377 3666 409 3708 ³)
435 3664 530 3699 mizm
554 3678 605 3706 or,

0 3707 85 3970 i
