2558 3970
40 3496 121 3523 Mart.
139 3500 178 3526 2¹5.

203 176 253 214 45
750 170 956 204 OTTONIS
986 170 1043 203 IV.
1071 167 1499 203 CONSTITUTIONES.
1550 169 1647 203 1212.
1695 169 1758 203 Ν1·.
1776 170 1830 204 39.

372 431 465 496 39.
524 425 1143 496 CONVENTIO
1201 425 1430 496 CUM
1485 424 2200 496 THEODERICO

647 526 1312 598 MAROHIONE
1363 525 1936 597 MisNENSI.

1082 652 1223 698 102122.
1262 652 1401 697 Mart.
1431 651 1509 697 20.

341 793 409 833 Er
440 794 694 845 (μώρῳ-(111110
727 807 850 845 usquc
880 793 936 833 acl
965 796 1135 833 (1.1830
1169 794 1211 833 in
1244 792 1455 833 tabulario
1486 791 1772 833 serenissimae
1801 791 1989 843 tantillae
2017 793 2208 845 Welficae
2244 805 2379 834 asser-

201 865 289 901 vato
319 861 490 901 liabetur
524 862 562 901 in
601 861 842 914 O›·i51i›1e'bz‹s
877 862 1075 912 Gewlfice's
1107 861 1317 910 111807.
1352 885 1404 890 —
1441 859 1629 909 Bo'lcmcr,
1663 859 1761 912 Rcy.
1797 861 1891 912 imp.
1924 860 1967 910 V,
1989 862 2086 904 472,

2029 929 2099 982 (P.
2122 930 2241 983 218.)

342 1020 434 1060 Hee
468 1025 532 1060 est
565 1021 698 1060 forma
732 1020 1028 1061 conventionis
1061 1020 1174 1060 facte
1207 1020 1319 1060 inter
1342 1019 1392 1061 O.
1416 1019 1744 1060 invictissimum
1768 1019 2058 1060 Romanorum
2080 1020 2382 1074 imperatorem

199 1103 368 1142 semper
400 1093 628 1142 augustum
663 1094 704 1128 et
736 1088 1007 1129 Tliidcricum
1040 1088 1331 1128 marchionem
1365 1087 1680 1128 Missenensem
1714 1091 1756 1127 et
1788 1087 2092 1129 Orientalema.

349 1161 379 1197 1.
424 1157 648 1196 Predietus
696 1157 882 1196 marchio
920 1156 1075 1197 Misnic
1116 1156 1198 1196 fide
1238 1156 1338 1197 data
1379 1156 1577 1210 promisit
1610 1159 1652 1197 et
1691 1155 1859 1204 iuravit,
1898 1155 2008 1209 quod
2041 1155 2196 1196 abhinc
2239 1159 2286 1197 ut
2317 1156 2381 1197 in-

198 1235 319 1265 antea
355 1225 524 1266 domino
559 1226 803 1280 imperatori
837 1226 1012 1265 assistet
1044 1229 1085 1265 et
1118 1239 1215 1265 cum
1250 1224 1425 1275 iuvabit,
1460 1224 1705 1278 specialiter
1727 1228 1874 1264 contra
1902 1237 2057 1278 papam
2081 1224 2380 1265 Innocentium

199 1295 238 1333 111
280 1294 466 1348 presenti
507 1293 718 1333 discordia
763 1299 835 1333 aut
875 1294 907 1333 si
947 1294 1053 1333 alias
1087 1307 1184 1333 eum
1215 1293 1371 1332 iniuste
1407 1292 1533 1332 vellet
1571 1305 1770 1345 gravare;
1819 1295 1860 1331 et
1908 1292 2035 1332 simili
2076 1291 2201 1333 modo
2234 1296 2382 1333 contra

198 1362 429 1402 Odaerium
469 1376 614 1415 regem
654 1361 830 1402 Boemie
873 1366 915 1401 et
954 1361 1009 1402 H.
1045 1361 1333 1415 lantgravium
1367 1360 1615 1414 Thuringie,
1654 1363 1696 1400 et
1736 1361 1997 1414 genera-liter
2037 1364 2180 1401 contra
2214 1374 2382 1402 omnem

197 1431 411 1471 hominem
444 1431 670 1470 viventem.
714 1431 754 1469 in
794 1430 907 1470 omni
951 1430 1210 1469 necessitate
1244 1443 1340 1475 sua;
1384 1433 1427 1469 et
1468 1428 1580 1483 quod
1614 1441 1829 1482 nunquam
1863 1442 1961 1468 eum
1994 1428 2186 1475 deseret;
2228 1432 2270 1469 et
2301 1428 2381 1469 hec

198 1501 335 1539 omnia
371 1499 480 1539 bona
515 1498 595 1539 fide
629 1498 876 1539 observabit
910 1499 999 1539 sine
1034 1499 1181 1538 fraude
1215 1503 1257 1539 et
1290 1498 1399 1538 malo
1433 1498 1619 1552 ingenio.

340 1570 375 1607 2.
410 1567 466 1607 Ift
509 1573 652 1607 autem
694 1567 772 1607 hcc
815 1567 1041 1607 conventio
1086 1567 1247 1607 firmius
1283 1567 1550 1616 observetur,
1593 1580 1669 1620 pro
1711 1579 1759 1606 eo
1800 1569 1970 1606 etcum
2012 1565 2103 1619 ipso
2145 1568 2188 1605 et
2219 1564 2271 1605 de
2305 1578 2382 1605 sua

198 1638 416 1677 voluntate
451 1641 491 1676 et
524 1635 737 1676 mandato.
773 1636 968 1676 similiter
1000 1635 1100 1675 data
1131 1635 1213 1675 fide
1248 1635 1539 1689 promiserunt
1573 1638 1614 1674 et
1647 1635 1897 1674 iuraverunt
1930 1633 2096 1674 nobiles
2121 1636 2162 1673 et
2184 1633 2380 1673 homines

196 1707 275 1746 sui:
325 1704 608 1745 Geuehardus
649 1704 700 1744 de
744 1702 1025 1749 Quernuorde
1066 1718 1225 1750 comeS,
1270 1703 1547 1743 Burchardus
1587 1703 1639 1743 de
1674 1702 1934 1743 Mannisuelt
1966 1715 2123 1749 comes,
2163 1700 2381 1742 Henricus

197 1775 247 1814 de
288 1773 614 1814 Schwartzburc
662 1786 819 1814 eomes.
869 1771 1093 1812 Cunradus
1135 1772 1187 1812 de
1227 1773 1358 1819 Zana,
1407 1772 1622 1813 Henricus
1669 1771 1721 1812 de
1773 1770 1962 1822 Ohorun⁷
2010 1768 2287 1811 Burchardus
2327 1769 2380 1810 de

198 1843 368 1887 Glinde,
403 1841 651 1882 Guntherus
685 1840 735 1880 de
770 1840 1049 1882 Roehisberc.
1115 1840 1168 1880 Et
1200 1841 1279 1881 hoc
1312 1840 1425 1881 idem
1459 1840 1560 1881 data
1598 1840 1679 1881 fide
1713 1840 1966 1895 promittent
1998 1844 2042 1880 et
2073 1838 2275 1880 iurabunt
2306 1837 2379 1878 alii

198 1912 363 1952 nobiles
403 1909 609 1950 infeudati
652 1910 733 1949 sui:
774 1909 1051 1950 Hermannus
1092 1909 1326 1950 advocatus
1366 1909 1417 1950 de
1453 1908 1585 1959 Salik,
1627 1909 1842 1949 Iohannes
1882 1908 1935 1948 de
1971 1907 2122 1958 Lubin,
2164 1906 2378 1948 Henricus

198 1981 248 2021 de
284 1979 471 2020 Scuditz.
510 1977 637 2018 Dudo
680 1978 731 2018 (10
770 1978 922 2025 Domo,
966 1978 1240 2019 Harmannus
1281 1977 1333 2018 de
1374 1977 1633 2029 Lobdiburc,
1676 1976 1965 2017 Erkinboldus
2010 1975 2061 2016 de
2095 1974 2384 2016 Wizenueltz.

198 2049 291 2089 Hoc
328 2048 438 2088 idem
472 2047 623 2087 eodem
656 2046 781 2087 modo
815 2047 898 2087 fide
937 2046 1036 2087 data
1070 2047 1358 2101 promiserunt
1391 2050 1432 2086 et
1455 2047 1707 2087 iuraverunt
1730 2046 1934 2086 Albertus
1959 2044 2124 2100 dapifer
2147 2044 2200 2084 de
2223 2044 2384 2093 Burne,

199 2117 421 2157 Cunradus
453 2117 668 2170 pincerna.
713 2115 960 2156 Gotzwinus
1000 2115 1051 2156 de
1085 2115 1302 2165 Branditz,
1345 2115 1464 2156 Bodo
1498 2115 1550 2156 de
1583 2115 1742 2165 Ilburc,
1783 2114 1884 2155 Otto
1917 2114 1969 2154 de
2001 2112 2382 2167 Lieehtinhaginb.

199 2186 252 2225 Et
286 2186 363 2225 1100
397 2185 509 2225 1(10111
542 2184 693 2225 eodem
726 2184 850 2224 modo
890 2184 1092 2224 iurabunt
1124 2185 1195 2224 alii
1229 2185 1292 2224 sui
1325 2184 1644 2234 ministeriales,
1688 2183 1852 2224 scilicet
1883 2182 2100 2223 Henricus
2133 2181 2185 2223 de
2219 2181 2378 2222 Cham-

198 2254 312 2293 borc.
348 2253 567 2293 Com-adus
600 2252 650 2293 de
684 2251 962 2307 LandisperC,
997 2253 1097 2293 Otto
1130 2252 1363 2294 advocatus
1397 2252 1448 2293 de
1480 2252 1637 2303 Ilburc,
1671 2251 1773 2292 Otto
1807 2251 1858 2292 de
1881 2251 2043 2302 Pouch,
2076 2250 2291 2292 Hem-icus
2324 2249 2377 2291 de

200 2321 453 2362 Sladebach.
488 2320 768 2361 Eckehardus
802 2326 843 2361 et
876 2320 1091 2362 Henricus
1124 2321 1278 2362 fratres
1312 2321 1364 2361 de
1398 2320 1579 2372 Orozne,
1614 2319 1838 2361 Ounradus
1871 2319 1923 2360 de
1963 2319 2159 2360 Cleberc.

342 2394 377 2429 25.
413 2389 501 2430 Sub
534 2389 613 2429 hac
647 2390 779 2429 forma
813 2395 854 2430 et
887 2390 1130 2429 conditione
1175 2389 1275 2430 data
1307 2389 1389 2429 fide
1422 2390 1678 2443 promissum
1711 2393 1752 2429 et
1785 2389 1969 2429 iuratum
2002 2392 2081 2438 est,
2125 2392 2167 2428 et
2198 2387 2251 2429 ab
2284 2387 2380 2438 hiis,

198 2460 265 2513 qui
307 2458 492 2498 nondum
531 2458 791 2500 iuraverunt.
832 2458 931 2498 data
970 2457 1051 2498 fide
1093 2459 1366 2512 promittetur
1405 2462 1446 2498 et
1478 2458 1700 2506 jurabitur,
1742 2463 1800 2507 ut,
1847 2458 1882 2497 si
1914 2457 2056 2511 aliquo
2089 2456 2226 2508 modo,
2269 2454 2383 2511 quod

198 2528 322 2567 absit.
365 2526 552 2566 marchio
586 2526 829 2568 Misnensis.
873 2526 1107 2567 secundum
1141 2526 1253 2580 quod
1291 2527 1548 2580 promissum
1587 2530 1628 2566 et
1665 2527 1847 2566 iuratum
1882 2530 1958 2577 est,
2001 2540 2086 2566 non
2118 2525 2380 2575 observaret,

199 2610 343 2635 omnes
379 2595 595 2635 intrabunt
628 2594 866 2635 ssruniswic
900 2601 941 2635 et
974 2594 1070 2635 inde
1104 2609 1321 2649 nunquam
1354 2594 1557 2635 recedent
1591 2595 1680 2635 sine
1716 2594 1874 2635 domini
1906 2594 2178 2648 imperatoris
2209 2593 2380 2633 licentia

200 2675 241 2704 et
275 2664 507 2703 voluntate.

341 2735 378 2771 4.
427 2731 608 2786 Insuper
651 2731 702 2771 ad
749 2732 955 2771 maiorem
1002 2732 1277 2772 securitatem
1330 2731 1522 2786 predicte
1582 2731 1876 2772 conventionis
1926 2729 2213 2781 observande,
2270 2729 2381 2770 filios

200 2801 539 2840 ministerialium
582 2814 754 2840 suorum
798 2799 1000 2839 tredecim
1044 2799 1230 2840 marchio
1269 2799 1501 2840 Misnensis
1551 2800 1721 2841 domino
1768 2799 2015 2854 imperatori
2049 2812 2125 2853 pro
2158 2797 2380 2839 obsidibus

199 2869 331 2913 dabit,
365 2869 530 2908 scilieet
560 2868 692 2908 filium
728 2868 971 2908 Geuehardi
1007 2867 1058 2908 de
1092 2868 1305 2915 Zurbeke,
1338 2869 1471 2908 filium
1494 2867 1731 2909 VVolcmari
1765 2868 1815 2908 de
1840 2867 2082 2915 Chanburc,
2114 2867 2249 2907 filium
2270 2865 2380 2906 Bor—

200 2936 318 2977 hardi
354 2936 404 2977 (10
439 2936 638 2976 Tebezin.
672 2936 805 2976 filium
839 2936 1054 2990 Ludolphi
1088 2936 1139 2976 (10
1174 2935 1299 2976 (101110
1326 2936 1530 2987 Grimme,
1562 2937 1694 2977 filium
1721 2936 1931 2977 Guntheri
1955 2936 2006 2976 de
2030 2935 2210 2986 Dewitz,
2243 2934 2377 2975 filium

200 3004 452 3057 Hagenonis
493 3005 544 3045 de
588 3004 759 3044 Doblin.
808 3005 939 3044 filium
985 3004 1150 3045 Alberti
1193 3004 1244 3045 de
1289 3005 1479 3053 Ziznick,
1526 3006 1660 3045 filium
1702 3005 1908 3046 Friderici
1941 3004 2094 3044 Caratz
2135 3003 2187 3044 de
2219 3002 2379 3052 Donin,

201 3073 331 3112 filium
374 3073 602 3126 pincernae
642 3072 833 3113 Henriei.
876 3073 1008 3112 filium
1049 3072 1255 3113 Friderici
1298 3072 1349 3113 (10
1385 3072 1527 3124 Groiz,
1574 3074 1705 3113 filium
1741 3073 1961 3114 Godefridi
1994 3071 2206 3125 Kiseling,
2246 3071 2381 3111 filium

201 3140 444 3180 Thietdoldi
476 3140 527 3180 (10
560 3139 767 3181 Nideeke.

344 3211 379 3247 5.
414 3208 507 3248 Hec
539 3214 680 3248 autem
705 3208 892 3249 conditio
917 3209 1218 3250 observabitur
1241 3209 1292 3249 de
1316 3209 1556 3250 obsidibus:
1591 3210 1703 3263 quod
1727 3210 1761 3249 si
1785 3209 1990 3259 marchio,
2021 3206 2379 3263 quemadmodum

202 3277 456 3330 promissum
504 3281 545 3315 et
592 3278 775 3316 iuratum
824 3282 907 3321 est,
956 3268 1066 3331 quod
1107 3277 1232 3326 absit,
1281 3292 1365 3317 non
1406 3278 1716 3327 observaverit,
1761 3278 1939 3318 liberam
1973 3276 2148 3318 habebit
2180 3275 2376 3316 dominus

202 3344 432 3397 imperator
465 3344 714 3384 facultatem
749 3344 799 3384 de
832 3345 935 3398 ipsis
970 3345 1190 3385 obsidibus
1223 3344 1405 3384 faciendi
1427 3345 1539 3399 quod
1559 3345 1599 3385 ei
1622 3345 1841 3399 placuerit,
1876 3349 1918 3386 01
1942 3349 2091 3386 erunt⁰
2113 3344 2154 3384 in
2177 3356 2226 3383 eo
2251 3347 2379 3391 statu,

203 3413 272 3465 qui
307 3412 538 3465 vulgariter
571 3414 774 3466 vergiselt
806 3414 971 3454 dicitur.
1033 3413 1255 3453 Predictos
1288 3419 1432 3453 autem
1467 3412 1637 3453 obsides
1676 3413 1911 3453 secundum
1943 3413 2080 3453 dictas
2114 3410 2381 3452 conditiones

202 3480 363 3520 tenebit
410 3480 605 3520 (lominus
652 3481 882 3535 imperator
934 3496 957 3520 a
1003 3482 1197 3535 proximo
1252 3481 1413 3535 pascha
1461 3495 1595 3535 usquc
1643 3481 1696 3521 ad
1743 3481 1979 3530 biennium,
2028 3484 2070 3520 et
2117 3483 2217 3520 tunc
2266 3479 2381 3533 ipsos

203 3548 438 3587 marchioni
495 3548 712 3597 restituet,
763 3550 821 3588 ita
875 3555 1016 3589 tamen
1071 3549 1183 3602 quod
1236 3554 1335 3588 tunc
1389 3553 1531 3602 patres
1583 3548 1779 3589 obsidum
1830 3549 1898 3589 vel
1950 3548 2021 3589 alii
2078 3546 2381 3588 ministeriales

1327 3614 1340 3627 .

339 3649 400 3682 39.
433 3655 463 3691 8)
490 3651 636 3683 01100115
661 3651 711 3682 cd.
831 3651 861 3691 ¹¹)
890 3651 1144 3693 Licthtinhagin
1170 3651 1221 3682 ed.
1340 3656 1370 3691 ο)
1397 3652 1459 3683 erit
1483 3652 1534 3684 etl.

2434 871 2449 896 5

2416 1235 2448 1259 10

2420 1576 2450 1600 15

2417 1917 2451 1943 20

2417 2261 2449 2288 25

2417 2609 2449 2634 30

2415 2953 2446 2978 35

2416 3293 2465 3334 ’10ν

2417 3653 2448 3679 45
