2558 3970
141 136 183 174 [Ο
549 131 758 166 PHILIPPI
785 130 923 166 REGIS
950 129 1380 165 CONSTITUTIONES.
1432 131 1530 165 1203.
1570 131 1666 166 1206.
1715 130 1776 165 Nr.
1796 132 1828 166 9.
1855 132 1907 166 10.

274 246 526 287 Reverendo
560 247 600 286 in
626 246 796 286 Christo
827 246 935 301 patri
963 246 1134 285 domino
1158 244 1406 286 Innocentio
1430 249 1704 286 sacrosancte
1728 245 1922 287 Romane
1946 247 2129 288 ecclesie
2151 261 2315 287 summo

132 315 320 369 pontifici
354 315 429 356 Ph.
462 314 542 354 Dei
584 315 719 368 gratia
755 314 1046 354 Romanorum
1088 328 1165 354 rex
1204 319 1247 355 et
1287 327 1457 368 semper
1497 318 1704 367 augustus
1744 314 1927 355 salutem
1960 318 2003 355 et
2040 314 2180 355 filialis
2213 315 2315 355 obe-

130 383 289 424 dientie
322 383 535 423 sincerum
568 382 783 422 affectum.

273 449 471 490 Omnium
510 449 715 490 bonorum
755 449 947 502 largitori
989 453 1031 489 et
1072 453 1217 490 vestre
1260 449 1557 490 sanctissime³
1601 449 1849 504 paternitati
1888 449 2049 504 gratias
2090 450 2315 492 referimus

130 530 254 570 quam
292 518 450 572 plures.
483 517 592 572 quod
625 518 789 572 placuit
821 522 965 558 vestre
990 517 1156 572 pietati,
1190 518 1427 559 venerabili
1450 518 1579 573 priori
1605 517 2028 559 Camaldulensiumb
2061 517 2315 569 concedere,

129 592 173 625 ut
211 585 302 639 ipse
335 585 387 625 ad
426 594 616 626 nostram
650 585 902 627 accederetc
933 587 1198 640 presentiam
1240 601 1368 642 super
1408 591 1591 627 tractatu
1625 585 1883 627 concordie‘l
1915 590 1958 626 et
1988 586 2174 627 amicitie
2206 586 2318 628 inter

130 666 203 692 vos
246 658 288 694 et
327 660 431 694 nose
474 659 516 694 et
560 667 635 708 pro
677 653 950 694 reformanda
989 668 1096 708 pace
1137 654 1250 695 inter
1289 654 1518 695 ecclesiam
1553 658 1596 694 et
1634 654 1860 708 imperium
1893 652 2129 694 seeundum
2161 667 2316 709 propo-

130 721 303 762 sitiones
345 727 387 762 et
429 721 693 763 conditiones
732 736 756 762 a
794 722 883 762 viro
928 722 1130 776 religioso
1175 726 1217 763 et
1249 722 1431 764 honesto
1463 722 1592 762 fratre
1626 721 1805 762 Oddone
1838 721 1891 762 de
1925 721 2070 762 Salem
2102 722 2316 763 sanctitati

129 795 268 828 vestre
303 789 533 831 intimatas.
597 789 898 830 Indubitanter
930 789 1100 844 itaquef
1131 791 1239 831 sciat
1261 796 1405 832 vestra
1438 790 1681 846 prudentia,
1714 794 1908 831 nostrum
1937 804 2034 839 esse
2058 789 2229 832 domino
2251 791 2316 831 in-

129 857 319 910 spirante
353 858 642 899 firmissimum
675 859 985 913 propositumss.
1020 858 1139 900 vobis
1172 859 1426 900 obedientes
1459 863 1501 899 et
1532 858 1711 900 devotos
1745 872 1915 913 semper
1948 858 2138 900 existere
2161 862 2204 900 et
2225 858 2313 900 Ro-

127 938 297 965 manam
340 926 569 967 ecclesiam
611 928 708 967 totis
750 926 911 967 viribus
954 927 1113 968 nostris
1153 928 1264 969 tueri
1303 932 1345 968 et
1377 927 1585 979 exaltare,
1630 927 1710 968 hoc
1743 927 1873 967 etiam
1905 927 2070 981 liquere
2103 928 2316 980 volentes,

2354 872 2386 896 10

131 994 240 1048 quod
275 1008 351 1049 per
383 1009 458 1035 nos
491 1009 574 1036 non
607 995 750 1045 stabit.
792 996 893 1050 quin
925 995 977 1036 de
1010 996 1321 1050 tranquillitate
1354 996 1485 1037 totius
1519 996 1703 1037 ecclesie
1734 994 1820 1036 una
1852 1009 1948 1036 eum
1979 999 2124 1036 vestro
2157 996 2318 1038 auxilio
2375 1029 2378 1032 .

126 1062 483 1104 affectuosissime
523 1063 713 1118 cogitare
751 1069 792 1104 et
833 1063 1062 1119 disponere
1102 1064 1422 1106 intendamush.
1491 1063 1748 1105 Universasi
1786 1065 1930 1119 itaque
1972 1063 2242 1106 conditiones
2273 1064 2318 1106 in

129 1131 291 1172 cartula
343 1132 453 1173 intra
494 1133 619 1173 istam
663 1133 880 1174 inclusasl
912 1133 1024 1174 bona
1055 1133 1137 1175 fide
1174 1138 1216 1174 et
1247 1133 1410 1189 absque
1444 1134 1559 1174 omni
1598 1133 1747 1174 fraude
1781 1147 1952 1189 semper
1980 1134 2236 1175 inconcusse
2268 1148 2318 1176 ac

130 1199 433 1241 inviolabiliter
465 1201 791 1243 observabimus
824 1207 865 1243 et
898 1203 1142 1243 executioni
1175 1203 1422 1257 plenissime
1453 1202 1764 1244 mandabimus.
1818 1201 2019 1244 Ceterum
2041 1203 2168 1258 pleno
2191 1215 2315 1257 roga-

130 1281 222 1308 mus
256 1268 427 1319 affectu,
459 1274 504 1310 ut
535 1271 593 1310 eis
624 1284 705 1324 que
737 1271 896 1311 latores
928 1271 1206 1325 presentium,
1240 1271 1484 1312 antedictus
1516 1272 1630 1326 prior
1653 1274 1695 1312 et
1716 1271 1852 1312 frater
1874 1270 1939 1323 O.‚
1971 1270 2095 1312 vobis
2119 1285 2174 1312 ex
2195 1275 2317 1328 parte

127 1342 270 1377 nostra
315 1336 515 1389 dixerint,
559 1338 843 1379 indubitatam
889 1338 1095 1380 adhibere
1137 1340 1293 1380 curetis
1332 1338 1547 1380 fiduciam.
1618 1338 1900 1393 Quecumque
1941 1339 2055 1380 enim
2098 1339 2181 1395 ipsi
2221 1353 2318 1381 cum

128 1415 270 1445 vestra
303 1407 528 1446 sanctitate
563 1406 613 1447 dc
648 1408 836 1461 presenti
879 1408 1049 1461 negotio
1084 1409 1378 1457 tractaverint,
1423 1421 1500 1448 nos
1534 1408 1574 1448 in
1608 1412 1743 1448 totum
1777 1413 1914 1449 ratum
1949 1422 2096 1449 sumus
2129 1408 2317 1450 habituri

127 1484 168 1513 et
200 1474 505 1515 inviolabiliter
537 1476 821 1516 observaturi.

420 1846 505 1913 10.
552 1844 1111 1916 SCRIPTUM
1161 1845 2029 1918 EXCUSATORIUM

778 1960 931 2031 AD
983 1961 1676 2033 PONTIFIOEM.

1055 2096 1225 2153 (1206.
1264 2097 1393 2155 Iun.)

270 2238 397 2280 Dedit
430 2240 493 2280 vir
531 2241 569 2281 (l.
606 2241 741 2293 Tanyl
771 2256 791 2281 c
823 2241 1008 2294 Rcye'strc'
1040 2241 1276 2282 Innocenti&
1307 2240 1396 2284 III.
1430 2244 1520 2283 tom.
1549 2243 1620 2293 VI,
1646 2242 1726 2297 fol.
1751 2239 1826 2284 33‘
1857 2258 1916 2295 ep.
1943 2246 2026 2284 138
2057 2245 2137 2297 (ep.
2163 2245 2246 2284 136
2274 2243 2322 2284 in

125 2307 246 2347 editis
277 2308 461 2361 Reyistri
491 2310 539 2351 de
569 2310 726 2363 ncyotio
746 2310 944 2363 imperii),
976 2309 1047 2350 ubi
1076 2309 1342 2350 inscribam-.-
1377 2310 1594 2367 Scriptum
1619 2312 1809 2367 Philippi
1832 2312 1886 2353 ad
1909 2311 2127 2353 dominum
2150 2325 2319 2367 papam.

128 2375 179 2416 [n
213 2376 503 2418 adnotatione2
547 2379 647 2419 adde·
689 2379 785 2419 libet
822 2379 1100 2420 iuramentum
1132 2379 1309 2430 episcopi
1339 2379 1662 2432 Bamberqense's
1691 2382 1865 2421 a.1206
1889 2394 2028 2432 papae
2051 2380 2316 2432 praestitum,

126 2444 232 2495 quod
274 2445 376 2485 idem
416 2447 481 2486 vir
518 2446 556 2486 cl.
587 2447 760 2487 contulit
789 2460 879 2488 cam
910 2446 1096 2500 Reyistrc'
1127 2450 1218 2487 tom.
1247 2447 1342 2497 VII,
1369 2447 1448 2502 fol.
1476 2445 1551 2489 72¹
1583 2448 1694 2501 (Lib.
1721 2449 1805 2499 IX,
1837 2462 1898 2500 ep.
1920 2449 2007 2504 15).
2041 2475 2094 2479 —
2125 2448 2319 2499 Bo'hmer,

128 2511 226 2565 Req.
261 2514 354 2565 imp.
390 2514 433 2563 V,
459 2517 552 2555 134.
1966 2517 2036 2569 (Ρ.
2058 2519 2177 2572 210.)

273 2650 338 2703 (Ἰ)
380 2650 592 2706 Scriptum
638 2657 703 2692 cst
745 2658 787 2693 et
834 2652 1059 2707 multiplici
1110 2652 1333 2707 utriusque
1381 2652 1628 2693 testamenti
1675 2653 1929 2695 auctoritate
1979 2668 2104 2709 posse
2144 2654 2320 2710 probari

129 2718 355 2771 credimus,
397 2721 595 2774 quoniam
635 2721 676 2760 in
720 2735 848 2761 manu
891 2720 1141 2762 mediatoris
1181 2720 1264 2761 Dei
1304 2724 1347 2761 et
1386 2720 1605 2761 hominum
1645 2726 1744 2768 sunt
1783 2722 1970 2763 omnium
2004 2727 2242 2778 potestates
2274 2727 2318 2765 et

129 2787 221 2827 iura
264 2802 507 2842 regnorum.
576 2790 675 2844 Ipse
717 2790 827 2830 enim
860 2789 1134 2840 Altissimus,
1179 2788 1375 2829 dominus
1416 2792 1458 2829 et
1497 2803 1575 2830 rex
1608 2790 1689 2830 celi
1722 2793 1765 2830 et
1795 2794 1922 2841 terre,
1962 2791 2029 2832 eui
2058 2791 2245 2832 voluerit
2276 2794 2320 2833 et

130 2855 298 2908 quando
332 2857 515 2898 voluerit
548 2857 664 2899 dabit
695 2857 813 2899 illud.
875 2857 1087 2912 Equidem
1120 2858 1211 2912 ipse
1243 2861 1382 2897 mutat
1414 2870 1547 2912 regna
1579 2861 1622 2899 et
1654 2858 1862 2899 transfert
1884 2863 1928 2900 et
1950 2863 2100 2900 curvat
2126 2859 2316 2914 imperia.

129 2924 167 2963 A
201 2923 325 2978 plena
367 2926 517 2966 notitia
549 2932 705 2977 vestra,
748 2931 871 2981 pater
904 2927 1191 2976 sanctissime,
1234 2926 1409 2966 minime
1443 2925 1657 2967 credimus
1697 2927 1900 2977 alienum,
1943 2926 2043 2981 quid
2074 2927 2232 2969 factum
2265 2927 2319 2969 sit

267 3059 302 3092 9.
338 3066 367 3100 ²¹)
395 3062 482 3093 deest
508 3062 535 3093 2.
687 3062 716 3101 b)
743 3055 880 3096 Camaffi
910 3063 937 3095 l.
1079 3068 1108 3103 0)
1134 3069 1167 3095 et
1192 3063 1225 3094 in
1252 3075 1378 3095 rasura.
1408 3063 1433 3095 l.
1553 3062 1586 3105 d)
1613 3069 1672 3097 atu
1698 3076 1760 3097 con
1786 3066 1821 3097 in
1847 3076 1973 3097 rasura
2000 3064 2030 3096 l.
2147 3065 2176 3105 0)
2200 3076 2262 3097 nos
2286 3070 2320 3098 et

131 3126 188 3147 vos
214 3117 248 3155 ’.ἐς
277 3124 306 3147 et
334 3129 393 3149 uos
419 3125 449 3150 et
476 3130 533 3160 pro
560 3120 591 3150 in
620 3131 743 3151 rasura
772 3120 800 3152 l.
944 3119 973 3160 s)
1000 3131 1147 3162 namque
1173 3121 1202 3151 2.
1344 3119 1377 3162 8)
1412 3132 1504 3163 prop.
1533 3122 1616 3153 firm.
1644 3121 1673 3153 2.
1793 3120 1825 3161 l¹)
1855 3122 2062 3154 intendimus
2086 3120 2117 3153 2.
2235 3120 2257 3162 i)
2280 3132 2317 3154 as

129 3172 160 3202 in
190 3184 314 3204 rasura
341 3174 368 3205 1.

271 3276 302 3315 1)
331 3274 447 3317 Supra
475 3287 526 3308 nr.
546 3284 576 3311 8.
717 3280 752 3313 2)
780 3278 855 3323 Ego
881 3278 1105 3312 Echebertus
1131 3278 1456 3322 Pabembergensis
1482 3278 1674 3322 episeopus
1707 3289 1771 3322 per
1796 3278 1863 3313 hoc
1888 3278 2066 3323 seriptum
2089 3278 2213 3323 sigillo
2237 3289 2318 3313 meo

133 3330 312 3364 munitum
341 3331 422 3365 volo
450 3332 523 3366 fieri
545 3334 793 3370 manifestum.
822 3335 919 3379 quod
946 3338 981 3370 et
1009 3335 1072 3369 illo
1099 3335 1304 3369 iuramento
1330 3335 1521 3369 fidelitatis
1549 3337 1585 3369 et
1611 3335 1831 3370 obedientie.
1859 3335 1957 3378 quod
1982 3335 2020 3369 in
2044 3335 2318 3370 consecratione

132 3398 209 3421 mea
236 3388 475 3431 corporaliter
500 3391 656 3433 prestiti.
683 3394 853 3435 profiteor
878 3403 935 3426 me
961 3393 1077 3426 teneri
1104 3392 1149 3426 ad
1177 3392 1420 3426 obediendum
1447 3392 1561 3426 etiam
1579 3403 1688 3437 super
1706 3392 1855 3436 negotio
1879 3392 2036 3426 Romani
2053 3392 2198 3437 imperii
2216 3403 2318 3426 man·

132 3444 228 3478 ‹latis
254 3445 390 3479 domini
419 3458 524 3490 pape.
575 3448 676 3482 Unde
702 3449 768 3482 sub
795 3449 858 3483 illo
884 3449 1090 3484 iuramento
1116 3449 1277 3493 spondeo
1305 3451 1342 3483 et
1367 3448 1553 3493 promitto,
1580 3448 1678 3493 quod
1703 3460 1811 3493 super
1827 3450 1976 3493 negotio
1995 3449 2152 3484 Romani
2170 3448 2315 3493 imperii

132 3501 315 3535 mandatis
351 3502 488 3536 domini
525 3504 593 3537 mei
620 3516 714 3549 pape
739 3506 944 3539 innocentii
971 3505 1049 3540 sine
1074 3505 1202 3539 fraude
1228 3505 1363 3549 parebo
1391 3507 1436 3545 et,
1469 3517 1550 3539 cum
1576 3505 1622 3539 ab
1649 3517 1689 3540 eo
1715 3507 1866 3540 vocatus
1891 3506 2002 3547 fuero,
2029 3506 2192 3540 cessante
2217 3504 2315 3539 iusto

131 3559 394 3603 impedimento
421 3560 466 3593 ad
493 3562 715 3604 presentiam
743 3563 819 3596 eius
846 3562 1027 3597 accedam.
1077 3562 1251 3597 Mandavi
1279 3564 1447 3607 preterea
1474 3561 1662 3607 Leupoldo
1689 3562 1818 3597 clerico
1843 3573 1923 3597 mco
1949 3564 1986 3596 et
2010 3561 2225 3596 mandatum
2242 3573 2316 3597 non

130 3616 309 3650 revocavi.
337 3620 376 3650 ut
403 3617 606 3662 prescripta
631 3618 727 3653 iuret
751 3619 789 3653 in
814 3619 976 3653 animam
1001 3630 1129 3654 meam.

2354 1212 2385 1238 15

2352 1873 2385 1898 20

2356 2387 2388 2412 25

2352 3172 2384 3198 35

2350 3512 2384 3536 40

2501 0 2530 50 “ff-⁴.

2507 2588 2518 2606 ¹⁸

2523 2638 2532 2727 9⁴..
2523 2569 2532 2598 ,υ-

2522 3566 2526 3570 ’
2519 3011 2546 3543 ᾎΜ1Ἣ4υ;υδ·ψ
2523 2954 2547 2986 ,ι
2519 2911 2539 2940 §6¹
2521 2852 2543 2893 νιις
2521 2789 2534 2838 n*
2520 2769 2529 2775 ⁸
2524 2743 2529 2749 “
