2558 3970
90 1251 122 1275 10

89 1702 119 1727 15

89 2106 123 2132 20

91 2455 124 2480 25

91 2799 125 2824 30

95 3147 126 3172 35

98 3509 130 3536 40

648 134 890 170 FRIDERICI
921 135 962 169 ll.
990 134 1420 169 coNs'l'l'rU'l'ION1⁴38.
1473 135 1570 168 1231».
1623 134 1683 167 Nr.
1702 135 1779 167 213.
1807 134 1883 167 214.
2281 136 2361 174 289

308 255 371 293 11.
415 251 689 293 Generaliter
721 256 864 291 antem
906 251 1155 292 statuimus.
1202 256 1247 290 ut
1279 264 1427 289 «nunes
1468 249 1631 289 banniti
1668 250 1801 289 nostri
1840 249 2043 289 bannitiw
2077 249 2131 289 ab
2166 249 2362 288 ‹mmibus

157 321 403 364 civitatibus
437 324 479 362 et
512 319 694 375 singulis
727 320 885 360 nostris
919 319 1119 360 fidelibus
1154 318 1412 361 habeantur.
1449 318 1694 372 specialiter
1726 323 1990 363 statuentes,
2023 318 2136 372 quod
2173 318 2361 358 bannitis

157 390 312 432 nostris
345 404 472 430 omne
505 389 569 429 ius
603 393 688 429 tam
723 389 762 428 in
797 388 994 429 civilibus
1028 401 1154 442 quam
1191 387 1230 427 in
1258 387 1572 430 criminalibus,
1606 386 1742 426 donec
1778 388 1817 427 in
1854 387 1995 427 banno
2021 387 2193 433 fuerint,
2227 386 2360 427 ‹lene-

157 464 329 514 getur¹;
370 457 423 498 ad
465 458 606 499 officia
638 457 813 512 publica
847 458 886 497 in
922 455 1196 497 civitatibus5
1230 462 1304 495 aut
1347 456 1451 495 loeis
1485 455 1750 509 quibuslibet
1784 456 2031 496 nullatenus
2065 455 2359 496 mlmittantur.

159 527 208 569 In
249 541 403 583 penam
445 526 572 567 etiam
619 526 891 567 bannitorum
925 530 1170 566 nostrorum
1212 523 1459 567 adicimus*⁸
1509 528 1581 563 ut¹*
1614 524 1873 578 quicumque
1908 540 1960 564 ex
1997 526 2264 565 continnae-ia
2298 525 2361 564 vel

160 597 239 638 exb
272 610 404 637 causa
435 596 627 636 criminis
660 596 750 637 lese
785 595 1024 636 maiestatis
1059 598 1204 634 nostre
1240 593 1370 633 fuerit
1403 593 1444 632 in
1480 593 1635 637 banne,
1671 599 1711 632 et
1745 593 1875 632 alium
1913 593 2133 633 bannitum
2168 598 2361 633 nostrum

160 679 215 707 ex
260 665 412 707 eadem
455 679 584 706 causa
624 679 771 720 parem
805 665 872 705 vel
913 664 1122 704 maiorem
1165 661 1372 702 occiderit
1413 662 1478 701 vel
1519 661 1683 716 ceperit
1727 665 1769 700 et
1811 676 1907 701 eum
1942 663 2063 702 nobis
2100 663 2163 702 vel
2202 663 2361 702 vicario

160 738 306 775 nostro
347 733 654 788 assignaverit,
696 747 721 773 a
762 746 873 787 pena
914 732 1044 772 banni
1090 736 1300 786 perpetuo
1333 732 1386 771 sit
1419 731 1634 771 immunis.
1700 731 1905 772 Eamdem
1941 745 2117 785 penum,
2160 746 2286 785 quam
2323 732 2360 770 in

160 802 347 844 bannitis
380 803 624 853 statuimus,
658 803 698 842 in
734 801 1052 856 receptoribusc
1086 806 1128 841 et
1161 800 1503 855 quibuscumque
1538 800 1804 841 fautoribus‘¹
1841 800 2033 840 volumus
2068 800 2305 841 observari.

157 1213 281 1282 214.
320 1209 974 1281 PROVOGATH)
1008 1208 1150 1279 AD
1184 1208 1416 1279 UON(
1439 1208 1757 1278 *llllUM
1789 1206 2362 1276 (121⁴3Nlssl-{A1ffl2

1080 1334 1250 1390 (1239.
1290 1332 1452 1389 Μαι-ι-)

300 1482 553 1534 Ιῂήςίοῑαυι,
586 1494 711 1534 (suam
742 1480 866 1521 Puris
906 1493 1020 1522 (inim
1053 1479 1161 1520 mm
1201 1478 1446 1530 adscripsit,
1484 1491 1558 1518 nos
1597 1480 1733 1517 tamen
1773 1490 1866 1517 cum
1909 1476 1995 1516 viro
2039 1476 2097 1517 ill.
2129 1476 2279 1517 Ivi-ker
2311 1477 2367 1516 iul

155 1567 194 1594 a.
219 1552 331 1593 1239
353 1553 576 1604 ponentes,
614 1550 818 1603 'intem-am
849 1549 998 1591 ‹lanieis
1029 1563 1048 1589 c
1097 1548 1132 1604 l)
1165 1548 1297 1589 codice
1327 1546 1530 1588 Parisino
1561 1546 1655 1587 Lat.
1679 1547 1793 1586 ‹3567
1818 1546 1896 1600 sol.
1922 1541 2008 1594 71',
2040 1559 2157 1597 quem
2189 1546 2363 1586 cuntulit

156 1622 222 1663 vir
252 1621 302 1663 cl.
331 1619 539 1662 Molinier
580 1623 618 1661 ct
657 1633 776 1672 quem
813 1619 937 1660 ctiam
974 1617 1234 1659 IIecillarcleis
1273 1616 1475 1658 adhibuit.
1553 1616 1732 1669 Quocum
1773 1615 1959 1656 convenit
1985 1615 2074 1668 scre
2107 1617 2212 1655 tolus
2244 1615 2367 1655 evilm-

157 1690 328 1744 quidam
355 1688 628 1739 Comei-tinus,
651 1702 769 1742 quem
793 1688 1003 1730 Ralszizessus
1026 1688 1071 1728 in
1094 1686 1385 1728 miscellaneis
1407 1686 1444 1736 I,
1468 1687 1551 1726 480
1583 1685 1663 1738 (ccl.
1687 1686 1726 1727 2.
1760 1685 1796 1735 I,
1821 1685 1922 1735 194)
1956 1684 2146 1725 excussit.
2201 1683 2366 1725 Codices

157 1757 203 1815 2)
231 1758 578 1811 lVilhcrinyensis
618 1758 663 1798 in
690 1760 815 1810 parte
846 1758 909 1808 II,
941 1771 1002 1809 ep.
1030 1757 1094 1807 15,
1134 1769 1214 1809 qno
1253 1756 1338 1797 solo
1376 1768 1476 1796 usus
1514 1757 1574 1795 cst
1604 1754 1748 1804 Parte,
1789 1756 1826 1794 et
1858 1752 1902 1808 3)
1937 1752 2264 1793 Vimlobonensis
2287 1754 2368 1791 :390

156 1827 332 1883 (Philol.
356 1828 460 1881 305)
487 1826 566 1883 fol.
590 1823 664 1868 98‘
695 1841 756 1879 cp.
782 1828 864 1867 110
895 1829 1052 1868 textum
1080 1825 1256 1878 pessime
1287 1825 1529 1866 mzitilatzim
1552 1823 1770 1876 praebent.
1814 1848 1864 1852 —
1907 1822 2368 1863 Huillard-Brelmlles

166 1897 240 1948 VI,
259 1899 355 1939 276.
416 1896 611 1947 Bo'hmcr,
644 1896 745 1950 Res).
777 1896 876 1948 imp.
909 1895 954 1947 V,
976 1897 1102 1937 2428.
2011 1890 2081 1943 (P.
2105 1891 2201 1931 353.

303 2022 592 2065 Frederieusa
624 2027 704 2065 ete.
748 2022 1071 2065 venerabilibus
1105 2022 1147 2062 in
1181 2021 1354 2063 Christo
1398 2019 1595 2076 patribus
1638 2023 1916 2061 sacrosancte
1950 2018 2146 2059 Romane
2180 2017 2366 2058 ecclesie

160 2092 452 2134 cardinalibus
486 2096 567 2135 etc.

304 2161 629 2203 Conscienciam
662 2165 850 2203 vestram
863 2162 894 2211 b,
927 2161 962 2202 si
994 2160 1115 2202 salvo
1149 2159 1313 2216 pudore
1348 2159 1519 2200 iusticie
1552 2157 1790 2213 diligenter
1823 2156 2077 2211 exquiritur,
2111 2156 2246 2197 latere
2282 2170 2366 2196 non

159 2230 415 2283 credimus0‚
449 2230 636 2286 qualiter
668 2231 880 2272 hactenus
913 2229 967 2272 ad
1002 2230 1210 2271 honorem
1242 2229 1325 2270 Dei
1360 2232 1403 2270 et
1435 2231 1715 2270 sacrosancte
1739 2225 1963 2268 Romane‘l
1997 2225 2181 2267 ecclesie
2216 2225 2366 2265 matris

159 2304 310 2342 nostre·
340 2325 391 2330 —
426 2301 547 2342 cuius
579 2300 700 2342 velut
739 2299 972 2341 christiane
1014 2300 1125 2354 legis
1167 2303 1210 2340 et
1251 2297 1496 2340 orthodoxe
1538 2297 1639 2338 fidei
1682 2297 1897 2338 zelatores
1938 2295 2138 2336 devotum
2182 2296 2367 2335 fatemur

159 2383 238 2411 nos
259 2369 394 2410 filium
419 2373 462 2411 et
485 2370 719 2426 specialem
743 2369 1091 2424 recognoscimus
1115 2367 1407 2419 defensorem,
1438 2367 1558 2408 cuius
1584 2366 1746 2408 eciam⁰
1770 2379 1893 2406 sacra
1915 2363 2134 2405 misterias
2154 2363 2365 2405 catholice

161 2439 371 2480 colimus&
413 2443 457 2481 et
497 2442 589 2481 tota
632 2438 774 2481 cordis
817 2452 866 2480 ac
912 2438 1104 2494 corporis
1145 2437 1398 2479 reverencia
1435 2448 1693 2478 veneramur
1725 2460 1778 2465 —
1810 2433 1986 2489 grandis
2027 2433 2281 2474 humilitatis
2324 2437 2366 2473 et

158 2507 316 2564 pleneh
348 2508 631 2550 subiectionis
674 2509 800 2564 signa
839 2507 1198 2559 monstravimus,
1242 2505 1310 2547 uti
1341 2504 1495 2547 istamk
1536 2505 1649 2546 inter
1680 2518 1757 2545 nos
1791 2507 1834 2544 et
1873 2516 2087 2544 summum
2119 2502 2366 2557 pontificem

160 2576 483 2618 sanctissimum
515 2582 683 2633 patrem
715 2581 913 2619 nostrum
946 2576 1225 2618 dissentionis
1257 2574 1473 2617 horrende
1496 2574 1737 2624 materiam,
1772 2586 1900 2628 quam
1923 2586 2008 2613 non
2032 2572 2124 2612 sinc
2149 2570 2365 2612 dedecore

160 2646 355 2701 parcium
389 2646 451 2688 etl
482 2647 719 2688 universali
740 2646 989 2688 discrimine
1023 2646 1280 2702 populorum
1309 2644 1476 2699 vulgus,
1510 2657 1585 2699 pro
1608 2641 1760 2698 pudor,
1794 2640 2029 2682 ludibriose
2052 2640 2134 2681 iam
2162 2640 2364 2694 loquitur,

161 2713 349 2756 sedareln
394 2729 636 2770 possemus.
705 2715 828 2757 Necn
870 2715 1012 2757 adhuc
1056 2728 1199 2756 coram
1232 2714 1368 2765 vobis,
1417 2713 1489 2769 qui
1531 2712 1689 2768 positi⁰
1731 2715 1936 2765 tanquam
1977 2709 2205 2750 luminaria
2237 2723 2367 2764 super

162 2787 353 2826 montem
384 2785 538 2826 lucetis
576 2785 619 2826 in
659 2784 862 2840 gentibus
902 2788 944 2826 et
975 2785 1096 2826 velut
1129 2783 1358 2825 cardinesv
1390 2782 1491 2824 fidei
1523 2781 1675 2837 regitis
1712 2780 1916 2822 domum‘l
1949 2778 2050 2824 Dei,
2092 2779 2252 2819 referre
2290 2792 2366 2818 nos

161 2852 317 2894 devote
340 2853 650 2895 satisfactionis
679 2853 815 2910 pudet
836 2854 1038 2909 insignia,
1070 2867 1167 2909 que,
1192 2853 1322 2894 salvis
1345 2852 1620 2903 honoribusr,
1642 2850 1809 2892 iuribus
1833 2854 1876 2890 ct
1898 2847 2183 2903 dignitatibus
2207 2847 2365 2887 nostris

161 2927 516 2979 nostrorumqueS
546 2923 740 2966 fidelium
771 2927 860 2964 tam
892 2924 936 2965 in
974 2923 1156 2979 imperio
1191 2937 1320 2979 quam
1350 2923 1394 2963 in
1428 2922 1574 2977 regnis
1607 2921 1787 2970 nostris,
1829 2918 1989 2960 fuimus
2023 2916 2161 2958 eidem
2197 2915 2366 2956 domino

161 2992 275 3047 patri
305 2996 450 3034 nostro
483 2997 527 3035 et
549 3006 696 3034 sumus
726 2993 946 3035 humiliter
968 2993 1146 3035 offerret
1178 2992 1331 3049 parati,
1366 2992 1402 3033 si
1425 2996 1572 3033 tamen
1593 2991 1686 3046 ipse
1710 3003 1788 3031 nos
1811 2988 1945 3029 filium
1969 2985 2160 3027 caritatis
2185 2988 2366 3040 paterne

164 3060 311 3103 debita
341 3062 552 3103 relatione
586 3067 833 3117 cognoscat.
893 3061 1160 3103 Dubitantes
1193 3065 1508 3111 verumtamen,
1542 3073 1594 3101 ne
1628 3059 1697 3100 vel
1729 3072 1799 3099 res
1831 3057 1944 3098 inter
1965 3055 2071 3096 alios
2098 3058 2195 3095 acta
2218 3057 2368 3095 contra

163 3130 230 3172 ius
263 3131 470 3187 scriptum
491 3131 573 3173 iuri
595 3136 740 3173 nostro
763 3131 1017 3188 preiudicet,
1049 3132 1120 3173 vel
1143 3130 1196 3173 de
1227 3131 1443 3186 preteritis
1468 3130 1691 3171 coniectau
1724 3126 1911 3182 suspicio
1935 3138 2110 3165 causam
2135 3127 2366 3178 exasperet

300 3257 387 3292 213.
421 3257 462 3301 W)
487 3259 595 3292 nostri
619 3259 754 3293 banniti
779 3259 846 3292 des.
867 3258 896 3291 1.
1015 3257 1049 3300 x)
1075 3249 1262 3302 denegiitur
1289 3257 1318 3291 1.
1449 3257 1482 3299 y)
1509 3257 1646 3290 civitate
1671 3255 1702 3288 2.
1822 3252 1854 3294 Z)
1881 3252 2047 3286 edicimus
2074 3250 2104 3284 1.
2222 3253 2252 3291 ³)
2279 3252 2368 3293 quod

164 3317 246 3350 add.
265 3315 298 3349 2.
414 3315 447 3358 b)
472 3317 508 3349 in
531 3314 563 3350 2.
685 3316 717 3358 c)
742 3317 1010 3371 receptatoribus
1035 3315 1067 3349 2.
1188 3314 1221 3358 d)
1247 3316 1427 3349 fauoribus
1453 3315 1489 3356 1;
1515 3314 1702 3347 factoribus
1727 3311 1759 3345 2.

301 3383 388 3420 214.
422 3385 454 3428 ²)
480 3387 658 3420 Conradus
676 3385 706 3419 1.
733 3386 832 3425 Bam
855 3387 1050 3419 Fridericus
1069 3392 1133 3419 ete.
1159 3387 1330 3419 universis
1347 3385 1579 3418 cardinalibus
1596 3388 1658 3415 ete.
1678 3381 1710 3415 2.
1729 3380 1761 3414 3.
1858 3378 1890 3417 b)
1915 3378 2138 3412 Consciencia
2155 3382 2271 3410 nostra
2287 3376 2318 3410 2.
2336 3378 2367 3411 3.

165 3443 195 3485 0)
221 3445 280 3477 lat.
306 3456 338 3476 n.
365 3445 534 3478 credimus
559 3444 627 3477 des.
646 3442 678 3477 2.
704 3443 735 3477 3.
854 3442 888 3488 d)
913 3445 1083 3488 generalis
1108 3444 1189 3477 add.
1209 3443 1241 3476 2.
1267 3442 1299 3476 3.
1418 3441 1448 3484 e)
1474 3447 1508 3474 et
1531 3440 1562 3473 2.
1589 3440 1619 3473 3.
1737 3437 1767 3480 f)
1801 3437 2002 3470 humilitatis
2027 3441 2059 3469 et
2084 3436 2182 3478 plene
2209 3435 2261 3467 liic
2286 3435 2367 3467 add.

164 3502 254 3534 male
278 3499 309 3534 2.
335 3500 368 3534 3.
462 3503 496 3543 S)
522 3501 665 3534 calamis
689 3501 729 3543 2;
754 3503 922 3536 eredimus
948 3502 1030 3535 Bal.
1124 3500 1157 3543 h)
1182 3501 1322 3544 grandis
1350 3519 1390 3523 —
1416 3500 1516 3543 plene
1540 3496 1654 3531 (1812.
1673 3495 1705 3530 3.
1808 3493 1831 3537 i)
1859 3500 1893 3527 et
1916 3492 1947 3526 2.
1974 3492 2006 3526 3.
2100 3491 2134 3534 k)
2158 3493 2252 3525 illam
2278 3491 2309 3525 2.
2335 3491 2367 3525 3.

164 3557 191 3601 l)
215 3563 250 3592 et
267 3577 309 3581 —
325 3559 529 3602 populorum
553 3559 622 3591 des.
639 3558 672 3591 2.
697 3558 729 3591 3.
824 3559 866 3601 m)
893 3560 1008 3593 fedare
1032 3558 1064 3592 2.
1160 3557 1194 3601 ¹³)
1221 3558 1310 3591 deest
1326 3556 1359 3589 2.
1377 3555 1409 3590 3.
1504 3554 1536 3598 0)
1562 3555 1663 3598 positi
1680 3572 1724 3577 ——
1741 3553 1838 3586 velut
1861 3551 1929 3584 des.
1947 3548 1979 3582 2.
1998 3547 2031 3582 3.
2126 3548 2160 3590 P)
2186 3550 2319 3582 ordines
2337 3547 2367 3580 2.

165 3615 199 3658 ⁴1)
224 3616 352 3649 donum
375 3614 408 3648 2.
433 3614 465 3648 3.
581 3613 610 3657 1)
637 3615 726 3649 deest
751 3615 781 3650 l.
900 3615 928 3660 s)
954 3621 1217 3658 nostrorumque
1242 3633 1286 3639 —-
1311 3615 1436 3648 nostris
1460 3613 1529 3647 cles.
1547 3611 1579 3646 2.
1605 3611 1636 3646 3.
1755 3609 1781 3654 t)
1807 3611 1893 3642 ferre
1918 3606 1956 3649 3;
1991 3607 2080 3639 deest
2104 3605 2135 3639 2.
2232 3605 2264 3648 ¹¹)
2290 3617 2368 3638 eon-

166 3677 265 3717 cepta
289 3672 322 3707 2.
346 3671 378 3705 3.

302 3745 351 3769 LL.
379 3743 664 3770 CONSTITUTIONES
689 3746 724 3770 11.
2055 3724 2098 3758 37
