2558 3970
104 917 136 941 1⁰

108 1261 139 1287 15

109 1608 142 1634 20

706 151 948 187 FRIDERICI
978 152 1020 187 11.
1048 152 1478 188 CONSTITUTIONES.
1537 154 1631 188 1245».
1684 154 1744 188 Nr.
1763 153 1847 188 262:
2295 157 2374 196 365

1315 269 1543 325 presertim
1569 284 1663 311 cum
1689 284 1713 310 a
1736 269 1856 311 nobis
1888 277 2130 325 nunquamz
2155 270 2373 311 extiterit⁸

1314 339 1559 394 requisitus.
1623 338 1726 379 Post
1767 338 2024 380 discordiam
2060 353 2160 380 vero
2201 352 2376 379 censum

1316 406 1514 448 eumdem
1539 408 1837 461 consignatum
1872 407 2133 462 prelatorum
2159 413 2203 449 et
2226 413 2375 448 auten-

1316 475 1525 515 ticarumb
1570 490 1848 530 personarum
1893 476 2045 531 sigillis
2090 475 2203 532 apud
2249 475 2378 516 edes⁰

1317 558 1462 584 sacras
1507 544 1806 585 mandavimus
1849 544 2024 600 deponi.
2075 551 2116 584 nt
2159 544 2379 599 depositus

1317 612 1444 653 hodie
1479 613 1802 653 conservatur-⁶.

315 694 381 751 (9)
414 695 611 750 Apparet
652 693 981 735 nichilominus³
1014 694 1210 735 animosa
1252 693 1378 734 nimis
1419 697 1462 734 et
1495 694 1737 748 ampullosa
1769 708 1850 734 non
1887 694 2027 734 minus
2062 708 2115 734 ex
2150 695 2283 749 ipsius
2317 694 2378 734 in-

172 764 286 806 flicte
320 777 432 820 pene
466 762 726 805 severitates
755 763 991 814 sententia,
1037 777 1114 818 per
1147 777 1273 818 quam
1308 763 1544 818 imperator
1578 762 1822 813 Romanus.
1869 762 2102 818 imperialis
2138 770 2305 803 rector*3
2337 768 2380 803 et

173 833 370 875 dominus
404 831 688 883 maiestatis&
722 832 812 874 lese
844 832 1086 873 maiestatis
1121 831 1278 873 dicitur
1301 832 1481 872 crimine
1508 831 1864 886 condempnatus.
1900 846 2126 887 perquam
2151 831 2381 871 ridiculose

173 901 382 944 subicitur
423 902 526 958 legii
565 902 636 957 qui
678 901 845 956 legibus
880 901 1078 942 omnibus
1112 901 1392 957 imperialiter
1423 906 1489 941 est
1521 901 1731 950 solutus&
1773 900 1825 941 de
1858 915 1941 956 quo
1979 901 2237 955 temporales
2270 915 2380 955 pene

175 971 406 1020 sumende,
451 970 577 1012 cumk
609 970 892 1026 temporalem
934 969 1170 1011 homineni¹
1206 971 1470 1026 superiorem
1505 984 1588 1011 non
1622 969 1831 1020 habeatm,
1873 983 1955 1010 non
1991 976 2088 1010 sunt
2122 970 2161 1009 in
2198 970 2383 1013 homine.

175 1041 250 1083 sed
284 1040 325 1081 in
351 1039 488 1082 Deok.
550 1039 805 1096 Spirituales
837 1045 979 1081 autem
1014 1054 1149 1095 penas
1181 1054 1259 1096 per
1290 1040 1610 1082 sacerdotalesn
1644 1040 1768 1081 nobis
1802 1040 2065 1095 penitentias
2091 1038 2384 1084 indicendas‘2.

174 1114 261 1152 tam
295 1123 371 1166 pro
406 1114 658 1164 contemptu
703 1109 888 1151 clavium
922 1123 1048 1164 quam
1095 1124 1171 1166 pro
1206 1110 1302 1150 aliis
1337 1110 1693 1165 transgressionis
1728 1110 1914 1150 humane
1950 1110 2182 1164 peccatisl‘.
2226 1108 2382 1149 nedum

175 1193 200 1221 a
232 1192 396 1221 summo
440 1179 664 1234 pontifice.
707 1193 834 1234 quem
878 1179 919 1220 in
954 1179 1220 1234 spiritalibus
1263 1185 1431 1234 patrem
1464 1185 1656 1220 nostrum
1692 1187 1732 1220 et
1766 1179 2016 1220 dominumq
2051 1178 2315 1234 profitemur,
2351 1177 2385 1217 si

176 1253 324 1290 tamen
355 1248 449 1304 ipse
483 1255 583 1289 nosr
615 1247 748 1289 filium
781 1247 930 1289 debita
962 1248 1172 1289 relatione
1207 1254 1456 1303 cognoscat,
1491 1248 1565 1289 sed
1601 1263 1678 1304 per
1702 1248 1942 1304 quemlibet
1966 1247 2235 1288 sacerdotem
2263 1260 2386 1287 reve-

176 1323 322 1360 renter
364 1317 602 1372 accipimus
645 1322 687 1359 et
729 1316 885 1358 devote
931 1331 1169 1359 servamus.
1292 1317 1388 1372 (10)
1433 1317 1500 1358 Ex
1534 1318 1690 1373 quibus
1737 1318 1936 1358 omnibus
1971 1316 2222 1357 manifeste‘*
2255 1316 2387 1370 liquet

177 1386 312 1442 quodt
343 1387 485 1442 potius
519 1387 804 1441 ignominiose
838 1401 964 1442 quarn
990 1387 1100 1428 iuste
1126 1387 1350 1428 habendos
1373 1401 1451 1428 nos
1477 1387 1681 1428 duxeritu
1713 1387 1766 1428 de
1791 1386 2012 1427 katholica
2036 1385 2118 1426 fide
2146 1392 2387 1439 suspectos,

178 1469 307 1512 quam
339 1470 438 1505 nos,
476 1459 588 1498 teste
623 1462 820 1497 summoV
852 1455 1014 1507 iudice,
1058 1457 1099 1497 in
1134 1456 1332 1498 omnibus
1367 1462 1410 1498 et
1443 1456 1624 1512 singulis
1659 1456 1891 1498 eiusdemw
1923 1456 2115 1497 articulis
2149 1453 2384 1495 secundum

178 1526 467 1568 universalis*
499 1526 684 1568 ecclesie
728 1524 998 1581 disciplinam
1041 1530 1083 1566 et
1125 1525 1442 1582 approbatumy
1476 1540 1553 1581 per
1585 1525 1825 1567 Romanam
1868 1525 2124 1566 ecclesiamz
2159 1523 2388 1564 simbolum

179 1595 360 1638 firmiter
391 1594 607 1637 credimus
638 1598 682 1637 et
704 1594 958 1650 simpliciter
981 1594 1274 1636 confitemur&
1387 1592 1481 1650 (11)
1516 1594 1732 1636 Advertat
1756 1595 1886 1650 igitur
1917 1592 2147 1649 prudentia
2178 1591 2290 1639 tuab.
2327 1591 2389 1631 sic

179 1664 374 1721 predicta
406 1665 626 1706 sententia
657 1662 802 1705 nullad
834 1663 926 1719 ipso
950 1664 1057 1716 iure,
1092 1664 1237 1705 nullus
1262 1664 1356 1719 ipso
1381 1664 1472 1705 iure
1497 1677 1727 1719 processus
1753 1689 1801 1693 —
1830 1676 1914 1704 non
1939 1662 2078 1717 magis
2102 1662 2143 1701 in
2169 1665 2384 1701 nostrame

178 1747 306 1789 quam
340 1734 382 1775 in
415 1734 605 1776 omnium
639 1747 789 1789 regum
823 1737 868 1775 et
904 1733 1144 1789 principum
1177 1748 1227 1775 ac
1261 1733 1553 1789 quarumlibet
1586 1733 1846 1789 dignitatum
1891 1730 2215 1787 temporaliumf
2245 1731 2388 1785 perni-

116 1826 122 1829 .
180 1803 291 1845 ciem
324 1828 377 1833 —
411 1802 569 1845 debeat
610 1802 868 1855 observaric,
911 1809 1068 1858 quamg
1108 1802 1254 1844 nullah
1295 1810 1538 1844 nostrorum
1581 1801 1816 1844 Germanie
1861 1802 2125 1858 principum,
2171 1815 2196 1842 a
2238 1798 2391 1854 quibus

113 1954 145 1981 25

119 2321 152 2347 30

120 2694 152 2720 35

122 2981 156 3006 40

125 3269 157 3294 45

130 3553 163 3578 50

181 1872 419 1929 assumptio
462 1877 601 1914 status
643 1877 686 1914 et
726 1871 947 1928 depressio
991 1877 1138 1913 nostra
1177 1871 1431 1928 dependeti,
1476 1873 1698 1928 presentia
1730 1872 1798 1913 vel
1840 1869 2050 1913 consiliak
2082 1868 2393 1911 firmaverunt¹.

184 1941 400 1983 Advertat
433 1946 477 1984 et
508 1940 640 1983 aliud:
676 1942 814 1997 qualis
849 1955 904 1983 ex
937 1941 1032 1982 istis
1064 1941 1199 1983 initiis
1234 1942 1379 1983 exitus
1412 1944 1692 1997 expectetur!

512 2021 556 2065 Ο.
1262 2028 1316 2065 A.
2027 2019 2084 2061 Β.

245 2091 285 2134 A
309 2092 430 2134 nobis
454 2092 670 2148 incipitur,
705 2096 771 2134 set
801 2096 875 2134 tua

187 2166 230 2204 et
270 2161 452 2204 aliorum
498 2162 740 2218 principum
779 2161 872 2217 dig-

187 2231 299 2273 nitas
341 2232 492 2287 procul
540 2231 669 2272 dubio
702 2230 875 2272 concul-

190 2304 324 2342 catur.
403 2300 541 2342 Tuam
599 2314 703 2355 ergo
750 2300 874 2341 iusti-

189 2370 298 2411 ciam
331 2370 373 2410 in
397 2383 530 2411 causa
552 2375 700 2411 nostra
723 2368 874 2411 defen-

188 2438 274 2489 dis,
317 2438 395 2480 tibi
437 2442 481 2480 et
519 2439 603 2480 tuis
644 2438 877 2480 heredibus

192 2522 218 2549 a
248 2508 377 2563 longe
410 2507 690 2564 providendo.

324 2622 411 2658 262.
448 2623 476 2665 z)
503 2634 672 2666 nusquam
698 2621 848 2655 B2-4.

188 2737 221 2782 f)
246 2740 437 2791 severitatis
463 2739 495 2771 A
513 2738 550 2779 23
576 2739 766 2772 temeritate
790 2737 824 2770 Β
841 2736 874 2771 4.

190 2797 221 2830 A
241 2797 270 2831 1.
289 2797 327 2837 4;
353 2797 556 2830 manifestus
581 2797 613 2829 A
631 2796 669 2835 53
697 2797 788 2829 deest
810 2796 852 2828 Β.

188 2866 291 2898 usque
315 2856 398 2897 Deo,
425 2865 503 2888 cum
528 2858 630 2897 temp.
656 2865 725 2886 non
742 2854 822 2887 hab.
842 2854 1061 2896 superiorem.

189 2912 283 2945 dotes
310 2912 344 2945 Ο.
462 2911 495 2955 ⁰)
526 2912 758 2955 iniungendas
784 2911 816 2943 B
835 2911 864 2944 1.

190 2970 340 3003 humane
358 2970 491 3013 pietatis
508 2969 542 3002 B
557 2968 597 3011 ἒς
622 2969 954 3012 transgressionibus
972 2969 1119 3001 humane
1138 2969 1286 3012 peccatis
1304 2968 1337 3001 Β
1351 2967 1386 3010 3;
1412 2968 1695 3010 transgressionis
1716 2968 1864 2999 humane
1883 2966 2056 3009 potestatis
2072 2964 2104 2996 B
2117 2963 2147 2996 4.

902 3026 931 3067 r)
957 3036 1018 3058 nos
1044 3026 1116 3068 ipse
1142 3030 1181 3058 ut
1204 3025 1238 3058 Β
1256 3025 1284 3058 1.
1304 3025 1341 3063 4;
1369 3037 1430 3059 uos
1448 3027 1520 3069 ipse
1539 3025 1571 3057 B
1588 3025 1620 3058 2.
1638 3023 1677 3062 3;
1704 3026 1776 3067 ipse
1793 3024 1882 3056 deest
1903 3023 1934 3054 A
1956 3022 1983 3055 1.

1142 3082 1176 3124 u)
1195 3084 1318 3116 dixerit
1336 3083 1368 3115 A
1391 3084 1416 3116 l.
1437 3083 1468 3116 ι’).
1487 3084 1520 3115 Β
1540 3083 1575 3124 1;
1602 3083 1761 3115 duxerint
1779 3080 1856 3113 ΒΞ.
1875 3080 1912 3121 3;
1939 3081 2028 3112 deest
2046 3079 2075 3110 A
2093 3077 2123 3110 2.

190 3032 223 3059 et
246 3027 420 3060 dominum
445 3031 600 3059 nostrum
625 3026 658 3058 Β
679 3027 705 3059 1.
726 3025 757 3059 2.
776 3024 808 3058 4.

192 3084 224 3116 Α
240 3083 341 3119 3—5.

191 3141 224 3172 A
243 3141 342 3175 1—4.

193 3199 225 3230 A
243 3198 274 3233 3.
292 3199 325 3232 B
340 3198 447 3232 1—3:
474 3201 626 3233 Romane
646 3201 798 3233 ecclesie.

193 3256 412 3291 industria
437 3259 560 3301 regia
584 3258 627 3291 Β.

197 3370 231 3404 G.
248 3372 282 3404 A
301 3371 330 3405 1.
348 3371 380 3405 2.

195 3428 263 3462 des.
280 3429 313 3461 B
333 3429 430 3464 1-3.

196 3492 283 3519 nunt
306 3487 339 3519 A
355 3486 387 3520 4.
413 3487 445 3521 5.

196 3542 230 3584 P)
255 3544 438 3578 formidant
461 3545 495 3577 Β
510 3544 544 3578 4.

198 3601 283 3633 ciam
308 3602 527 3636 defendentes
554 3603 650 3635 vobis
674 3602 708 3635 Β
724 3601 755 3635 4.

495 3372 524 3415 e)
562 3378 680 3406 nostra
708 3373 743 3406 Ο.

339 3693 374 3736 1)
402 3691 446 3726 L.
464 3695 513 3727 31.
542 3692 624 3737 Diy.
646 3698 675 3736 1,
693 3696 723 3726 3.
750 3692 893 3726 ΗΕΒ.

414 3084 440 3127 ῒ)
466 3096 567 3128 quam
586 3086 656 3127 ign.
676 3083 706 3116 A
727 3083 765 3124 23
786 3085 821 3116 hi
839 3084 920 3116 add.
940 3083 972 3115 Β
985 3082 1016 3116 2.
1036 3082 1068 3116 3.

415 3141 455 3184 W)
481 3143 590 3175 eidem
610 3142 652 3181 Ο,-
676 3143 756 3174 fidei
772 3142 854 3174 add.
875 3140 907 3172 A
925 3139 957 3174 2.

518 3429 551 3471 h)
578 3431 666 3463 nulli
692 3431 724 3463 A
742 3429 782 3469 3;
809 3434 1003 3463 nostrorum
1029 3430 1120 3462 deest
1135 3429 1168 3461 A
1186 3428 1216 3461 2.

539 3488 582 3530 m)
609 3498 667 3531 per
691 3488 783 3530 ipsos
808 3487 891 3520 add.
911 3487 943 3518 A
961 3486 999 3527 23
1026 3486 1132 3528 possit
1156 3496 1216 3528 per
1241 3495 1298 3517 eos
1323 3485 1356 3516 A
1376 3484 1408 3517 3.

651 3544 684 3587 q)
709 3546 817 3588 igitur
841 3543 874 3576 Β
891 3543 923 3578 2.
947 3543 980 3577 4.

1003 2092 1044 2134 A
1067 2092 1192 2134 nobis
1218 2092 1438 2148 incipitur,
1464 2092 1540 2134 sed
1559 2107 1635 2148 pro

947 2166 1064 2203 certo
1091 2161 1317 2214 noveritis,
1340 2162 1454 2218 quod
1479 2163 1521 2203 in
1541 2162 1636 2203 aliis

951 2230 1129 2285 regibus
1155 2235 1198 2272 et
1221 2231 1490 2287 principibus
1513 2232 1635 2273 finie-

947 2303 1029 2351 tur,
1063 2314 1088 2341 a
1121 2300 1276 2355 quibus
1310 2301 1484 2357 publice
1508 2299 1667 2355 glori-⁴

948 2373 1075 2410 antur
1117 2370 1413 2412 resistentiam
1448 2370 1639 2424 aliquam

950 2438 1126 2479 minime
1160 2438 1410 2491 formidare,
1444 2440 1491 2490 si,
1526 2438 1639 2494 quod

952 2507 1087 2559 absit,
1135 2512 1320 2562 possetnn
1368 2511 1517 2548 nostra
1558 2520 1635 2562 po-

967 2622 998 2665 a)
1024 2628 1075 2656 est
1099 2622 1132 2655 Β
1153 2622 1188 2663 1;
1215 2624 1320 2655 fuerit
1344 2623 1377 2654 B
1393 2621 1424 2655 4.

985 2738 1018 2780 8)
1046 2739 1217 2781 imperii
1242 2744 1391 2771 auctor
1417 2738 1449 2770 Β
1469 2737 1572 2777 1-3;
1607 2737 1793 2780 imperialis
1819 2741 1939 2769 auctor
1965 2735 1997 2767 Β
2015 2734 2046 2767 4.

960 2794 983 2837 i)
1009 2796 1100 2829 deest
1118 2796 1150 2827 A
1168 2795 1208 2834 23
1233 2797 1301 2839 legi
1326 2796 1495 2829 subicitur
1520 2795 1552 2827 Β
1573 2794 1682 2827 1-4,

1134 2852 1159 2893 1)
1187 2854 1278 2886 deest
1295 2853 1327 2885 A
1345 2852 1383 2891 2;
1410 2854 1561 2886 ordinem
1587 2853 1619 2885 B
1636 2852 1666 2885 2.
1685 2852 1716 2884 3.

1532 2621 1564 2660 b)
1590 2622 1859 2665 publicarum
1885 2620 1917 2652 B
1935 2618 2036 2652 2—4.

188 2679 221 2725 d)
247 2687 281 2716 et
304 2682 403 2716 hodie
428 2682 619 2725 depositum
645 2682 841 2714 conservari
866 2680 952 2721 B1;
991 2686 1023 2714 et
1058 2681 1157 2714 hodie
1189 2682 1379 2724 depositum
1406 2686 1630 2713 conservatur
1654 2679 1687 2712 Β
1703 2679 1734 2711 3.

1767 2091 1806 2131 A
1857 2090 1982 2131 nobis
2036 2088 2258 2144 incipitur,
2320 2086 2397 2128 sed

1708 2160 1929 2210 noveritis.
1975 2157 2118 2213 quodn
2150 2157 2322 2198 finietur
2355 2156 2395 2196 in

1711 2229 1845 2278 vobis.
1880 2229 1992 2284 quia.
2027 2232 2172 2268 nostra
2204 2226 2396 2282 potentia

1712 2298 1941 2354 primitus⁰
1975 2297 2248 2346 conculcata,
2290 2294 2397 2336 resi-

1713 2367 1916 2408 stentiam
1959 2367 2145 2420 aliquam
2195 2379 2280 2406 non
2320 2378 2397 2405 ex-

1711 2441 1952 2491 spectantl‘.
2017 2434 2222 2475 Vestram
2267 2439 2400 2487 ergoq

1711 2505 1941 2546 iustitiam¹
1993 2504 2034 2544 in
2079 2508 2227 2544 nostra
2268 2514 2400 2542 causa

2143 2618 2171 2659 θ)
2197 2618 2292 2650 sedes
2318 2616 2350 2648 B
2372 2616 2400 2648 1.

1855 2679 1884 2718 e)
1911 2689 1990 2721 ergo
2018 2677 2049 2709 Β
2071 2678 2095 2709 1.
2116 2675 2152 2713 3;
2191 2676 2296 2718 igitur
2322 2674 2353 2706 B
2370 2673 2401 2706 2.

2158 2731 2190 2774 ¹¹)
2217 2732 2402 2764 manifestis

1789 2792 1819 2831 k)
1846 2794 1878 2825 A
1900 2792 1920 2825 2
1944 2804 2039 2826 verso
2065 2792 2201 2824 ordine:
2228 2802 2295 2823 non
2321 2795 2401 2822 sunt

1790 2853 1830 2893 ¹¹¹)
1859 2852 1956 2883 modo
1981 2850 2062 2883 add.
2082 2849 2114 2881 Β
2130 2848 2161 2882 4.
2234 2847 2268 2889 ¹³)
2295 2858 2403 2880 sacer-

982 2914 1014 2949 P)
1045 2911 1376 2954 transgressionibus
1401 2916 1435 2944 et
1459 2912 1607 2944 humane
1633 2917 1753 2942 nature
1780 2910 1928 2952 peccatis
1954 2907 2040 2946 1313
2078 2905 2405 2948 transgressionibus

1030 3139 1064 3182 x)
1092 3142 1323 3174 universalem
1343 3141 1374 3172 A
1396 3141 1423 3174 1.

1495 3142 1527 3181 y)
1551 3141 1772 3184 approbatam
1794 3140 1826 3171 (ζ’.
1844 3138 1876 3170 Β
1889 3138 1919 3170 3.

895 3198 926 3243 a)
953 3199 1151 3242 profitemur
1168 3198 1201 3230 B
1214 3198 1255 3240 45
1281 3200 1480 3242 profitemur
1497 3199 1696 3241 simpliciter
1715 3197 1746 3228 A
1763 3196 1792 3229 1.

723 3258 753 3299 ⁰)
781 3257 813 3289 Β
838 3257 902 3290 sic:
927 3257 959 3289 si
985 3257 1227 3299 predictam
1252 3257 1515 3289 sententiam
1541 3257 1632 3298 ipso
1658 3256 1751 3287 iure
1776 3254 1941 3286 nullam
1972 3252 2231 3293 nullumque
2258 3249 2408 3289 (nullum

192 3314 305 3356 ipsum
329 3316 403 3348 iure
427 3315 462 3357 4)
493 3327 742 3359 processum
768 3325 950 3348 servare
977 3325 1059 3347 non
1089 3314 1227 3346 minus
1260 3314 1295 3345 in
1323 3339 1329 3346 .
1353 3339 1359 3346 .
1381 3338 1414 3346 ..
1441 3313 1673 3356 perniciem
1700 3312 1942 3344 debeamus.

849 3371 879 3414 f)
917 3378 1018 3415 temp.
1045 3372 1137 3413 dign.
1160 3371 1192 3402 A
1212 3370 1242 3404 1.
1260 3370 1292 3404 2.
1310 3370 1340 3403 3.
1360 3370 1391 3403 5.
1417 3370 1468 3409 B,·
1499 3375 1705 3413 potestatum
1732 3369 1763 3400 A
1780 3367 1813 3401 4.

1301 3427 1325 3469 i)
1351 3428 1543 3471 dependent
1569 3427 1601 3458 A
1622 3426 1717 3459 1—3.

1491 3487 1521 3521 Π)
1548 3484 1710 3516 noveritis
1735 3483 1827 3525 quod
1850 3482 1919 3514 des.
1939 3480 1971 3512 Β
1985 3479 2017 3513 4.

1090 3542 1120 3586 r)
1146 3543 1311 3576 iustitiam
1336 3554 1405 3574 non
1431 3547 1497 3574 tam
1523 3547 1639 3574 nostra
1664 3546 1798 3573 tuentes
1823 3540 1920 3572 nobis
1943 3537 1976 3570 Β
1993 3537 2033 3578 23
2059 3538 2093 3569 in
2119 3547 2200 3569 casu
2226 3536 2289 3568 isto
2316 3534 2409 3566 iusti-

2221 2961 2254 3005 q)
2273 2967 2402 3005 patrem

2081 3020 2106 3063 Β)
2132 3020 2405 3053 manifestissime

2198 3077 2230 3118 V)
2248 3088 2405 3119 supremo

1993 3138 2021 3177 Ζ)
2042 3138 2113 3169 loco
2132 3147 2190 3179 per
2207 3137 2302 3167 Rom.
2321 3134 2404 3167 eccl.

1888 3195 1919 3236 b)
1947 3195 2170 3227 industria
2195 3192 2408 3227 vestraA;

2062 3307 2093 3350 d)
2120 3308 2218 3341 nulla
2241 3307 2409 3340 sententia

1923 3366 1955 3409 Β)
1987 3377 2091 3409 quam
2116 3385 2161 3388 —
2186 3365 2410 3397 firmaverunt

1802 3424 1835 3466 k)
1862 3425 2002 3457 consilio
2030 3424 2059 3455 A
2078 3422 2108 3456 3.
2190 3420 2216 3463 1)
2242 3421 2295 3454 laic
2321 3421 2409 3453 desi-

2104 3485 2135 3521 0)
2163 3479 2252 3511 deest
2277 3477 2310 3510 B
2327 3476 2358 3508 2.
2376 3476 2408 3508 3.
