2558 3970
203 145 274 184 178
730 140 972 174 FlllllElllCl
1003 140 1044 174 lI.
1071 140 1497 174 CONSTITUTIONES.
1550 140 1647 173 1230.
1697 139 1758 172 Nr.
1781 139 1855 173 141.

193 258 393 308 ιἠίιῃνιιυι
427 255 716 298 continentem,
748 270 851 306 qnae
883 255 1076 306 epistolae
1105 254 1313 306 pontificis
1343 253 1482 305 (infra
1513 267 1578 295 ην.
1604 254 1704 303 1219)
1739 254 1895 294 inserta
1926 253 2044 294 obvia
2073 256 2132 294 cst
2164 254 2209 294 in
2239 254 2380 295 editio-

193 325 312 364 nibus
346 327 387 365 3)
420 322 691 364 Bibliothecae
714 323 931 364 historicae
955 323 1127 363 Italicae
1149 322 1236 372 III,
1259 336 1306 373 2).
1330 322 1413 363 LX
1426 322 1513 363 VII
1528 336 1547 362 c
1568 322 1776 362 tabulario
1802 321 2067 365 Cremonensi
2088 324 2125 362 ct
2156 320 2200 376 4)
2233 322 2382 363 Valen-

192 393 270 432 tim·
302 393 361 431 ἸΙ
400 391 518 431 Liber
552 391 722 431 Poteris·
759 405 799 442 2).
824 395 877 430 59
916 407 935 432 e
967 390 1093 431 Libro
1130 391 1294 431 ,Poteris
1333 391 1556 432 Briarianso·
1596 394 1710 431 mut&
1743 390 1822 444 fol.
1847 394 1913 431 60.
1979 389 2096 430 Inest
2137 390 2380 431 mandatum

193 462 414 512 legutlorum
447 460 761 510 ‹zposlole'co›·2‹m
793 460 967 500 tertium.
1002 484 1054 488 —
1088 459 1545 500 Jluillard-]3›·‹³leolles
1575 459 1663 509 III,
1683 460 1769 500 218
1799 471 1863 498 nr.
1890 457 2014 499 XVI.
2065 457 2258 508 Bo'hmer,
2281 458 2378 511 Ray.

194 529 287 579 imp.
323 527 366 577 Γ,
392 531 512 569 1617.
2027 525 2097 579 (P.
2118 527 2238 575 273.)

335 630 422 670 Nos
446 630 528 671 Dei
562 631 699 685 gratia
735 663 743 672 .
770 637 799 670 Β·
832 630 1100 671 Arelatensis
1133 629 1498 685 archiepiscopus,
1534 661 1541 669 .
1567 663 1575 671 .
1604 629 1913 670 Wintonionsis
1947 633 1990 670 ct
2013 628 2070 669 M.
2093 628 2380 670 Beluacensis

193 699 383 754 episcopi
418 700 605 754 requisiti
649 714 672 739 a.
707 698 1024 739 venerabilibus
1058 698 1253 753 patribus
1288 697 1518 752 I(ol1annc)
1552 697 1634 738 Dei
1666 698 1804 752 gratia
1843 698 2045 752 episcopo
2077 697 2304 738 Sabinensi
2339 702 2382 739 et

193 768 357 807 Thema
393 768 503 808 tituli
528 770 686 808 Sancte
713 767 872 808 Sabine
907 767 1160 822 presbytero
1195 766 1414 817 cardinali,
1447 766 1681 821 apostolice
1715 765 1828 806 sedis
1861 766 2030 820 legatis,
2063 770 2109 806 ut
2141 780 2269 821 super
2301 765 2381 806 hiis

194 851 274 890 que
301 836 351 877 de
377 850 579 890 processu
605 837 791 890 ipsorum
818 836 857 876 in
882 836 1055 890 negotio
1079 835 1365 876 absolutionis
1390 834 1550 875 domini
1575 835 1844 889 imperatoris
1870 834 2110 875 audivimus
2133 837 2175 874 et
2198 833 2380 875 vidimus

193 905 505 945 testimoniales
552 905 712 945 litteras
755 904 1059 953 scriberemus,
1105 904 1157 944 ad
1198 918 1466 945 communem
1500 902 1753 944 deducimus
1794 903 2006 951 notitiam,
2050 902 2163 957 quod
2195 901 2380 958 predicti

193 973 351 1013 domini
387 973 517 1027 legati
551 973 721 1014 domino
766 974 1014 1028 imperatori
1055 973 1251 1014 fecerunt
1289 971 1491 1013 mandata
1524 972 1768 1026 subscripta
1801 972 1842 1012 111
1875 971 1987 1012 1111110
2021 970 2213 1012 1110(111111;
2250 970 2382 1012 ‘Nosb

196 1041 449 1095 lgoliannes)
483 1041 566 1082 Dei
610 1042 749 1096 gratia
791 1041 1044 1083 Sabinensis
1085 1043 1313 1096 episcopus
1355 1045 1398 1081 et
1441 1039 1670 1095 Th(0mas)
1715 1040 1866 1081 eadem
1908 1040 2047 1095 gratia
2079 1040 2191 1080 tituli
2225 1039 2381 1080 Sancte

195 1110 351 1150 Sabine
386 1111 612 1165 presbyter
646 1110 886 1161 cardinalis,
919 1110 1153 1165 apostolice
1189 1109 1302 1151 sedis
1326 1109 1470 1164 legati,
1503 1109 1758 1150 auctoritate
1782 1108 1942 1150 domini
1970 1123 2080 1164 pape
2104 1108 2383 1150 mandamus⁰

194 1178 362 1219 domino
398 1179 666 1233 imperatori,
701 1179 843 1233 quodd
876 1193 960 1219 non
994 1178 1201 1234 impediat
1233 1192 1309 1233 per
1342 1192 1388 1219 se
1422 1178 1492 1219 vel
1524 1192 1601 1232 per
1633 1177 1783 1227 alium,
1818 1179 1918 1232 quin
1952 1177 2200 1228 electiones,
2233 1181 2381 1233 postu-

194 1249 374 1288 lationes
414 1255 455 1288 et
498 1249 844 1290 confirmationes
886 1249 1189 1295 ecclesiarum,
1235 1249 1590 1289 monasteriorum
1623 1248 1664 1288 in
1697 1247 1850 1302 Regno
1884 1246 2015 1287 libere
2047 1246 2151 1286 fiant
2183 1245 2382 1288 decetero

195 1316 429 1357 seeundum
464 1322 625 1357 statuta
656 1318 824 1358 concilii
855 1317 1084 1371 generalis.
1147 1317 1257 1358 Item
1291 1321 1337 1357 ut
1368 1316 1596 1357 comitibus
1621 1315 1934 1357 Celanensibus
1967 1315 2010 1356 et
2041 1315 2138 1355 filiis
2171 1315 2383 1370 quondam

194 1385 400 1425 Renaldi‘·
448 1386 499 1426 de
542 1386 710 1427 Auersa
755 1387 991 1427 satisfaciat
1039 1385 1274 1427 secundum
1322 1386 1503 1426 formam
1550 1384 1866 1439 compositionis
1908 1385 1950 1424 in
1997 1384 2077 1424 hiis
2116 1397 2190 1438 pro
2229 1383 2382 1438 quibus

195 1454 379 1494 ecelesia
411 1454 636 1495 fideiussit.
698 1455 808 1496 Item
840 1460 883 1495 ut
907 1455 1146 1496 satisfaciat
1168 1455 1218 1495 de
1243 1454 1490 1503 mobilibus,
1523 1453 1701 1505 iniuriis,
1736 1453 1933 1508 dampnis
1959 1453 2088 1494 illatis
2110 1452 2382 1508 Templariis,

196 1522 524 1577 Hospitalariisf
555 1529 596 1564 et
629 1525 721 1564 aliis
755 1525 951 1578 personis
985 1524 1305 1574 ecclesiasticis,
1341 1523 1534 1563 terminis
1570 1522 1912 1577 competentibus
1945 1521 1997 1562 ab
2031 1522 2216 1562 ecclesia
2247 1522 2380 1577 assig-

195 1590 361 1632 nandis.
422 1591 531 1632 Item
565 1592 675 1646 quod
708 1608 731 1633 a
765 1593 833 1634 dic
867 1593 1152 1634 absolutionis
1186 1606 1321 1647 usque
1355 1591 1408 1632 ad
1442 1595 1536 1632 octo
1571 1605 1740 1632 menses
1773 1595 1924 1631 caveat
1956 1591 2139 1632 ecclesie
2164 1590 2383 1632 bona-fide

194 1675 270 1714 per
302 1659 576 1701 fideiussores
609 1661 802 1715 ydoneos
836 1666 878 1702 et
909 1662 1070 1702 iuratos
1105 1661 1344 1717 principes,
1387 1661 1566 1701 comites
1599 1665 1642 1701 et
1673 1660 1857 1701 barones
1890 1658 2163 1700 Theotonieg
2194 1663 2237 1700 et
2269 1673 2384 1700 com-

195 1729 337 1769 munia
372 1729 592 1770 civitatum
625 1729 906 1781 Lombardie,
940 1729 1138 1781 Tuscieh,
1172 1729 1386 1779 Marchie,
1427 1729 1698 1783 Romagnole
1731 1732 1772 1769 et
1804 1727 2037 1769 earundem
2069 1728 2385 1783 provinciarum

195 1797 475 1849 marchiones,
511 1798 690 1839 comites
724 1803 767 1839 et
798 1799 993 1847 barones,
1031 1813 1137 1853 quos
1170 1798 1356 1839 ecclesia
1388 1797 1638 1847 nominabit,
1671 1797 1743 1852 qui
1773 1796 1826 1838 ad
1856 1797 2181 1851 requisitionem
2203 1797 2386 1838 ecclesie

198 1871 425 1907 teneantur
466 1867 670 1908 assistere
710 1868 894 1908 ecclesie
937 1872 1086 1908 contra
1130 1868 1249 1907 illum
1291 1867 1428 1908 donec
1468 1867 1722 1917 satisfaciat,
1770 1866 1804 1906 si
1843 1865 2045 1907 mandata
2087 1865 2269 1907 ecclesie
2302 1880 2386 1907 non

200 1936 435 1976 servaverit
476 1937 542 1976 vel
590 1950 739 1990 pacem
782 1936 959 1991 fregerit
1000 1951 1076 1977 seu
1121 1940 1279 1976 terram
1321 1936 1504 1977 ecclesie
1545 1936 1613 1976 vel
1651 1949 1797 1976 eorum
1844 1938 2001 1985 terras,
2042 1934 2165 1989 quosi
2203 1934 2388 1976 ecclesia

200 2009 318 2044 tenet
351 2003 403 2044 ad
437 2019 588 2045 manus
622 2019 733 2056 suas,
766 2005 835 2046 vel
866 2019 1070 2059 personas
1095 2019 1239 2046 eorum
1265 2005 1442 2060 ceperit,
1475 2005 1695 2060 occuparit
1717 2018 1794 2045 8011
1817 2003 2066 2054 devastarit,
2100 2007 2142 2044 et
2171 2003 2280 2044 infra
2301 2007 2388 2045 tres

198 2087 383 2124 menses,
417 2073 451 2113 si
484 2073 613 2114 fuerit
644 2074 684 2114 in
717 2074 883 2128 Regno,
918 2074 952 2114 si
984 2075 1026 2114 in
1059 2073 1217 2125 Ytalia‚
1250 2074 1361 2114 infra
1393 2077 1609 2128 quattuor,
1643 2073 1678 2113 si
1710 2077 1855 2114 autem
1890 2076 2014 2113 extra
2046 2072 2249 2123 Ytaliam,
2280 2072 2389 2113 infra

199 2141 382 2194 quinque
424 2156 473 2181 ea
515 2156 597 2182 non
637 2141 807 2182 duxerit
849 2142 1136 2190 emendanda:
1178 2147 1221 2183 et
1259 2156 1387 2197 super
1429 2142 1509 2182 hoc
1548 2141 1713 2183 dabunt
1745 2141 1928 2182 ecclesie
1967 2145 2106 2182 cartas
2150 2139 2279 2182 suask
2312 2154 2388 2182 suo

199 2210 338 2263 sigillo
379 2211 580 2250 munitas.
651 2211 919 2265 Iniungimus
962 2225 1131 2266 quoque
1174 2211 1234 2262 ei,
1280 2211 1393 2265 quod
1431 2211 1541 2251 infra
1581 2209 1823 2264 quindecim
1866 2209 1958 2251 dies
1996 2213 2159 2251 certum
2193 2210 2388 2250 nuntium

198 2279 339 2319 mittat
372 2279 424 2319 ad
457 2279 633 2328 curiam,
666 2280 737 2334 qui
771 2280 950 2334 recipiat
982 2280 1154 2320 nomina
1186 2280 1358 2320 illorum
1392 2293 1569 2334 quorum
1602 2278 1921 2320 fideiussionem
1946 2277 2154 2333 requiret¹
2187 2279 2386 2320 ecclesia.

200 2347 294 2387 Hcc
330 2352 471 2387 autem
507 2348 752 2402 supradicta
785 2349 1036 2389 mandamus
1071 2349 1122 2398 ei,
1157 2348 1351 2388 omnibus
1385 2347 1654 2388 cautionibus
1677 2348 1719 2388 in
1743 2362 1820 2388 sua
1842 2348 2090 2402 integritate
2113 2347 2388 2388 manentibus

200 2416 297 2455 olim
333 2417 560 2470 prestitisnl
596 2431 671 2471 pro
705 2418 877 2472 negotio
911 2417 1045 2458 Terre
1081 2417 1252 2467 Sancte,
1285 2421 1331 2457 ut
1354 2431 1429 2472 pro
1452 2417 1526 2457 illo
1550 2417 1791 2457 satisfaciat
1814 2416 2049 2457 secundum
2068 2416 2180 2470 quod
2203 2416 2389 2457 ecclesia

201 2484 426 2525 ordinabit.
492 2484 537 2524 Si
570 2485 671 2539 quid
705 2491 860 2527 autem·
882 2501 906 2526 a
940 2487 1062 2527 nobis
1095 2500 1171 2540 per
1192 2486 1517 2540 occupationem
1550 2485 1643 2525 vel¹¹
1675 2485 1882 2526 incuriam
1915 2489 1981 2526 est
2003 2485 2207 2525 omissum
2230 2484 2282 2525 de
2306 2484 2387 2525 hiis

200 2567 280 2607 que
316 2552 516 2594 mandare
554 2553 797 2603 debuimus.
841 2554 1011 2595 domino
1053 2570 1162 2610 pape
1202 2552 1501 2595 1·ese1·vetur⁷0.
1564 2553 1632 2594 Ad
1674 2554 1753 2595 hec
1786 2554 2141 2609 protestationem
2173 2554 2387 2609 quandam

199 2622 396 2663 fecerunt
427 2623 469 2662 in
503 2622 613 2662 hunc
646 2623 836 2663 modum:
879 2623 1187 2664 ‘Protestamur
1218 2622 1331 2677 quod
1364 2623 1560 2663 dominus
1593 2637 1704 2677 papa
1736 2623 1826 2663 vult
1857 2623 1937 2664 sibi
1971 2623 2140 2664 restitui
2172 2637 2387 2678 expensas

201 2705 305 2745 quas
340 2702 463 2731 extra
487 2691 684 2745 Regnum
717 2696 866 2732 coacta
889 2697 954 2732 cst
978 2691 1161 2732 ecclesia
1184 2693 1325 2732 facere
1360 2706 1436 2746 pro
1461 2691 1758 2732 ecclesiastica
1781 2691 1979 2732 libertate
2003 2699 2081 2732 acI‘
2104 2691 2219 2732 beati
2243 2691 2390 2732 Petriq

199 2759 454 2814 patrimonio
495 2760 831 2802 conservandis.
893 2761 1362 2802 Excommunicationis
1395 2774 1564 2815 quoque
1598 2761 1857 2801 sententiam
1890 2760 2277 2815 pronuntiaverunt
2309 2759 2389 2801 sub

201 2829 279 2868 hac
314 2830 467 2869 forma:
503 2828 561 2869 ·Si
594 2828 790 2870 dominus
822 2830 1068 2884 imperator,
1101 2834 1230 2884 prout
1261 2830 1497 2870 iniunctum
1531 2832 1596 2869 est
1629 2830 1680 2880 ei,
1714 2843 1792 2884 per
1819 2829 2094 2870 fideiussores
2120 2843 2204 2869 non
2228 2828 2390 2870 caverit

200 2896 312 2936 bona
343 2896 446 2938 fide.
480 2898 513 2937 si
548 2897 656 2937 viam
690 2898 807 2952 pacis
841 2912 923 2952 que
956 2897 1201 2938 invenietur
1233 2912 1310 2952 per
1342 2911 1610 2939 communem
1646 2902 1912 2938 contractum
1940 2898 2008 2939 vel
2040 2911 2118 2953 per
2149 2897 2386 2949 arbitrium,

202 2972 323 3019 prout
356 2966 397 3004 in
430 2966 564 3005 forma
597 2967 918 3021 compositionis
952 2968 1208 3014 continetur,
1242 2980 1326 3006 non
1360 2966 1674 3016 observaverit,
1710 2965 1743 3006 si
1769 2971 1928 3007 terram
1953 2966 2135 3007 ecclesie
2156 2966 2226 3007 vel
2248 2970 2386 3007 terras

203 3047 367 3073 eorum.
408 3048 511 3087 quos
544 3035 729 3075 ecclesia
762 3040 879 3076 tenet
911 3035 964 3075 ad
997 3049 1146 3075 manus
1181 3048 1293 3081 suas,
1329 3035 1394 3075 vel
1428 3048 1637 3089 personas
1671 3049 1818 3075 eorum
1852 3035 2024 3088 ceperit,
2058 3034 2280 3089 occuparit
2312 3048 2388 3075 seu

203 3101 457 3142 devastarit.
498 3102 589 3156 ipso
622 3104 734 3143 facto
770 3104 1029 3143 sententiam
1063 3103 1518 3143 excommunicationis
1564 3103 1772 3154 incurrat,
1811 3117 1935 3157 quam
1970 3116 2140 3143 exnunc
2173 3103 2215 3143 in
2247 3103 2388 3158 ipsum

203 3170 379 3209 ferimus
413 3171 668 3211 auctoritate
704 3171 865 3211 domini
899 3170 1038 3226 pape'.

345 3238 456 3277 Acta
488 3243 585 3278 sunt
617 3238 695 3279 hcc
727 3239 839 3293 apud
863 3240 1066 3281 Sanctam
1091 3239 1254 3280 Iustam
1284 3240 1426 3280 iuxtar
1450 3240 1734 3295 Ceperanum,
1767 3254 1879 3281 anno
1903 3239 2076 3281 Domini
2099 3239 2387 3292 MOOXXX⁸,

204 3306 245 3345 in
278 3307 387 3345 festo
423 3307 557 3346 sancti
591 3307 857 3361 Augustini&

343 3394 425 3430 141.
458 3402 490 3437 ὃ)
518 3422 523 3429 .
553 3423 558 3428 .
585 3398 650 3429 des.
672 3397 723 3431 1'.
747 3399 778 3431 2.
919 3398 952 3441 b)
978 3400 1100 3432 abhinc
1125 3400 1155 3432 3.
1182 3397 1214 3431 4.
1355 3402 1385 3440 0)
1413 3401 1618 3443 precipimus
1643 3399 1674 3432 3.
1701 3398 1739 3441 4.ἱ
1878 3398 1910 3440 d)
1937 3400 2026 3442 quod
2053 3417 2094 3421 —
2120 3401 2263 3432 ecclesia
2285 3400 2390 3442 assig-

205 3455 335 3485 nandis.
387 3455 466 3485 110111
494 3454 560 3486 des.
587 3453 617 3486 3.
645 3454 675 3486 4.
792 3461 819 3493 ὃ)
846 3458 998 3489 Reuaudi
1024 3458 1055 3488 2.
1175 3456 1204 3496 f)
1231 3457 1421 3498 hospitaliis
1447 3458 1479 3489 2.
1573 3458 1607 3497 8)
1633 3458 1823 3490 Theutonie
1850 3457 1886 3497 23
1919 3457 2147 3489 'I'heutonicos
2172 3456 2203 3489 3.
2297 3454 2331 3497 h)
2357 3461 2391 3488 et.

204 3512 283 3542 add.
304 3512 334 3542 2.
360 3510 390 3542 4.
509 3510 531 3551 i)
547 3523 641 3553 ,quas
666 3512 696 3543 3.
723 3511 752 3543 4.
895 3512 928 3553 k)
955 3514 1043 3546 dees!
1068 3513 1098 3545 4.
1239 3512 1263 3554 l)
1290 3514 1429 3554 requirit
1455 3515 1484 3545 2.
1628 3514 1668 3554 ¹¹¹)
1696 3515 1888 3556 prescriptis
1914 3513 1945 3546 4.
2062 3513 2094 3553 ¹¹)
2120 3525 2179 3556 per
2202 3513 2283 3545 add.
2302 3512 2332 3545 3.
2357 3511 2389 3545 4.

206 3570 236 3609 Ο)
263 3569 393 3609 reliqua
419 3569 486 3600 cles.
505 3568 534 3599 3,
561 3566 592 3599 4.
688 3575 717 3605 1¹)
743 3577 773 3601 01
803 3569 850 3601 1“.
947 3578 976 3612 (1)
1002 3571 1092 3603 deest
1120 3570 1167 3603 1⁶.
1264 3572 1291 3612 r)
1317 3572 1413 3603 iuxta
1439 3573 1651 3614 (leperanum
1678 3571 1745 3604 cles.
1766 3570 1795 3603 1.
1897 3570 1925 3613 ⁸)
1952 3571 2127 3604 millesimo
2153 3571 2318 3603 CCXXX.
2339 3568 2390 3602 1⁸.

205 3627 230 3664 t)
258 3625 416 3668 Agustini
444 3625 493 3657 1⁴.

2418 911 2449 935 10

2421 1253 2451 1277 15

2422 1602 2455 1627 20

2423 1943 2455 1968 25

2425 2287 2458 2313 30

2425 2631 2457 2656 35

2424 2973 2458 2998 4⁰

2426 3316 2458 3342 45

2425 3632 2458 3659 50
