2558 3970
0 1327 6 1344 l

15 1327 59 1345 ‘lu'-

142 162 221 200 546
271 159 504 193 EPISTOLA
532 158 591 192 DE
620 157 895 192 LEGATIONE
921 158 1187 192 PRINCIPUM
1206 158 1269 192 AD
1288 158 1551 193 ALFONSUM
1568 158 1797 194 ELECTUM
1816 160 1965 195 MISSA.
1993 162 2089 196 1257.
2117 165 2180 199 Nr.
2197 165 2305 200 395a.

848 337 1019 404 3952.
1078 334 1619 406 EPISTOLA

468 436 609 506 DE
672 435 1310 507 LEGATIONE
1363 437 1987 510 PRINCIPUM

344 539 489 608 AD
546 537 1158 609 ALFONSUM
1210 539 1730 612 ELEOTUM
1786 541 2125 613 MISSA.

1002 664 1193 721 (10257.)
1232 665 1358 724 Aug.
1384 666 1462 712 23.

273 796 462 837 Sem-avit
491 796 613 837 codex
645 796 872 837 ,Parisinus
904 797 975 837 lat.
999 798 1139 837 17193
1169 809 1270 838 saec.
1293 797 1447 838 XVII.
1479 797 1550 849 fol.
1573 798 1696 848 2131,
1728 798 1798 839 ubi
1821 799 2017 840 rubrum:
2049 800 2245 855 Epistola
2275 801 2326 844 E.

137 866 322 920 episcopi
364 864 706 906 Constantiensis
747 866 799 906 ad
842 866 1136 920 praepositum
1175 865 1477 907 Basiliensom.
1550 866 1701 907 Edidit
1742 869 1779 907 et
1819 868 2051 909 illustravit
2091 870 2329 921 nuperrime

138 934 198 973 νίν
239 934 284 974 cl.
323 934 540 974 (ku-aldus
571 934 741 975 Redle'clz
786 935 828 974 in
865 933 1202 987 ‘flltttleeaslmzyen
1243 935 1312 975 des
1352 935 1560 975 Instituts'
1592 934 1718 986 XVI,
1743 936 1823 976 659
1861 937 2083 978 secundum
2119 939 2330 990 exemplar

137 1003 215 1042 riri
245 1002 281 1042 d.
314 1002 491 1053 Dopsele.
554 1002 618 1043 Dc
650 1003 848 1054 {effatione
872 1004 1115 1055 principum
1147 1002 1201 1057 cf.
1223 1016 1353 1056 supra
1378 1017 1422 1055 p.
1449 1004 1532 1044 502
1562 1017 1648 1055 cap.
1672 1005 1738 1045 29.
1948 1005 2019 1058 (P.
2041 1006 2183 1060 deest.)

273 1105 591 1160 Erberhardus)
627 1105 695 1147 dei
727 1107 867 1160 gratia
892 1106 1239 1147 Constantiensis
1273 1107 1501 1162 episcopus
1535 1121 1611 1148 suo
1645 1107 1908 1163 praedilecto
1930 1108 2176 1164 H(einrico)
2199 1124 2325 1165 prae-

135 1175 274 1229 posito
307 1173 541 1215 Basiliensi
576 1175 758 1215 salutem
792 1180 834 1215 et
866 1175 1023 1215 amoris
1057 1176 1378 1216 incrementum.

274 1242 381 1298 Spes
415 1244 567 1298 premii
601 1243 800 1284 solatium
836 1248 902 1284 est
933 1243 1108 1284 laboris.
1169 1244 1276 1285 Post
1307 1245 1481 1286 labores
1516 1248 1558 1285 et
1589 1259 1818 1286 aerumnas
1853 1246 1925 1286 vix
1957 1246 2192 1287 narrandas
2225 1261 2322 1303 per-

96 1324 117 1345 ³-
135 1312 330 1352 venimus
365 1312 405 1351 in
438 1313 701 1353 assumtione
737 1317 913 1353 sanctae
937 1312 1102 1353 Mariae
1136 1313 1312 1367 virginis
1345 1312 1457 1368 apud
1482 1312 1666 1367 Burges,
1699 1314 1772 1354 ubi
1806 1328 1909 1357 cum,
1933 1314 2326 1370 magnaffsolemni—

134 1386 221 1421 tate
255 1381 348 1435 ipso
383 1395 484 1435 rege
517 1381 643 1421 nobis
677 1395 772 1421 cum
806 1381 1039 1422 baronibus
1072 1382 1244 1423 obviam
1264 1382 1467 1423 veniente
1491 1382 1656 1436 recepti
1691 1395 1837 1422 sumus
1861 1383 1981 1423 vultu
2015 1396 2167 1424 sereno
2194 1384 2326 1425 affec-

133 1460 221 1490 tum
256 1449 395 1490 cordis
429 1454 692 1504 praestante.
756 1450 858 1490 Post
898 1450 988 1490 dies
1031 1454 1176 1491 autem
1215 1455 1300 1491 tres
1342 1465 1485 1492 coram
1521 1448 1687 1506 [ιέςθ]α
1721 1450 1899 1492 sedente
1939 1452 1981 1492 in
2022 1452 2176 1493 throno
2209 1453 2324 1508 prin—

134 1519 272 1573 cipun]
307 1518 540 1559 electorum
574 1518 719 1558 nuncii
752 1517 1040 1572 procedentes
1065 1519 1322 1560 electionem
1347 1519 1399 1560 de
1433 1519 1524 1573 ipso
1548 1532 1648 1573 rege
1671 1519 1830 1560 factam
1863 1519 2150 1574 publicarunt,
2175 1520 2324 1563 decre-

134 1592 222 1627 tum
257 1587 477 1628 electionis
520 1586 813 1635 ostendendo,
855 1587 1008 1628 litteris
1051 1588 1280 1628 multorum
1324 1588 1589 1642 principum,
1632 1587 1788 1628 litteris
1823 1588 1953 1629 etiam
1992 1588 2153 1630 domini
2188 1604 2328 1646 papae

133 1656 255 1696 lectis
287 1655 459 1698 ibidem.
493 1656 648 1710 quibus
683 1655 896 1696 monendo
931 1657 1146 1711 persuasit
1180 1656 1444 1698 electoribus
1476 1657 1590 1697 hunc
1614 1670 1763 1711 regem
1798 1657 1841 1696 in
1865 1656 2158 1699 Romanorum
2182 1672 2328 1714 regem

132 1739 233 1779 prae
267 1725 422 1766 ceteris
457 1724 746 1779 eligenduni2.
810 1725 893 1766 Hic
926 1739 1074 1779 regum
1111 1726 1255 1765 nuncii
1289 1726 1504 1767 solemnes
1537 1724 1793 1777 Bohemiae,
1828 1725 2067 1781 Ungariae,
2100 1726 2326 1780 Franciae,

131 1792 374 1838 Navem-ae„
408 1807 533 1848 reges
568 1795 841 1848 Arragonunl
884 1793 951 1835 etb
991 1794 1288 1849 Portugalliae
1328 1809 1451 1835 suum
1494 1795 1700 1835 auxilium
1746 1795 1975 1850 magnifice
2023 1797 2326 1851 promiserunt.

130 1863 199 1903 Ad
242 1863 463 1904 electionis
512 1863 734 1917 negotium
781 1862 1129 1917 prosequendum
1173 1863 1254 1904 fuit
1292 1863 1450 1905 ibidem
1488 1878 1564 1918 pro
1602 1863 1723 1904 nobis
1757 1868 1800 1904 et
1833 1878 1888 1905 ex
1926 1870 2048 1919 parte
2083 1864 2323 1907 Suevorum

130 1932 422 1985 praesentium
456 1937 498 1972 et
530 1931 772 1972 absentium
806 1932 1076 1986 propositum
1110 1933 1349 1973 rationibus
1383 1933 1531 1973 multis
1556 1931 1859 1987 persuadendo
1884 1936 1926 1974 et
1950 1947 2024 1974 eos
2049 1933 2131 1975 sibi
2155 1935 2325 1990 specia-

131 2000 212 2040 lius
255 2001 474 2046 astrictos,
518 2014 572 2041 ex
615 2001 768 2055 quibus
811 2000 942 2041 traxit
982 2001 1214 2055 originem,
1249 2001 1465 2042 subiectos
1500 2001 1773 2053 exhibendo,
1815 2001 1926 2055 quod
1959 2003 2162 2044 electioni
2195 2002 2247 2044 de
2280 2017 2325 2044 se

131 2070 273 2110 factae
306 2070 583 2120 consentiret,
619 2070 886 2123 singularum
919 2070 1235 2124 provinciarum
1267 2070 1534 2125 principibus
1571 2068 1675 2125 [et]a
1708 2070 1939 2111 baronibus
1972 2070 2129 2112 ibidem
2152 2071 2325 2126 publice

132 2137 383 2192 rogantibus
418 2152 513 2179 cum
547 2138 719 2180 affectu.
783 2138 863 2178 His
897 2143 1043 2179 autem
1077 2139 1136 2179 sic
1168 2141 1304 2194 gestis
1338 2139 1544 2180 decenter
1576 2143 1619 2181 et
1650 2140 1903 2194 propositis,
1947 2154 2024 2181 rex
2056 2141 2148 2195 ipse
2182 2145 2324 2182 mente

132 2221 215 2247 non
255 2221 403 2261 parum
445 2208 679 2262 perplexus
726 2207 920 2247 inducias
969 2208 1094 2248 trium
1143 2208 1309 2249 dierum
1351 2209 1602 2263 postulavit.
1677 2208 1796 2249 Tunc
1835 2209 1996 2249 vocatis
2042 2209 2146 2250 hora
2179 2213 2221 2250 et
2253 2208 2320 2250 die

131 2276 299 2316 statutis
332 2276 527 2316 omnibus
561 2290 637 2316 rex
670 2276 711 2315 in
744 2276 939 2330 publico,
980 2277 1128 2317 multis
1170 2278 1419 2332 praemissis
1453 2277 1746 2328 sermonibus,
1783 2277 1984 2319 electioni
2017 2277 2069 2319 de
2103 2292 2149 2319 se
2183 2278 2323 2320 factae

133 2345 403 2385 consentiens
437 2359 615 2399 regnum
650 2349 692 2385 et
725 2345 952 2399 imperium
986 2346 1177 2401 suscepit
1209 2345 1396 2388 fideliter
1427 2350 1517 2387 toto
1551 2360 1679 2401 posse
1703 2346 2045 2401 gubernandum,
2068 2347 2324 2402 promittens

132 2413 219 2453 suis
252 2414 456 2454 assistere
491 2419 534 2455 et
567 2427 638 2454 eos
672 2413 788 2454 nullo
823 2427 925 2454 casu
958 2414 1217 2468 relinquere,
1251 2414 1458 2470 praestito
1493 2428 1621 2470 super
1653 2415 1732 2456 hoc
1765 2415 2047 2470 corporaliter
2068 2416 2322 2458 iuramento.

132 2480 200 2521 Ex
234 2481 311 2522 hoc
346 2482 550 2523 laetiores
584 2482 727 2523 effecti
760 2496 844 2523 non
875 2483 1087 2524 immerito
1121 2484 1296 2524 licentia
1335 2484 1388 2525 ab
1432 2498 1482 2525 eo
1515 2484 1652 2539 petita
1683 2488 1965 2539 expectamus
1998 2485 2041 2525 in
2072 2484 2194 2526 brevi
2225 2484 2321 2526 Deo

131 2549 259 2590 dante
292 2551 421 2591 rebus
456 2556 497 2592 et
530 2551 761 2592 honoribus
793 2551 992 2593 fortiores
1027 2553 1254 2594 reversuri.
1316 2553 1575 2595 Processum
1609 2557 1752 2594 autem
1785 2554 1898 2608 regis
1930 2554 2064 2595 mirae
2095 2553 2318 2609 potentiae

132 2626 173 2658 et
206 2619 437 2659 ineffabilis
481 2623 713 2674 apparatus
754 2620 1003 2662 rebellibus.
1032 2622 1237 2662 terribilis
1280 2623 1535 2676 quantocius
1575 2622 1758 2664 audietis
1792 2637 1817 2663 a
1847 2623 2004 2664 finibus
2038 2622 2184 2664 mundi
2217 2636 2319 2663 con-

133 2688 269 2727 cussis
295 2702 349 2728 ex
373 2688 531 2729 affectu
555 2689 772 2742 magnalia
794 2689 1092 2732 machinantis.
1134 2690 1257 2731 Haec
1292 2705 1403 2732 nova
1435 2691 1661 2732 scribimus
1686 2690 1857 2732 domino
1879 2690 2117 2733 reverendo
2149 2693 2199 2718 0·3
2222 2705 2321 2732 con-

131 2755 342 2806 sulentes,
377 2761 589 2810 quatenus
633 2772 677 2798 se
711 2762 859 2799 teneat
891 2772 1027 2813 usque
1062 2758 1114 2799 ad
1148 2763 1338 2800 nostrum
1372 2759 1607 2802 adventum
1638 2760 1743 2801 nulli
1783 2774 1830 2801 se
1862 2759 2116 2815 obligando,
2147 2764 2195 2801 ut
2227 2774 2321 2802 cum

131 2824 223 2878 ipso
257 2825 369 2878 quod
402 2826 538 2865 visum
571 2826 699 2866 fuerit
731 2826 955 2868 faciamus.
1018 2827 1164 2868 Alium
1197 2829 1416 2869 mittemus
1456 2829 1655 2870 nuncium
1697 2828 2025 2884 subsequenter.
2086 2827 2235 2884 Usque
2268 2829 2321 2870 ad

74 2892 284 2935 1e.festu1n
315 2892 431 2934 beati
466 2893 577 2934 Galli
611 2908 687 2935 nos
722 2910 944 2950 speramus
977 2910 1242 2938 reversuros.

265 2961 425 3002 Datum
459 2962 639 3017 Burges.
672 2963 725 3005 X.
750 2963 848 3006 Kal.
885 2964 1168 3019 Septembris,
1201 2965 1436 3007 indictione
1468 2966 1618 3008 XIV.d
1684 2966 1849 3008 Valete.

266 3075 337 3110 395
348 3085 383 3110 a·
424 3083 454 3118 ³)
481 3078 569 3110 deest.
595 3079 667 3110 cod.
754 3077 785 3120 b)
812 3084 872 3111 etc.
901 3080 972 3111 cod.
1058 3079 1085 3122 c)
1111 3081 1337 3113 referendario
1363 3081 1446 3123 cod„
1473 3081 1661 3114 emendavit
1686 3081 1838 3114 Redlicla.
1941 3078 1974 3122 (ἶ)
2001 3081 2047 3113 sic
2072 3081 2144 3114 cod.
2167 3093 2231 3124 pro
2244 3083 2318 3115 XV.

267 3168 298 3207 1)
329 3165 381 3207 Cf.
408 3167 549 3210 Ltelisle,
576 3167 732 3202 ‘cabinet
756 3168 814 3202 des
840 3169 1064 3204 manuscrits'
1091 3170 1143 3204 II.
1162 3175 1230 3205 252
1242 3181 1286 3204 ss.
1404 3171 1440 3214 2)
1470 3170 1583 3205 Cuius
1619 3171 1686 3205 loci
1717 3171 1857 3205 ratione
1886 3171 2009 3205 habita
2043 3171 2214 3216 corripere
2243 3172 2320 3206 licet

130 3235 179 3255 m.
206 3234 294 3264 quae
320 3234 426 3266 snpra
449 3237 486 3268 p.
505 3230 568 3259 502
595 3229 662 3259 nat.
683 3230 702 3259 2
726 3229 851 3259 noima
877 3230 970 3260 sunt.
1111 3227 1145 3269 3)
1172 3228 1233 3261 An¹
1260 3227 1427 3262 Bertoldo
1454 3228 1505 3262 II.
1535 3240 1585 3272 ep.
1613 3228 1837 3263 Basilum-i?
1860 3228 2113 3264 REDLICH.

2379 808 2393 832 5

2363 1196 2395 1220 10

2363 1542 2394 1566 15

2361 1883 2394 1908 20

2359 2228 2391 2253 25

2357 2570 2390 2595 30

2355 2919 2387 2944 35
