2558 3970
205 160 286 199 436
652 158 867 193 HEINRICI
893 158 1031 193 REGIS
1057 159 1485 194 CONSTITUTIONES.
1536 161 1634 195 1234.
1684 161 1745 195 Nr.
1763 161 1840 196 327.
1863 161 1939 196 328.

207 273 536 327 Herbipolensis
577 273 757 314 ecclesie
798 274 969 314 nuntios
1010 274 1051 314 in
1090 275 1306 329 legatione
1340 280 1489 316 nostra
1529 275 1801 317 universitati
1833 280 1976 318 vestre
2009 276 2209 318 duximus
2242 281 2382 318 trans-

206 341 454 384 mittendos.
501 342 654 395 quibus
696 342 823 382 ctiam
864 344 1141 397 exposuimus
1179 349 1322 386 nostre
1362 344 1681 399 beneplacitum
1716 345 1961 385 voluntatis.
2022 344 2148 386 Unde
2181 359 2382 400 rogamus

207 420 247 449 et
280 423 502 450 monemus
534 409 803 464 prudentiam
837 416 1039 462 vestram,
1074 412 1327 453 mandantes
1352 412 1483 458 vobis,
1517 416 1728 467 quatenus
1752 413 1895 453 verbis
1919 413 2122 468 ipsorum,
2156 427 2238 468 que
2262 413 2383 454 vobis

206 492 258 517 ex
292 483 412 532 parte
446 483 591 519 nostra.
625 478 812 519 dixerint
843 480 909 519 vel
954 482 1275 535 proposuerint.
1319 481 1445 522 fidem
1480 481 1723 522 adhibeatis
1763 481 1801 521 in
1836 481 2053 526 omnibus,
2097 487 2299 536 tanquam
2334 496 2384 521 ea

207 546 323 586 vobis
355 547 639 601 personaliter
672 553 713 588 et
746 549 1061 603 presentialiter
1091 550 1374 604 loqueremur.

347 615 505 655 Datum
541 616 653 671 apud
686 615 909 670 Ezlingcn.
944 617 1045 658 Idus
1078 618 1346 663 Novembris,
1382 619 1593 660 indicione
1627 623 1791 659 octava.

269 818 370 861 327.
410 820 751 863 PROYECTJO
788 822 873 863 ET
912 822 1275 865 CONDUCTUS
1313 823 1682 865 LOMRARDIS
1720 824 2075 867 PRAESTH‘A.
2137 825 2328 867 Nov.13.

345 899 472 941 Dedit
502 901 684 943 BO'hmcr
716 917 735 943 c
766 902 895 943 aulice
925 903 1203 945 Ambrosiam
1230 903 1308 958 fol.
1328 906 1392 954 50,
1435 918 1454 943 c
1485 905 1603 945 croesus
1640 905 1868 956 exemplari
1903 905 2056 946 editam
2096 908 2153 946 est
2192 906 2238 946 i‘n
2269 906 2387 946 Actis

206 970 368 1020 impr-rii
398 971 554 1011 selectis
573 973 658 1012 288
688 985 756 1014 nr.
778 974 872 1013 35³4.
907 998 958 1001 —
992 972 1184 1023 Rolamer,
1217 973 1316 1026 ch.
1350 974 1445 1025 imp.
1480 973 1523 1023 V,
1547 975 1670 1014 4359.
2005 973 2077 1026 (P.
2100 973 2242 1023 deest.)

350 1095 578 1137 Heinricus
619 1096 700 1137 Dei
744 1099 888 1152 gracia
920 1098 1208 1139 Romanorum
1253 1113 1328 1140 rex
1374 1104 1416 1139 et
1461 1113 1633 1154 semper
1671 1104 1878 1154 augustus
1923 1100 2090 1141 dilectis
2136 1101 2223 1141 suis
2261 1104 2383 1156 pote-

205 1163 409 1207 statibus,
452 1165 711 1209 rectoribus,
753 1167 1017 1210 consulibus.
1059 1168 1437 1208 communitatibus
1472 1168 1716 1216 civitatum,
1754 1182 1833 1209 nec
1866 1182 1948 1209 non
1982 1169 2178 1210 omnibus
2209 1169 2301 1210 aliis
2334 1169 2387 1210 de

206 1231 421 1272 Societate
454 1239 495 1273 et
528 1234 616 1287 liga
648 1233 835 1275 fidelium
870 1235 1035 1290 imperii
1068 1235 1409 1277 Lombardorum
1443 1237 1625 1290 gratiam
1659 1250 1780 1277 suam
1814 1241 1857 1278 et
1888 1251 2012 1278 omne
2045 1237 2218 1278 bonum.

348 1300 454 1341 Cum
488 1306 633 1343 nostra
670 1304 880 1344 serenitas
914 1303 1093 1345 dilectos
1133 1304 1282 1346 fideles
1322 1309 1488 1346 nostros
1521 1305 1777 1346 Anselmum
1811 1305 1864 1346 de
1896 1305 2123 1360 Iustingen
2155 1306 2386 1361 imperialis

205 1370 300 1410 aule
333 1371 675 1412 marescalchum
709 1376 751 1412 et
783 1372 1036 1413 familiarem
1072 1378 1264 1414 nostrum
1297 1374 1551 1428 magistrum
1574 1373 1818 1415 Valterium
1852 1373 1904 1415 de
1937 1373 2163 1415 Tanuberc
2195 1374 2386 1416 eiusdem

203 1439 299 1478 aule
333 1438 602 1494 capellanum
638 1446 679 1480 ct
712 1440 1057 1482 archidiaconum
1092 1442 1422 1498 Herbipolensis
1455 1443 1635 1484 ecclesie
1668 1443 1840 1483 nuntios
1874 1457 2002 1498 super
2034 1444 2191 1484 nostris
2220 1444 2384 1499 imperii
2447 1463 2455 1477 ›

202 1506 381 1560 agendis
423 1506 474 1547 ad
520 1512 664 1562 partes
699 1514 864 1550 vestras
908 1510 1108 1551 duximus
1149 1511 1524 1559 transmittendos,
1568 1512 1762 1553 volentes
1804 1512 1964 1553 habere
2005 1517 2098 1553 rata
2131 1513 2274 1553 omnia
2306 1527 2387 1568 que

203 1575 329 1615 iidem
371 1575 570 1616 duxerint
611 1577 827 1627 facienda,
873 1579 904 1619 si
945 1593 1050 1633 quos
1091 1594 1145 1620 ex
1187 1584 1308 1635 parte
1346 1584 1491 1621 vestra
1532 1581 1756 1636 cupientes
1799 1580 2006 1622 accedere
2040 1581 2093 1621 ad
2125 1581 2387 1637 presentiam

203 1651 390 1684 nostram
425 1651 711 1700 susceperunt
742 1647 785 1687 in
826 1653 1014 1688 nostram
1048 1653 1091 1689 et
1128 1649 1295 1703 imperii
1338 1649 1672 1704 protectionem3
1714 1649 1889 1691 eosdem
1922 1650 2175 1690 auctoritate
2208 1663 2386 1705 presen-

202 1713 310 1753 cium
336 1714 601 1768 suscepimus
626 1716 703 1756 sub
728 1717 962 1771 specialem
988 1717 1150 1771 regiam
1183 1718 1499 1773 protectionem
1530 1718 1689 1773 pariter
1713 1723 1755 1758 et
1779 1718 2050 1763 conductum,
2084 1719 2382 1773 promittentes

203 1780 386 1822 fideliter
420 1782 581 1823 eisdem
615 1784 870 1825 conductum
905 1799 1101 1826 securum
1135 1786 1176 1826 in
1209 1786 1330 1826 exitu
1363 1792 1406 1826 et
1436 1800 1652 1841 regressu,

346 1850 506 1892 Datum
542 1851 820 1908 Ezzelingen,
852 1853 917 1896 Id.
949 1853 1073 1906 Now,
1108 1854 1252 1896 indict.
1275 1854 1400 1896 VIII.

767 2058 869 2102 328.
912 2060 1241 2103 SCRIPTUM
1262 2060 1585 2103 FOEDERIS.
1637 2060 1734 2102 Dee.
1758 2064 1824 2102 17.

342 2137 386 2178 E
422 2137 551 2179 codice
582 2139 861 2181 Ambrosiam>
892 2140 972 2196 fol.
996 2142 1049 2181 :50
1080 2145 1118 2182 et
1147 2138 1222 2182 44'
1254 2142 1365 2183 (ledit
1394 2142 1741 2195 Holder-Eyqer.
1803 2141 2030 2194 Postquam
2062 2141 2185 2183 Perta
2221 2145 2385 2195 partem

200 2206 424 2247 maxinmm
471 2221 489 2247 e
544 2207 736 2249 Giulinio
782 2209 994 2251 ‘Memor-ie
1041 2211 1086 2251 da·
1125 2211 1305 2252 Milano’
1347 2211 1442 2262 VH,
1473 2212 1556 2253 592
1602 2212 1675 2264 (=
1719 2211 1880 2253 Saviolz'
1925 2211 2102 2252 ‘Annali
2149 2211 2383 2265 Boloynesi’

199 2274 286 2323 ΙΙΙ,
307 2276 346 2323 2,
370 2276 471 2326 154)
494 2275 615 2327 dedit,
647 2278 850 2331 intem-um
872 2280 1060 2331 primum
1079 2280 1236 2332 prodiit
1258 2282 1302 2321 in
1324 2280 1516 2322 Historia
1537 2281 1801 2334 diplomatica
1821 2280 2033 2321 Frficleriei
2053 2280 2139 2331 ΙΙ.,·
2169 2280 2382 2322 exordium

200 2342 312 2383 modo
355 2343 482 2383 edidit
518 2345 813 2388 11⁷2·⁷2kelnz,amz
863 2348 983 2389 ‘Acta
1027 2349 1189 2400 imperii
1234 2350 1400 2390 inedita?
1441 2350 1478 2399 J,
1510 2351 1593 2390 :317
1629 2363 1695 2392 ην.
1730 2351 1825 2390 642.
1896 2349 2062 2390 Inserta
2107 2352 2166 2390 cst
2211 2349 2383 2402 epistola

198 2424 327 2462 snpra.
358 2425 423 2453 ην.
446 2414 541 2455 326.
577 2439 630 2444 -
661 2414 1118 2458 IIuiHard-Bre‘lcollcs
1148 2418 1178 2459 I
1184 2418 1227 2468 V,
1252 2420 1346 2460 704.
2035 2416 2104 2469 (P.
2123 2419 2242 2472 306.)

341 2537 416 2578 Ina
459 2539 627 2580 nomine
661 2540 849 2585 Domini.
908 2542 1035 2584 Anno
1077 2543 1288 2585 dominice
1331 2545 1640 2586 incarnationis
1672 2543 2031 2594 MGCXXXIHI,
2070 2543 2138 2584 die
2171 2543 2381 2585 dominico

199 2606 294 2646 XV.
330 2605 397 2647 die
430 2612 528 2648 ante
561 2607 783 2652 Kalendas
814 2610 1022 2663 Ianuarii,
1064 2612 1282 2654 indicione
1317 2619 1487 2665 octava,
1532 2615 1574 2654 in
1613 2613 1789 2669 pallatio
1821 2613 2014 2654 comunis
2047 2611 2299 2664 Mediolani,
2337 2613 2378 2653 in

200 2675 376 2715 consilio
422 2678 611 2718 comunis
654 2678 907 2729 Mediolani7
955 2680 1150 2722 dominus
1189 2682 1422 2723 Anselmus
1467 2683 1520 2724 de
1562 2682 1817 2737 Iustingenb
1858 2681 2177 2722 marascalchus
2219 2681 2376 2722 domini

198 2742 376 2784 Henrici
422 2746 683 2788 serenissimi
730 2750 843 2804 regis
885 2749 1177 2791 Romanorum
1222 2755 1265 2791 et
1307 2751 1504 2792 dominus
1537 2751 1810 2792 Valtherius⁰
1851 2750 2175 2791 archidiaconus
2220 2749 2378 2791 Herbi-

198 2812 387 2866 polensis
430 2819 471 2853 et
513 2813 671 2856 domini
712 2818 825 2871 regis
859 2818 1130 2873 capellanus,
1172 2819 1298 2860 ambo
1331 2821 1467 2860 nuntii
1500 2827 1542 2861 et
1581 2820 1713 2874 legati
1746 2819 2024 2874 suprascripti
2057 2818 2216 2859 domini
2249 2818 2379 2873 regis,

198 2880 407 2922 habentes
440 2884 626 2937 speciale
661 2885 907 2927 mandatum
942 2888 1196 2929 securitates
1230 2893 1273 2929 et
1304 2889 1575 2930 concordiam
1609 2894 1651 2929 et
1682 2888 1924 2929 iuramenta
1954 2886 2141 2928 faciendi
2173 2900 2248 2942 pro
2281 2901 2378 2942 pre-

198 2949 283 2988 fato
316 2949 486 2991 domino
524 2965 625 3006 rege
665 2958 707 2994 et
738 2955 779 2995 in
813 2956 997 2996 animam
1031 2956 1145 3006 eius,
1183 2961 1307 3012 prout
1340 2958 1382 2998 in
1414 2958 1570 2998 litteris
1609 2958 1741 3013 ipsius
1774 2956 1934 2997 domini
1966 2955 2080 3010 regis
2113 2955 2254 3010 sigillo
2287 2956 2377 2997 eius

199 3017 395 3071 sigillatis
429 3021 770 3074 continebantur,
805 3038 982 3079 quarum
1016 3029 1135 3065 tenor
1166 3026 1263 3066 talis
1298 3031 1380 3067 est:
1414 3026 1646 3067 ‘Henricus
1681 3050 1730 3055 —
1765 3024 1976 3066 indicione
2009 3022 2174 3065 octava'
2192 3023 2220 3076 ¹,
2254 3023 2375 3065 cumd

198 3085 596 3129 Mediolanensibus
638 3096 678 3130 et
717 3106 863 3133 eorum
904 3094 1049 3134 amicis
1094 3099 1136 3135 et
1177 3094 1396 3136 Societate
1435 3094 1713 3145 Lombardie‚
1752 3095 1822 3149 qui
1860 3097 1958 3134 sunt
1996 3092 2047 3134 de
2089 3093 2296 3134 societate
2336 3097 2379 3133 et

198 3153 385 3195 amicitia
418 3155 663 3200 Mediolani.
698 3161 971 3215 presentibus
1005 3162 1174 3203 domino
1198 3164 1352 3205 comite
1377 3163 1600 3205 Manfredo
1622 3163 1674 3204 de
1700 3162 1948 3204 Curtenova
1969 3165 2184 3217 potestate
2209 3160 2376 3202 Medio-

196 3220 282 3262 lani
317 3229 359 3263 et
391 3224 671 3281 infrascriptis
705 3230 1061 3272 ambasiatoribus
1095 3231 1263 3275 Brixie.
1305 3233 1512 3283 Novarie,
1545 3232 1715 3285 Laude,
1749 3232 1951 3272 videlicet
1983 3230 2161 3271 dominis
2194 3230 2374 3272 Alberto

197 3288 323 3331 Colta
356 3296 397 3331 et
425 3292 688 3337 Bonacursio
716 3297 889 3339 Brachii
922 3299 1273 3342 ambaxatoribus
1307 3302 1490 3342 civitatis
1515 3301 1677 3351 Brixic,
1711 3304 1754 3341 et
1777 3300 1959 3340 dominis
1982 3299 2112 3340 Petro
2136 3298 2188 3340 de
2213 3298 2371 3339 Sancto

198 3357 326 3398 Petro
359 3364 400 3399 et
422 3361 636 3404 Ardizono
662 3364 893 3407 Cavalazio
925 3368 1276 3410 ambaxatoribus
1300 3370 1480 3411 civitatis
1502 3369 1702 3418 Novarie.v
1736 3373 1778 3410 et
1800 3368 1969 3408 domino
1993 3366 2118 3408 Mar.e
2141 3366 2193 3408 de
2218 3366 2370 3408 Suma-

198 3426 317 3480 rippa
349 3428 617 3473 ambasatore
656 3434 840 3476 civitatis
873 3435 1042 3488 Laude,
1082 3442 1124 3478 et
1156 3438 1262 3492 ipsis
1294 3438 1599 3493 recipientibus
1631 3436 1928 3493 pro‘comunis
1957 3435 2189 3477 Mediolani
2222 3440 2265 3476 et
2295 3449 2372 3490 pro

332 3551 418 3586 328.
451 3559 481 3588 a,
499 3557 565 3598 sol.
582 3561 635 3589 50.
752 3559 784 3603 b)
811 3563 938 3595 Instien
963 3574 988 3595 c.
1108 3566 1137 3605 c)
1164 3565 1364 3597 Valcherius
1389 3576 1416 3597 c.
1535 3562 1567 3606 (ἶ)
1585 3563 1652 3606 fol.
1671 3561 1740 3595 44'.
1859 3562 1889 3604 e)
1915 3562 1995 3594 Ma?
2011 3574 2036 3594 e.
2131 3561 2160 3604 s)
2185 3565 2237 3594 effi
2256 3561 2304 3594 M.

335 3644 365 3676 1³
393 3654 507 3688 supra
532 3656 583 3679 nr,
605 3650 677 3680 326.

2423 1113 2454 1136 10

2420 1798 2454 1824 20

2420 2296 2452 2321 25

2414 2697 2447 2722 30

2412 3039 2444 3065 35

2410 3380 2443 3405 40
