2558 3970
118 908 152 934 10

116 1716 147 1740 1⁵

116 2126 150 2152 20

119 2473 150 2499 25

118 2819 151 2845 30

120 3164 152 3190 35

123 3561 157 3587 40

703 150 915 186 OTTONIS
944 150 1002 186 [V.
1030 151 1464 187 (voNs'rl'rtf'rnffiEs.
1516 154 1613 187 ωηεν,
1666 154 1726 188 xr.
1746 155 1799 188 ρει.
1824 157 1878 188 3υ.
2342 164 2392 199 35

189 281 273 323 qua
306 281 381 308 vos
414 280 586 322 semper
617 266 803 307 fovimus
838 272 880 306 et
912 280 1084 321 semper
1116 269 1479 322 amplectemurW.
1515 269 1767 324 recepimus.
1836 270 2012 311 Munera
2048 286 2218 326 quoque
2253 280 2391 313 vestra

188 340 309 378 tanto
343 336 466 378 nobis
498 336 672 377 fuerunt
703 336 906 390 gratiora.
941 343 1100 390 quanto
1134 337 1270 391 magis
1295 338 1452 377 scimus
1491 338 1559 378 illa
1587 352 1641 378 ex
1673 338 1829 378 affectu
1864 354 1968 394 pure
1994 339 2235 381 devotionis
2261 342 2392 381 fuiss-1·

188 406 456 447 transmissa.
511 404 812 460 Significamus
836 404 888 445 ad
913 404 993 445 hec
1017 405 1154 449 vobis,
1189 405 1300 460 quod
1326 413 1433 446 nos¹
1457 406 1740 447 dilectiss-inm
1773 409 1948 462 principi
1975 415 2118 449 nostro
2144 409 2393 462 wolfgero!

189 474 434 531 patriarche
466 473 740 528 Aquileiensi
784 473 1048 527 legationem
1091 474 1227 514 tocius
1262 474 1386 515 Italic
1428 476 1734 519 commisimus,
1776 477 1979 518 volentes.
2023 484 2068 517 ut
2101 479 2191 533 ipse
2228 480 2318 519 vice
2354 486 2395 519 ct

189 544 283 585 loco
317 547 460 584 nostro
493 556 570 598 per
602 547 736 583 totam
769 541 941 583 Italiam
975 542 1108 583 offitio
1142 543 1346 597 fungatur
1380 544 1511 583 nostri
1548 549 1589 584 et
1624 545 1786 599 imperii
1823 545 1969 597 legati.
2005 552 2046 586 et
2082 547 2280 601 quicquid
2304 549 2395 602 ipsc

187 612 245 654 ibi
277 611 330 654 de
365 612 524 652 honore
558 616 704 652 nostro
737 616 779 651 et
811 611 977 666 imperii
1002 613 1267 656 tractaverit,
1301 626 1378 652 nos
1403 627 1480 667 per
1506 613 1647 652 omnia
1681 619 1817 653 ratum
1843 629 1988 654 sumus
2021 615 2217 656 babituri.
2274 616 2394 657 Man-

187 680 338 722 damus
369 681 502 736 igitur
534 685 577 721 et
608 693 824 735 rogamus,
857 686 903 721 ut
926 694 1001 720 vos
1035 681 1175 736 ipsum
1210 681 1500 735 patriarcham
1527 687 1728 735 tanquam
1754 682 1942 736 legatum
1970 691 2187 723 nostrumz
2223 685 2393 725 lionori-

186 751 266 792 fice
301 750 547 805 suscipiatis
581 754 623 789 et
656 763 753 790 eum
786 755 989 804 tanquam
1025 750 1214 804 legatum
1250 757 1440 790 nostrum
1477 756 1519 790 ct
1552 751 1721 805 imperii
1756 751 1987 794 honoretis.
2031 753 2282 793 consilium³¹
2315 755 2396 794 sibi

186 819 338 861 dantes
385 824 428 860 et
467 818 690 862 auxilium.
735 823 781 859 ut
822 819 916 873 ipse
960 819 1001 858 in
1045 819 1265 873 legatione
1299 826 1444 859 nostra
1478 820 1536 859 sic
1580 819 1801 874 procedat,
1849 822 1957 860 sicut
1993 821 2142 861 lmnori
2179 828 2322 862 nostro
2356 830 2396 862 ct

186 888 355 945 imperii
387 887 586 929 videatur
618 886 841 943 expedire.
903 887 959 928 Et
992 887 1195 942 quicquid
1241 888 1414 929 lionoris
1449 888 1529 928 sibi
1564 888 1867 936 exhibueritis,
1911 890 2030 930 nobis
2066 897 2200 930 totum
2237 893 2395 931 factum

185 957 486 1014 reputabimus
500 956 533 999 ¹³.

216 1324 313 1393 30.
359 1318 1072 1392 SENTENTIAE
1127 1318 1273 1389 DE
1328 1318 2368 1398 MINISTERIALlsslfs,

402 1424 547 1495 DE
603 1422 1182 1501 TELONEIS,
1241 1422 1389 1493 DE
1444 1421 2180 1495 ssANNl'rloNE.

1098 1549 1242 1595 1209.
1281 1549 1382 1595 Ian.
1421 1548 1494 1594 13.

327 1697 399 1739 Ex
438 1693 696 1748 autoyrapho
734 1693 1023 1745 praefecturae
1072 1693 1395 1745 Ocnopontauac
1434 1693 1546 1733 dedit
1586 1693 1860 1733 Hcrmcmnns
1894 1693 2022 1733 'Palm-t
2055 1694 2088 1733 I).
2114 1708 2165 1735 m.
2226 1694 2398 1746 Lenitur

184 1768 306 1809 etiam
338 1768 384 1808 in
417 1765 549 1808 codice
577 1763 817 1816 thyc'ano
847 1775 954 1806 saec,
983 1763 1123 1805 XIII.
1157 1763 1218 1806 in.
1258 1762 1337 1815 (ch.
1371 1763 1527 1803 Fontes
1559 1776 1637 1804 rer.
1672 1763 1996 1803 Auslre'acarum
2032 1762 2094 1811 Il,
2119 1765 2154 1811 5,
2185 1766 2293 1812 170),
2329 1763 2397 1802 ubi

184 1849 332 1878 nomen
362 1847 494 1876 unum
525 1834 738 1874 intrusam
768 1844 853 1873 csse
885 1835 989 1873 ccrtc
1011 1833 1197 1874 miraris,
1235 1857 1286 1862 —
1319 1831 1514 1882 Balanea
1548 1831 1648 1884 Rcgy.
1674 1832 1768 1883 imp.
1803 1830 1956 1881 13:254..
2040 1836 2059 1882 (
2068 1829 2109 1872 P.
2133 1833 2253 1884 215.)

331 1972 350 2025 ἓξ
380 1973 482 2015 Otto
513 1975 531 2029 ξ
562 1975 740 2027 quartus
773 1971 858 2013 Dei
899 1972 1039 2026 gratia
1071 1971 1366 2012 Romanorum
1411 1985 1488 2012 rex
1523 1984 1695 2026 semper
1727 1974 1949 2025 augustus.
2072 1969 2135 2010 Ea
2169 1983 2249 2023 que
2283 1971 2395 2010 facta

187 2048 287 2085 sunt
319 2057 465 2084 coram
497 2041 620 2083 nobis
653 2042 696 2082 in
729 2040 886 2082 iudicio
920 2041 962 2082 in
996 2042 1220 2096 presentia
1254 2041 1484 2081 multorum
1519 2040 1775 2095 principum,
1817 2053 1898 2094 que
1932 2039 1983 2079 ad
2018 2039 2245 2079 utilitatem
2280 2053 2394 2079 com-

186 2127 359 2155 munem
393 2111 659 2168 presentium
701 2114 743 2151 et
781 2110 1025 2152 futurorum
1069 2115 1269 2166 spectare
1304 2109 1518 2157 videntur,
1561 2109 1737 2164 puplico
1778 2109 1936 2163 scripto
1971 2114 2012 2148 et
2045 2109 2263 2149 autentico
2299 2113 2399 2147 sunt

187 2180 509 2232 committenda,
552 2194 606 2221 ne
645 2185 689 2221 et
726 2193 751 2220 a
784 2181 992 2221 memoria
1024 2180 1246 2221 hominum
1280 2179 1508 2221 elabantur
1541 2183 1583 2219 ct
1615 2179 1658 2218 in
1691 2177 1989 2219 consimilibus
2025 2177 2196 2218 casibus
2230 2177 2395 2217 facilius

185 2252 383 2293 homines
424 2250 590 2306 possint
632 2248 843 2305 expediri.
916 2248 1191 2291 Constitutus
1232 2250 1364 2304 igitur
1405 2249 1448 2289 in
1490 2248 1714 2303 presentia
1753 2251 1901 2288 nostra
1940 2247 1980 2287 in
2023 2247 2248 2301 sollempni
2284 2247 2401 2286 curia

186 2321 301 2377 apud
331 2320 576 2375 Augustam
609 2320 651 2360 in
685 2319 918 2360 multorum
962 2319 1183 2360 hominum
1219 2324 1261 2360 et
1294 2319 1476 2359 aliorum
1515 2317 1756 2373 principum
1789 2317 2010 2372 presentia
2043 2316 2226 2357 dilectus
2261 2315 2398 2356 fidelis

186 2395 335 2432 noster
365 2389 614 2431 Fridericus
648 2388 929 2429 Tridentinus
970 2389 1200 2444 episcopus
1242 2388 1430 2444 quesivit
1463 2388 1506 2427 in
1540 2386 1770 2438 sententia,
1813 2387 1846 2426 si
1886 2385 2179 2426 ministerialis
2214 2384 2396 2424 alieuius

187 2459 371 2501 ecclesie
403 2458 583 2500 duceret
615 2458 657 2499 in
690 2472 872 2500 uxorem
905 2458 1095 2513 aliquam
1128 2458 1354 2499 mulierem
1387 2457 1584 2506 liberam,
1620 2456 1654 2497 si
1688 2455 1810 2511 pueri
1843 2454 1941 2496 inde
1976 2455 2167 2509 suscepti
2202 2454 2267 2494 vel
2302 2467 2396 2494 esse

185 2528 375 2570 debeant
415 2527 540 2569 liberi
581 2528 648 2569 vel
688 2542 788 2569 esse
830 2526 1021 2569 debeant
1059 2528 1182 2569 iuxta
1228 2527 1525 2569 condicionem
1566 2525 1701 2581 patris
1741 2524 1926 2566 ecclesie
1960 2523 2279 2564 ministeriales.
2344 2522 2399 2562 Et

186 2597 394 2640 dictatum
441 2602 510 2639 est
556 2597 599 2638 in
642 2597 880 2638 sententia:
929 2596 1042 2652 quod
1087 2597 1210 2653 pueri
1251 2611 1305 2638 ex
1347 2595 1591 2637 huiusmodi
1631 2594 1900 2635 matrimonio
1941 2593 2030 2633 nati
2079 2606 2176 2633 esse
2209 2591 2396 2632 debeant

185 2668 322 2723 ipsius
355 2667 538 2709 ecclesie
570 2667 895 2719 ministeriales,
929 2667 1049 2708 cuius
1084 2671 1127 2709 et
1158 2670 1284 2722 pater
1317 2671 1384 2708 est
1416 2665 1731 2709 ministeriali&
1764 2664 1871 2704 alias
1897 2662 2009 2703 enim
2033 2675 2179 2701 omnes
2204 2660 2395 2700 ministe-

184 2737 316 2778 riales
363 2737 551 2778 omnium
599 2737 883 2778 ecclesiarum
927 2737 1096 2792 imperii
1129 2736 1389 2792 deperirent.
1508 2735 1617 2775 Item
1652 2733 1839 2788 quesivit
1879 2733 1919 2772 in
1956 2730 2207 2777 sentcntia³¹,
2252 2730 2285 2769 si
2319 2729 2394 2769 ali-

187 2806 280 2862 quis
312 2805 608 2847 ministerialis
650 2806 830 2847 alicuius
872 2806 1056 2847 ecclesie
1090 2805 1143 2847 de
1184 2806 1306 2847 bonis
1341 2805 1442 2856 suis,
1484 2805 1574 2845 sive
1613 2801 1985 2858 patrimonialibus
2019 2800 2106 2840 sive
2140 2797 2397 2839 feudalibus.

187 2875 347 2932 aliquid
380 2875 519 2931 possit
551 2875 742 2916 alienare
774 2875 846 2916 vel
879 2875 922 2916 in
957 2876 1146 2930 aliquam
1179 2875 1307 2916 aliam
1343 2887 1573 2930 personam
1608 2872 1840 2914 transferre
1875 2871 1964 2911 sine
1998 2882 2125 2909 manu
2160 2872 2201 2907 ct
2234 2866 2396 2906 domini

188 2944 281 2987 suib
320 2945 496 2986 licentia
536 2949 580 2986 et
620 2944 857 2986 voluntate.
926 2944 983 2985 Et
1022 2944 1230 2985 dictatum
1272 2948 1337 2985 est
1379 2944 1422 2984 in
1456 2942 1689 2984 sententia:
1730 2940 1844 2995 quod
1883 2940 1963 2980 hoc
2003 2937 2094 2978 fieri
2128 2950 2210 2977 non
2245 2935 2394 2990 possit,

187 3014 287 3069 quia
320 3015 380 3056 sic
414 3014 600 3055 ecclesie
633 3013 687 3054 ad
727 3014 904 3055 nimiam
947 3018 1253 3069 paupertatem
1292 3013 1607 3068 redigerentur.
1727 3009 1835 3051 Item
1871 3007 2056 3063 quesivit
2089 3006 2130 3046 in
2166 3004 2394 3049 sententia,

189 3084 226 3125 si
266 3084 423 3139 aliquis
467 3083 560 3125 sine
603 3083 726 3139 regia
763 3083 941 3125 licentia
981 3087 1024 3125 et
1065 3083 1325 3124 auctoritate
1366 3096 1525 3123 novum
1563 3079 1700 3136 possit
1739 3079 1965 3119 instituere
2000 3075 2277 3116 thelloneum.
2342 3072 2397 3112 Et

189 3151 291 3194 data
323 3157 389 3194 est
419 3166 548 3208 super
580 3152 658 3194 hoc
683 3153 919 3194 sententia:
954 3152 1066 3207 quod
1098 3152 1216 3193 nullo
1248 3151 1374 3193 modo
1409 3151 1489 3192 hoc
1525 3150 1614 3191 fieri
1647 3148 1783 3204 possit
1806 3147 1873 3188 vel
1898 3145 2078 3187 debeat:
2113 3149 2156 3185 et
2179 3143 2211 3183 si
2236 3142 2395 3182 factum

158 3221 329 3275 fuerit,
372 3222 540 3263 irritum
584 3223 640 3263 sit
686 3227 729 3263 et
775 3222 915 3263 inane.
1035 3221 1148 3263 Item
1191 3222 1378 3276 quesivit
1419 3221 1460 3261 in
1501 3219 1732 3262 sententia,
1782 3217 1816 3256 si
1860 3215 2088 3269 episcopus
2120 3211 2395 3252 Tridentinus

189 3291 354 3346 aliquos
399 3305 475 3346 pro
513 3291 604 3332 suis
648 3290 910 3332 facinoribus
951 3295 993 3331 et
1042 3290 1294 3332 excessibus
1339 3290 1551 3339 banniret,
1600 3287 1635 3328 si
1666 3300 1743 3327 nos
1784 3284 1887 3325 illud
1922 3283 2110 3323 bannum
2144 3280 2394 3321 confirmare

190 3359 464 3402 deberemus.
525 3359 582 3400 Et
613 3359 761 3401 datum
795 3364 860 3401 est
891 3360 935 3400 in
967 3360 1200 3400 sententia:
1236 3358 1352 3413 quod
1382 3360 1415 3399 si
1439 3359 1532 3413 ipse
1557 3355 1834 3397 Tridentinus
1859 3353 2086 3408 episcopus
2109 3348 2195 3390 VII
2227 3348 2392 3388 idoneis

188 3429 374 3471 testibus
411 3429 594 3485 probare
633 3434 794 3485 posset,
833 3430 1001 3484 aliquos
1043 3429 1240 3470 homines
1280 3442 1354 3484 pro
1388 3425 1641 3468 excessibus
1677 3429 1719 3465 et
1758 3421 2021 3464 facinoribus
2056 3420 2142 3460 suis
2176 3417 2390 3461 bannisse,

327 3554 389 3590 29·
421 3555 462 3598 W)
487 3556 743 3599 complectimur
767 3554 800 3589 3.
940 3561 972 3594 x)
1006 3556 1097 3589 deest
1122 3554 1151 3588 1.
1177 3554 1210 3588 4.
1350 3552 1384 3596 y)
1411 3555 1465 3585 W.
1495 3553 1528 3591 l;
1564 3551 1741 3593 W'olfrago
1767 3548 1804 3591 2;
1839 3548 2047 3591 WVolphgero
2072 3545 2104 3577 4.
2220 3550 2249 3584 Ζ)
2276 3548 2309 3575 et
2334 3543 2392 3574 im—

191 3613 275 3655 perii
300 3614 382 3646 add.
401 3612 432 3647 3.
552 3613 584 3655 a)
609 3614 811 3647 conscilium
839 3613 869 3645 1.
988 3612 1020 3655 b)
1046 3618 1250 3656 reputamus
1275 3611 1305 3645 2.
1333 3611 1363 3644 3.

327 3680 390 3716 30.
425 3682 456 3723 a)
481 3683 710 3716 sentententia
735 3694 783 3715 or.
904 3681 936 3721 b)
962 3682 1081 3714 eadem
1106 3693 1212 3714 manzo
1237 3693 1327 3714 corr.
1353 3691 1393 3713 ex
1417 3691 1479 3712 sua
1505 3690 1553 3711 or.

2075 3732 2117 3766 5*
