2558 3970
70 1174 102 1199 10

71 1679 102 1704 15

74 2422 106 2448 25

75 2768 108 2794 30

587 145 802 180 HEINRICI
831 145 971 180 REGIS
997 145 1426 181 CONSTITUTIONES.
1478 146 1572 180 1231.
1626 146 1685 180 Nr.
1704 146 1781 180 309.
1807 148 1884 181 310.
2247 149 2326 188 423

140 260 299 301 tionem
343 260 490 301 dilecti
534 261 665 301 nostri
705 266 942 302 conventus
987 262 1026 301 in
1062 261 1393 302 Mulinbrunno²'
1427 261 1523 301 talis
1558 276 1699 302 coram
1743 263 1864 302 nobis
1901 263 1986 303 lata
2019 268 2085 303 est
2116 262 2328 302 sententia

141 332 184 370 et
215 328 269 370 ab
301 328 498 369 omnibus
532 329 776 370 astantibus
799 330 1055 385 approbata:
1092 336 1137 370 ut
1161 331 1194 370 si
1217 344 1301 384 qua
1324 330 1606 371 ecclesiarum
1631 331 1847 386 proprium
1872 331 2086 372 hominem
2113 331 2328 381 habuerit,

140 397 211 453 qui
251 397 304 438 ad
349 398 568 439 civitatem
614 399 800 453 aliquam
841 413 887 440 se
928 399 1197 440 transtulerit
1241 405 1283 440 et
1327 400 1417 439 sinc
1462 399 1621 440 herede
1663 399 1921 449 decesserit,
1967 401 2095 455 digno
2129 414 2204 441 suo
2239 401 2328 441 iure

140 465 280 507 eidem
313 465 497 508 ecclesie
532 481 614 508 non
639 467 840 522 obligato,
874 481 1020 508 omnes
1053 468 1340 522 proprietates
1374 468 1506 523 ipsius
1541 469 1633 523 ipsa
1655 469 1857 514 ecclesia,
1894 469 2013 509 cuius
2048 470 2179 510 fuisse
2206 469 2327 510 dino-

144 534 289 586 scitur,
328 534 540 576 hereditet
571 536 700 592 pleno
734 537 839 578 iure.
901 536 970 576 Ad
1003 537 1125 577 cuius
1158 536 1260 576 facti
1301 536 1564 590 perhennem
1599 539 1847 578 memoriam
1881 543 1923 578 et
1956 539 2084 579 robur
2118 544 2326 593 perpetuo

140 603 371 644 valiturum
412 610 659 659 presentem
701 606 887 647 litteram
930 605 1144 646 conscribi
1187 605 1367 646 fecimus
1409 611 1450 645 et
1491 606 1699 660 premisse
1732 608 1917 648 ecclesie
1962 608 2001 647 in
2036 608 2327 648 testimonium

140 671 366 727 assignari.

282 740 441 782 Datum
486 741 599 798 apud
638 742 889 793 Eberbach,
937 757 1049 783 anno
1091 743 1394 783 incarnationis
1436 742 1609 784 Domini
1653 743 1947 795 MCCXXXI,
1996 745 2072 786 lll.
2115 745 2330 786 Kalendas

138 809 248 861 Iulii,
281 809 515 852 indictione
547 810 650 853 IIII.

318 1141 448 1209 310.
503 1137 1122 1210 SENTENTIA
1177 1139 1319 1210 DE
1376 1138 2161 1211 DEVOLUTIONE
2231 1246 2236 1250 .

424 1252 1030 1326 FEUDORUM
1084 1253 2041 1326 MINISTERIALIUM.

1059 1381 1201 1427 1231.
1240 1380 1329 1428 lul.
1364 1381 1437 1428 17.

280 1525 519 1568 Edidermzt
574 1528 610 1581 1)
650 1526 716 1567 vir
754 1527 802 1568 cl.
833 1526 1068 1568 Kindscher
1100 1526 1250 1568 ‘Neues
1282 1526 1450 1567 Arcloeiv'
1484 1527 1549 1576 II,
1572 1529 1654 1567 609
1689 1542 1708 1567 c
1750 1526 2060 1578 cmzfc'rmatz'onc
2100 1525 2253 1566 Kar-oli
2288 1525 2332 1566 V.

137 1610 175 1637 α.
201 1596 327 1638 1530.
358 1596 443 1638 Iul.
466 1597 491 1636 9
522 1595 641 1646 data,
682 1609 788 1649 quae
818 1598 954 1637 exstat
996 1596 1039 1636 in
1081 1595 1291 1637 tabulario
1321 1595 1462 1637 ducale·
1493 1596 1763 1645 Zet-hamum
1804 1597 1848 1649 2)
1882 1608 1958 1635 von
1989 1594 2256 1635 Ilez'ncmwm
2288 1594 2334 1634 in

146 1664 288 1707 Codice
319 1664 582 1717 diplomatico
602 1664 837 1707 Anhaltino
859 1664 925 1716 II,
947 1666 1002 1705 89
1033 1678 1099 1706 nr.
1125 1666 1208 1706 108
1239 1679 1258 1706 c
1285 1664 1481 1717 Θυρέαν-ἑο
1502 1665 1812 1719 Nienburycnsc'
1835 1663 2014 1705 eiusdem
2036 1664 2248 1704 tabularii.
2280 1688 2333 1693 —-

136 1732 331 1785 Βόἠφνιεν,
365 1734 465 1788 Rey.
499 1735 598 1787 imp.
629 1733 674 1785 V,
694 1735 820 1776 4210.
1953 1732 2026 1786 (P.
2049 1732 2191 1784 deest.)

282 1849 540 1892 Heinricus⁸
578 1850 662 1892 Dei
703 1851 844 1906 gratia
881 1851 1176 1892 Romanorum
1220 1865 1296 1892 rex
1341 1854 1384 1892 et
1427 1864 1598 1906 semper
1630 1854 1841 1905 augustus
1886 1849 2099 1891 universis
2132 1846 2330 1888 fidelibus

139 1919 265 1961 huius
297 1920 453 1976 pagine
486 1920 754 1962 auditoribus
787 1921 971 1976 gratiam
1005 1935 1127 1962 suam
1160 1920 1231 1962 etb
1264 1935 1390 1962 omne
1424 1920 1596 1961 bonum.
1707 1919 1776 1960 Ex
1807 1924 1925 1975 parte
1949 1917 2335 1973 Nyenburgensisc

140 1989 317 2045 capituli
349 1988 740 2045 Magdeburgensis
771 1990 954 2032 diocesis
989 1991 1243 2046 requisitum
1276 1990 1358 2031 fuit
1381 2004 1525 2031 coram
1550 1990 1692 2031 nobis:
1728 1990 1770 2029 in
1793 2001 1919 2043 quem
1942 1987 2122 2043 gradum
2146 1986 2336 2028 debeant

141 2058 310 2100 devolvi
340 2058 496 2101 feodad
528 2059 872 2101 ministerialium
912 2060 1095 2102 ecclesie
1128 2074 1205 2101 sue
1246 2066 1356 2115 que⁰
1389 2057 1646 2115 vulgariterf
1675 2058 1890 2099 houelenss
1922 2057 2132 2098 dicuntur.
2195 2055 2335 2111 Super

141 2142 224 2184 quo
263 2129 570 2170 sententiatum
613 2133 680 2171 est
720 2143 864 2170 coram
901 2129 1025 2171 nobis
1068 2129 1289 2185 plerisque
1330 2128 1596 2184 principibus
1636 2126 1959 2169 assistentibus:
2005 2126 2116 2182 quod
2157 2138 2208 2166 eo
2242 2125 2333 2165 iure

139 2198 444 2240 ministeriales
490 2199 672 2241 ecclesie
717 2198 903 2241 debeant
943 2199 1110 2241 censeri
1153 2212 1234 2255 quo
1278 2202 1321 2240 et
1362 2198 1664 2240 ministeriales
1706 2197 1874 2253 imperii
1913 2196 2048 2238 nostri
2091 2200 2335 2245 censentur,

139 2267 344 2310 videlicet
384 2267 495 2323 quod
541 2267 700 2310 feodad
739 2267 998 2325 prenotatah
1040 2267 1212 2310 devolvi
1252 2268 1442 2310 debeant
1482 2267 1536 2309 ad
1581 2267 1693 2309 filios
1733 2271 1776 2308 et
1819 2267 1950 2318 filias,
2003 2265 2055 2307 ad
2098 2265 2253 2306 fratres
2293 2268 2337 2305 et

140 2351 320 2387 sorores,
343 2337 424 2379 nisi
447 2338 559 2380 forte
583 2353 638 2381 ex
660 2339 800 2394 gratia
821 2338 1147 2393 privilegiorum
1170 2352 1343 2380 suorum
1366 2338 1688 2393 prerogativam
1708 2337 1895 2392 aliquam
1918 2335 2086 2391 possint
2105 2333 2334 2375 ostendere

144 2407 389 2463 specialem.
455 2406 513 2448 Et
554 2408 588 2449 si
626 2407 800 2463 aliquisi
843 2407 1188 2448 ministerialium
1235 2406 1452 2448 antedicte
1499 2407 1685 2448 ecclesie
1728 2406 1857 2447 alicui
1909 2404 2123 2446 sententie
2165 2407 2332 2444 contra—

140 2477 310 2529 dixerit,
344 2476 425 2519 eak
456 2477 588 2519 debet
620 2477 778 2532 exequi
811 2490 954 2518 coram
988 2477 1187 2532 imperio.
1241 2475 1297 2517 Et
1319 2491 1373 2518 ne
1398 2476 1509 2518 hanc
1532 2476 1791 2518 sententiam
1816 2488 1960 2516 coram
1983 2473 2106 2514 nobis
2130 2472 2334 2513 dictatam

140 2546 294 2603 aliquis
331 2546 573 2603 presumat1
613 2547 796 2598 violare,
838 2547 966 2588 huius
1011 2546 1168 2602 pagine
1208 2546 1457 2588 testimonio
1498 2545 1800 2587 confirmamus
1842 2549 1884 2585 et
1919 2542 2059 2598 sigillo
2092 2540 2334 2582 maiestatis

140 2620 286 2658 nostre
318 2616 644 2658 communimus.

283 2685 396 2727 Acta
427 2688 526 2727 sunt
556 2686 638 2727 hec
662 2685 777 2742 apud
799 2685 1032 2737 Fuldamm,
1066 2698 1177 2726 anno
1199 2684 1409 2726 dominice
1435 2683 1745 2725 incarnationis
1771 2680 2059 2729 MCCXXXI,
2092 2679 2212 2720 XVI.
2243 2677 2331 2719 Ka-

142 2755 293 2798 lendas
332 2755 533 2811 Augusti.
652 2755 794 2797 Huius
840 2756 902 2797 rei
942 2758 1078 2796 testes
1121 2759 1238 2795 sunt:
1287 2753 1495 2795 Albertus
1535 2751 1927 2808 Magdeburgensis
1968 2749 2331 2804 archiepiscopus,

143 2825 420 2868 Hermannus
452 2824 779 2881 Erbipolensisn
811 2824 1086 2879 episcopus⁰;
1121 2824 1267 2864 laiciP:
1303 2822 1697 2878 Magdeburgensis
1726 2821 2007 2863 burcraviusq
2037 2817 2330 2867 Burchardus,

142 2894 382 2937 Henricusr
426 2908 570 2936 comes
611 2894 664 2936 de
697 2893 1065 2944 Waldenburchss,
1111 2893 1340 2948 Hogerust
1387 2905 1534 2933 comes
1576 2891 1629 2933 de
1661 2890 1992 2939 Valkensteinu,
2034 2887 2241 2928 Albertus
2281 2885 2331 2926 de

141 2963 472 3015 Hackebornev‚
556 2963 686 3005 lricus
719 2963 888 3019 dapifer
927 2962 980 3004 de
1013 2962 1320 3017 Bernburgkw,
1357 2960 1597 3002 Wernerus
1631 2959 1683 3002 de
1718 2958 1927 3007 Suselizx,
1972 2955 2333 2998 Bartholomeusy

145 3033 198 3075 de
222 3032 546 3085 Sutterhusenz,
568 3032 808 3074 Ludolfus²
832 3032 965 3073 frater
987 3032 1093 3083 eius,
1123 3030 1414 3072 Heidenricus
1427 3030 1458 3082 ¹³,
1482 3029 1656 3070 Unucoc
1678 3024 2100 3083 Magdeburgensisd
2124 3025 2332 3066 ecclesie⁹

77 3111 110 3138 ³5
147 3103 449 3145 ministeriales
458 3102 483 3143 f.

278 3207 364 3243 309.
397 3207 429 3251 a)
454 3205 658 3241 Mulinbrufi
682 3218 731 3239 or.

278 3276 366 3312 310.
401 3276 432 3319 ²²)
456 3278 619 3310 Himicus
645 3276 764 3309 litteris
789 3275 990 3318 capitalibus
1015 3273 1050 3315 13
1076 3274 1249 3316 Hynricus
1268 3271 1300 3306 2.
1396 3271 1430 3315 b)
1456 3284 1497 3306 ac
1514 3271 1545 3305 2.
1641 3270 1671 3315 ⁰)
1699 3270 1973 3314 Nyenborgensis
2000 3267 2028 3300 1.
2123 3264 2155 3307 d)
2182 3266 2283 3299 feuda
2300 3266 2331 3299 2.

145 3335 174 3376 ⁰)
199 3336 289 3378 quod
312 3335 344 3369 2.
437 3334 472 3377 f)
498 3336 578 3369 riter
602 3353 644 3358 —
669 3346 709 3368 eo
734 3335 807 3367 iure
832 3334 900 3367 des.
919 3331 951 3366 2.
1046 3332 1079 3373 8)
1105 3332 1252 3364 houeten
1280 3331 1310 3363 1.
1421 3329 1455 3371 h)
1481 3331 1716 3373 prenominata
1740 3328 1771 3361 2.
1866 3326 1889 3367 i)
1914 3327 1991 3368 quis
2017 3324 2048 3358 2.
2141 3323 2176 3366 k)
2201 3335 2276 3356 eam
2304 3323 2331 3354 1.

144 3391 171 3435 l)
195 3394 359 3437 presumit
384 3393 413 3426 1.
523 3391 565 3436 m)
590 3393 740 3426 Vuldam
764 3391 796 3424 2.
903 3389 937 3433 ¹¹)
962 3389 1215 3433 Erwybolensis
1239 3387 1272 3421 2.
1384 3389 1415 3427 0)
1442 3388 1533 3420 deest
1555 3386 1586 3419 2.
1685 3385 1719 3427 1³)
1745 3386 1835 3428 layci
1862 3385 1892 3416 1.
1987 3390 2019 3424 q)
2046 3382 2275 3425 burgharvius
2302 3380 2332 3413 1.

78 3457 112 3482 40
146 3451 174 3493 ι’)
201 3452 365 3485 Hinrious
389 3450 420 3485 2.
531 3452 558 3491 Β)
584 3451 840 3493 Waldenborgk
868 3448 897 3481 1.
1006 3446 1032 3490 t)
1058 3448 1210 3479 Hoserus
1237 3445 1267 3478 1.
1373 3444 1407 3487 ¹²)
1433 3444 1671 3477 Walkenstein
1695 3442 1731 3482 1;
1757 3442 1992 3483 Valkensteyn
2016 3438 2048 3472 2.
2157 3438 2190 3481 v)
2216 3439 2333 3471 Hake-

146 3509 248 3542 borns
272 3508 303 3542 1.
420 3509 461 3550 w)
487 3510 688 3552 Bemborgk
715 3509 744 3542 1.
860 3508 893 3549 ¹)
919 3506 1054 3540 Suselix
1081 3504 1110 3538 1.
1228 3502 1260 3543 y)
1285 3503 1410 3535 Bartol.
1435 3501 1465 3534 2.
1585 3501 1614 3542 z)
1649 3501 1870 3534 Suttelhusen
1896 3499 1926 3531 1.
2044 3495 2073 3540 ³¹)
2098 3497 2276 3530 Ludolffus
2299 3496 2330 3529 2.

146 3564 179 3609 b)
204 3567 315 3611 Heyd.
341 3565 372 3599 2.
491 3566 521 3609 ⁰)
548 3568 667 3600 Uunco
692 3565 729 3606 2;
768 3567 896 3598 lacuna
919 3565 956 3596 in
980 3565 1010 3597 1.
1129 3560 1161 3602 d)
1188 3561 1500 3604 Magdeburgenses
1524 3559 1556 3592 2.
1673 3561 1703 3601 e)
1729 3558 1819 3591 deest
1843 3555 1874 3590 2.
1993 3554 2023 3597 s)
2049 3554 2275 3588 ministerialis
2302 3554 2330 3587 1.
