2558 3970
134 895 167 920 10

134 1239 167 1265 15

30 1318 43 1345 ..
29 1251 50 1300 ‹e-
2 539 51 1242 wswfflstm!
7 446 43 531 Νὴ

135 1933 168 1960 25

138 3299 172 3327 45

87 3758 134 3835 «ἑῇ,
110 3734 114 3738 .

743 147 984 183 FRIDERICI
1011 148 1055 183 11.
1081 148 1510 184 CONsTlTUTmNEs.
1562 152 1657 186 1239.
1710 151 1770 186 Nr.
1789 153 1866 187 215.
2319 158 2397 196 »ημῖ

205 277 288 318 que
320 277 397 318 pro
431 262 619 303 maxima
661 266 782 318 parte
817 262 1064 303 testimonio
1099 264 1393 317 religiosorum
1429 266 1744 320 quamplurium
1781 267 2092 318 tidedignornm
2131 269 2397 309 inhabitatur

203 331 429 381 hereticis,
472 334 620 372 contra
658 344 733 372 nos
765 336 808 372 et
849 331 1074 386 imperium
1110 334 1337 374 manifesto
1370 335 1518 374 favore
1552 341 1698 375 tuetur
1731 342 1772 376 et
1805 343 1951 377 eontra
1986 336 2055 377 w
2092 337 2144 378 de
2179 337 2396 378 Mandello

205 401 341 442 civem
363 398 749 450 Mediolanensem,
780 399 941 441 dudum
965 405 1224 455 potestatem
1248 400 1547 442 Florentinum
1560 410 1586 447 ¹⁵,
1612 403 1896 445 delationem¹
1927 406 2119 460 episcopi
2144 405 2397 452 Florentini,

203 469 282 510 viri
314 469 399 510 vite
437 468 672 524 probabilis
705 473 778 510 et¹¹
809 469 921 510 fame
954 468 1174 523 probatcv,
1218 470 1258 510 in
1299 471 1513 525 plerisque
1547 473 1748 527 capitulis
1789 487 1918 528 super
1960 474 2150 515 heretica
2189 476 2398 530 pravitate

203 537 256 580 ob
303 536 445 578 odium
491 542 684 578 nostrum
728 542 770 578 et
807 537 1199 578 Mediolanensium
1240 539 1423 592 gratiam
1465 554 1545 579 non
1593 540 1778 581 admisit.
1901 546 1994 586 (19»
2042 543 2163 583 lllum
2205 544 2398 584 haherew

203 610 403 663 preterea
436 605 596 647 Christi
638 607 841 648 vicarium
882 611 926 648 et
968 620 1265 648 successorem
1298 607 1414 649 Petri
1448 623 1496 648 ac
1529 608 1894 663 dispenssatorffln
1934 613 2173 652 aninmruin
2209 613 2395 653 fidelium

202 674 376 730 indigne
416 675 602 717 fatemur
645 690 727 716 non
771 675 825 716 ob
868 675 1091 730 dignitatis
1134 676 1354 725 iniuriam,
1401 683 1467 718 set
1499 677 1552 716 ol)
1587 692 1766 732 persone
1801 678 2050 720 delfi-«stum.
2095 682 2191 735 (μή)ι
2225 682 2396 736 dispen-

203 745 394 786 sationes
427 758 523 785 cum
554 744 734 785 fratrum
766 743 1081 785 deliberatione
1122 745 1313 785 maxima
1347 745 1650 786 concedendas
1695 747 1732 786 in
1769 762 1938 788 camera
1973 762 2048 788 sua
2085 763 2200 789 more
2236 764 2396 791 merca-

203 813 331 855 torisy
363 812 594 854 cuiuslibet
626 813 666 853 in
701 813 838 854 libraz
870 813 1147 854 mercationis
1183 813 1428 868 appendit¹³,
1468 815 1618 855 celatis
1653 817 1830 856 fratrum
1866 817 2080 866 consiliis,
2115 832 2208 858 oum
2245 820 2398 872 quibus

207 881 443 931 secundum
466 881 805 923 ecclesiasticam
827 881 1102 938 disciplinam
1120 881 1365 923 deliberare
1389 882 1602 929 teneturb,
1628 884 1824 925 existens
1849 885 1929 925 sibi
1956 885 2140 926 bullator
2159 894 2197 925 et
2219 888 2400 941 scriptor

203 951 246 992 et
277 950 453 992 forsitan
486 951 643 992 etiam0
674 955 934 992 numerator.
998 949 1064 991 De
1098 950 1254 1005 quibus
1290 950 1525 1005 quasdamc
1561 951 1931 1007 dispenssationes
1966 955 2154 1007 insignes
2191 956 2397 1009 preterire

203 1018 405 1062 silentiod
435 1033 522 1061 non
545 1019 752 1070 valemus,
783 1034 861 1076 per
892 1033 999 1074 quas
1024 1019 1212 1075 Syffam⁰
1247 1025 1390 1061 natam
1415 1020 1596 1061 condam
1622 1022 1905 1063 comestabuli
1932 1023 2050 1076 regni
2077 1024 2221 1078 (tipri2'
2254 1030 2401 1064 eontra

203 1089 490 1145 separationis
531 1089 789 1131 sententiam
832 1089 964 1130 latam
1008 1102 1140 1143 super
1180 1089 1260 1130 hoc
1301 1103 1376 1145 per
1414 1089 1770 1132 Nichosiensems
1811 1092 2121 1146 episeopu111“·³
2155 1099 2197 1132 et
2235 1092 2286 1132 ‹le
2322 1107 2400 1132 non

203 1157 437 1200 habitando
468 1159 595 1200 simul
628 1159 857 1215 prestitum
888 1162 1208 1199 sacramentum
1232 1157 1414 1199 Baliano
1446 1158 1499 1200 de
1535 1159 1741 1203 ibelino¹¹.
1776 1164 1819 1200 et
1844 1192 1851 1199 .
1877 1192 1885 1200 .
1910 1194 1917 1201 .
1944 1160 2163 1200 sororem*
2198 1161 2401 1201 Iohannis

204 1227 256 1270 de
290 1227 501 1270 Cesareai
533 1227 692 1270 Iacobo
725 1227 778 1270 de
811 1226 1160 1277 Amendoleok·⁵‚
1202 1228 1273 1282 qui
1308 1228 1425 1283 prius
1458 1241 1648 1270 sororem
1683 1230 1817 1284 ipsius
1850 1229 2211 1284 desponsaverat.
2257 1230 2400 1284 prodi-

199 1296 385 1339 toribus¹
425 1297 602 1348 nostris,
649 1297 729 1338 sibi
771 1297 955 1338 invicem
997 1296 1133 1351 gradu
1175 1297 1308 1337 tercio
1348 1297 1583 1338 attinentes
1621 1299 1837 1340 concessit
1879 1313 2054 1341 uxores.
2099 1304 2277 1353 accepta
2321 1313 2399 1339 non

200 1365 335 1407 multe
366 1367 548 1421 pecunie
581 1366 840 1422 quantitate;
875 1369 1172 1407 verumtamen
1218 1365 1331 1420 quod
1366 1366 1594 1421 quantitati
1630 1367 1694 1408 vel
1728 1382 1903 1409 numero
1937 1367 2106 1415 deffuit,
2150 1367 2234 1408 odii
2270 1368 2400 1408 nostri

201 1435 387 1490 qualitas
419 1435 749 1492 compenssavit.
869 1435 962 1490 (20)
996 1434 1242 1476 Deffectum
1277 1440 1358 1476 et¹¹¹
1392 1436 1782 1490 prevaricationem
1822 1437 1979 1492 ipsius¹¹
2012 1438 2052 1477 in
2086 1437 2158 1478 illo
2191 1437 2399 1478 dolemus.

202 1503 316 1560 quod
347 1508 394 1546 ut
426 1509 575 1546 contra
606 1519 682 1546 nos
713 1505 897 1547 nobilles
931 1508 973 1546 et
1004 1508 1207 1560 potentes
1238 1504 1487 1546 Romanos0
1515 1505 1597 1546 sibi
1630 1506 1841 1547 satellites
1876 1513 1944 1548 etv
1977 1507 2168 1547 fautores
2193 1506 2401 1560 acquirat.

203 1573 434 1616 effussione
477 1574 662 1630 pecunie
704 1588 788 1616 non
832 1578 1083 1626 contentus,
1124 1574 1229 1629 ipsis
1277 1578 1419 1615 castra
1459 1578 1503 1615 et
1543 1575 1844 1630 possessiones
1888 1575 2048 1616 sanctis
2093 1575 2286 1630 patribus
2331 1575 2399 1629 pia

201 1641 393 1684 fidelium
427 1642 656 1685 devotione
689 1643 866 1695 donata,
912 1642 1151 1684 Romanam
1183 1643 1412 1684 ecclesiam
1445 1647 1592 1684 nostro
1626 1644 1862 1698 patrocinio
1897 1643 2240 1685 commendatam
2275 1642 2400 1683 dilla-

200 1710 405 1768 pidando,
453 1713 645 1768 largitur.
750 1712 859 1772 ,(21)
906 1711 1060 1768 Itaque
1109 1725 1196 1753 non
1252 1712 1433 1754 miretur
1484 1712 1772 1754 universalis‘l
1825 1713 2031 1754 ecclesiar
2085 1726 2162 1754 nec
2216 1713 2401 1768 populus

202 1780 482 1833 christianus,
523 1782 558 1823 si
589 1796 668 1824 nos
701 1782 824 1824 talis*³
857 1781 1130 1824 sentenciast
1162 1780 1315 1822 iudicis
1347 1795 1432 1823 non
1467 1788 1705 1833 veremuru,
1738 1796 1820 1823 non
1854 1783 1894 1823 in
1929 1786 2205 1837 contemptuv
2237 1781 2403 1837 papalis

203 1849 332 1892 officii
364 1851 433 1892 vel
464 1852 731 1907 appostolice
763 1851 1002 1907 dignitatis,
1036 1851 1103 1892 eui
1137 1864 1287 1892 omncs
1321 1851 1547 1892 ortodosse
1579 1850 1680 1892 fidei
1712 1851 1980 1906 professores
2005 1856 2047 1892 et
2070 1865 2146 1892 nos
2171 1851 2402 1906 specialius

203 1919 358 1961 ceteris
402 1920 584 1963 subesse
627 1921 833 1973 fatemur,
879 1925 946 1963 set
987 1933 1170 1976 persone
1213 1921 1603 1976 prevaricationem
1644 1922 1882 1976 arguimus,
1927 1935 2008 1976 que
2057 1935 2101 1962 se
2142 1921 2250 1961 solio
2297 1921 2402 1961 tanti

203 1988 425 2044 regiminis
463 1991 718 2032 monstravit
755 1989 1025 2046 indignamw.
1094 1989 1151 2030 Et
1192 1994 1267 2031 utx
1308 2004 1458 2032 omnes
1499 1991 1705 2046 primates
1740 1991 1921 2031 nominis
1955 1990 2173 2031 christiani
2208 1995 2401 2030 sanctum

202 2057 454 2101 intentionis
491 2065 667 2102 nostrey
708 2060 976 2117 propositum
1020 2064 1062 2101 et
1102 2060 1170 2115 pie
1212 2059 1458 2101 devotionis
1499 2060 1639 2101 zelum
1673 2060 1716 2101 in
1758 2060 1882 2101 nobis
1915 2064 2174 2115 agnoscant,
2218 2063 2261 2099 et
2293 2058 2403 2112 quod

203 2141 286 2170 non
318 2142 374 2170 ex
407 2127 494 2170 odii
524 2129 693 2183 fomite,
734 2134 802 2172 set
833 2144 890 2172 ex
923 2143 1055 2171 causa
1087 2129 1326 2170 iustissima
1360 2129 1427 2170 vel
1460 2130 1733 2171 neccessaria
1763 2129 1986 2170 Romanus
2019 2128 2218 2184 princeps
2252 2133 2401 2169 eontra

202 2195 447 2240 Romanum
480 2199 718 2241 antistitem
751 2204 1062 2250 commovetur,
1095 2198 1196 2240 dum
1229 2198 1384 2240 metuit
1414 2212 1467 2240 ne
1500 2212 1608 2253 grex
1640 2198 1881 2240 dominicus
1915 2198 1993 2239 sub
2027 2198 2100 2239 tali
2130 2203 2299 2252 pastore
2325 2211 2401 2252 per

205 2265 331 2308 devia
372 2267 631 2322 deducatur,
676 2282 778 2311 ecce
821 2269 934 2325 quod
977 2272 1254 2310 sacrosancte
1286 2267 1481 2309 Romane
1522 2268 1709 2310 ecclesie
1753 2267 1992 2309 cardinales
2036 2281 2111 2323 per
2150 2267 2401 2321 sanguinem

202 2335 304 2378 Iesu
328 2335 490 2379 Christi
520 2341 564 2380 et
586 2338 665 2380 sub
689 2339 970 2380 attestatione
994 2337 1125 2379 divini
1147 2337 1293 2379 iudicii
1317 2351 1394 2393 per
1416 2338 1597 2378 nuncios
1621 2340 1790 2378 nostros
1816 2341 1859 2378 et
1882 2337 2074 2378 litterasz
2107 2341 2403 2383 attestam11r³,

203 2408 250 2446 ut
280 2407 486 2461 generale
517 2408 746 2449 concilium
777 2408 1043 2464 prelatorum
1076 2411 1119 2449 et
1153 2407 1336 2448 aliorum
1369 2405 1527 2448 Christi
1557 2406 1749 2447 fidelium
1784 2405 1971 2447 debeant
2003 2419 2203 2447 evocare:
2237 2405 2402 2445 nunciis

204 2475 362 2518 etiamb
393 2476 575 2518 vestris0
607 2481 650 2519 et
681 2477 947 2534 reliquorum
978 2477 1220 2533 principum
1252 2476 1497 2526 accersitis,
1530 2476 1573 2516 in
1605 2489 1785 2530 quorum
1819 2474 2047 2530 presencia
2078 2488 2156 2515 nos
2190 2475 2268 2529 ipsi
2303 2488 2397 2529 pre-

203 2549 347 2588 sentes
380 2550 535 2588 cuncta
567 2561 649 2602 que
681 2547 870 2589 diximus
903 2561 1051 2589 sumus
1083 2545 1344 2588 hostendere
1378 2550 1422 2587 et
1454 2545 1637 2601 probare
1670 2545 1821 2600 parati,
1855 2548 1897 2586 ct
1931 2543 1994 2584 his
2026 2542 2183 2585 etiam<l
2216 2542 2399 2583 duriora.

204 2612 299 2671 (22)
328 2614 421 2657 Nec
451 2616 591 2658 minus
621 2616 696 2658 illa
726 2616 940 2672 probabili
971 2617 1139 2658 ratione
1173 2615 1409 2665 turbamur,
1444 2613 1560 2669 quod
1591 2614 1671 2656 iste
1705 2618 1848 2655 rector
1879 2613 2083 2657 ecclesie.
2117 2612 2187 2666 qui
2222 2611 2402 2652 deberet

204 2698 300 2726 esse
322 2685 527 2726 virtutum
550 2685 856 2741 quarumlibet,
891 2690 985 2727 sete
1007 2684 1256 2727 constancie
1279 2683 1500 2734 maximef,
1539 2697 1613 2724 vas
1638 2683 1824 2724 electum
1835 2689 1867 2732 Β,
1900 2686 2047 2723 contra
2072 2681 2400 2736 promissionem

205 2766 327 2794 suam
358 2753 516 2796 litteris
549 2755 638 2796 suis
670 2754 722 2796 de
763 2755 943 2796 fratrum
976 2754 1154 2796 consilio
1188 2754 1311 2795 nobis
1346 2753 1523 2803 factam,
1565 2766 1640 2807 per
1679 2765 1785 2806 quas
1828 2751 1868 2791 in
1912 2749 2201 2791 restaurandis
2235 2749 2398 2803 imperii

339 2889 427 2927 215.
461 2892 490 2935 ε3)
517 2893 689 2928 Florentie
713 2892 746 2928 2.
770 2892 803 2927 4.
828 2893 861 2927 5.
1003 2892 1029 2936 t)
1054 2893 1224 2926 delatione
1248 2891 1279 2925 2.
1307 2891 1339 2925 5.
1472 2890 1506 2931 u)
1531 2901 1573 2924 ac
1597 2890 1627 2924 3.
1746 2890 1779 2931 v)
1804 2890 1986 2933 approbate
2012 2888 2041 2921 3.
2163 2889 2203 2929 W)
2230 2888 2344 2920 haberi
2370 2888 2401 2920 3.

203 2948 238 2991 x)
262 2950 353 2992 quod
376 2948 410 2983 3.
549 2951 582 2993 5)
619 2953 836 2985 mercationis
860 2951 892 2984 2.
1033 2950 1063 2994 z)
1100 2951 1203 2983 libras
1229 2948 1260 2982 2.
1403 2948 1435 2990 a)
1473 2949 1563 2982 deest
1587 2947 1618 2980 3.
1760 2947 1793 2989 ¹²)
1828 2954 1999 2980 teneretur
2024 2946 2054 2978 3.
2197 2949 2227 2984 ο)
2254 2945 2343 2977 decu
2368 2945 2400 2978 3.

204 3004 238 3049 d)
263 3007 417 3041 scilentio
443 3007 471 3041 l.
591 3009 621 3049 θ)
646 3010 786 3053 Sipham
811 3009 842 3042 2.
868 3008 905 3050 3;
932 3009 1058 3042 Scisam
1083 3005 1120 3045 4;
1146 3007 1299 3050 Sypham
1325 3006 1502 3038 mullerem
1529 3006 1718 3037 naturalem
1745 3005 1777 3038 5.
1896 3002 1924 3043 s)
1951 3004 2050 3043 deese,
2075 3003 2201 3035 lacuna
2226 3003 2345 3034 relicta
2369 3004 2401 3036 2.

204 3062 238 3107 Β)
261 3065 554 3109 archiepiscopum
579 3065 611 3099 2.
636 3066 668 3100 5.
808 3065 844 3108 11)
870 3066 976 3100 Bel'm
1004 3065 1039 3106 1;
1078 3065 1209 3098 Iheliuo
1233 3064 1272 3103 ⁴2;
1310 3063 1458 3096 lecelino
1485 3061 1524 3103 3;
1564 3062 1706 3095 libelino
1731 3061 1768 3102 4;
1812 3062 1954 3093 [Thalino
1981 3059 2012 3092 5.
2136 3060 2157 3100 ἱ)
2183 3063 2342 3093 (fes-sarva
2374 3061 2400 3093 l.

204 3117 236 3162 k)
263 3122 463 3156 Amendolio
487 3122 520 3156 2.
545 3122 585 3165 4;
610 3125 813 3158 Amendolia
838 3123 870 3157 3.
897 3123 928 3156 5.
1068 3120 1092 3163 l)
1117 3122 1180 3154 sub
1207 3121 1393 3153 ditionibus
1419 3121 1451 3152 2.
1568 3120 1611 3161 m)
1636 3120 1734 3152 etiam
1761 3118 1799 3157 2;
1826 3119 1925 3151 etiam
1952 3124 1983 3150 et
2008 3118 2039 3149 3.
2065 3116 2096 3149 5.
2215 3122 2246 3156 ¹¹)
2272 3118 2345 3149 eius
2370 3117 2402 3150 3.

204 3177 237 3221 ⁰)
272 3180 438 3214 Romanie
466 3179 499 3214 3.
639 3181 672 3223 P)
709 3182 800 3215 deest
822 3181 855 3215 3.
996 3185 1027 3218 (ι)
1065 3192 1154 3212 corr.
1184 3179 1217 3219 13
1255 3183 1375 3211 sancta
1409 3177 1490 3210 add.
1514 3178 1546 3210 2.
1687 3182 1713 3216 r)
1753 3187 1815 3208 nec
1849 3186 1944 3217 reges
1976 3181 2035 3207 aut
2068 3175 2235 3217 principes
2269 3175 2350 3207 add.
2368 3175 2400 3205 5.

205 3236 234 3278 Β)
257 3237 342 3271 tales
365 3237 398 3271 2.
514 3238 542 3279 t)
567 3240 780 3273 scentencias
807 3239 844 3278 1;
883 3239 1093 3272 sentenciam
1118 3236 1150 3270 3.
1267 3236 1301 3274 ιι)
1327 3247 1529 3268 veneremur
1554 3235 1585 3267 2.
1709 3234 1741 3273 v)
1767 3239 1996 3276 contemptum
2025 3233 2053 3265 1.
2082 3232 2112 3264 2.
2139 3232 2170 3265 3.
2288 3235 2328 3274 w)
2355 3233 2402 3264 in-

206 3294 348 3338 dignum
379 3293 411 3327 2.
444 3294 476 3329 3.
506 3295 539 3328 4.
678 3295 713 3340 Χ)
751 3298 840 3330 deest
870 3296 902 3330 3.
1042 3294 1075 3338 y)
1112 3299 1226 3327 nostre
1259 3293 1456 3326 intentionis
1487 3292 1519 3324 2.
1660 3291 1690 3334 z)
1728 3302 1786 3333 per
1825 3291 1938 3323 literas
1970 3295 2104 3322 nostras
2138 3296 2171 3322 et
2202 3291 2344 3322 nuncios
2369 3289 2401 3321 3.

206 3350 239 3392 a)
263 3352 515 3386 obsecravimus
539 3352 571 3386 5.
711 3351 744 3395 b)
770 3364 906 3397 quoque
931 3352 969 3393 33
1000 3353 1091 3386 deest
1113 3351 1144 3384 5.
1287 3349 1318 3391 c)
1349 3350 1471 3382 nostris
1495 3349 1517 3381 2
1534 3367 1570 3370 -
1588 3348 1619 3381 5.
1760 3345 1793 3387 d)
1825 3347 1914 3380 deest
1937 3347 1968 3379 2.
2109 3347 2138 3387 e)
2165 3358 2225 3379 seu
2250 3346 2282 3379 2.
2307 3345 2338 3378 4.
2365 3344 2401 3386 5;

207 3413 240 3441 et
263 3407 295 3442 3.
375 3408 406 3452 f)
443 3411 533 3443 sine
563 3412 725 3445 maculo
755 3411 1011 3455 cupiditatis
1043 3410 1124 3442 add.
1143 3410 1174 3443 3.
1268 3408 1301 3449 8)
1341 3418 1389 3440 ne
1420 3418 1536 3440 error
1566 3406 1767 3439 maiorum
1799 3405 1839 3437 in
1870 3405 2061 3437 subditos
2096 3409 2403 3447 propagaretur

207 3476 297 3499 cum
327 3472 545 3501 aucmento
569 3469 652 3501 add.
669 3467 701 3502 3.

346 3558 378 3600 1)
413 3557 690 3603 Robacomitem,
718 3562 928 3603 potestatem
959 3569 1069 3603 usque
1099 3557 1148 3591 acl
1179 3568 1211 3590 a.
1236 3559 1337 3595 123&
1374 3566 1400 3588 r.
1426 3554 1523 3588 Ann.
1550 3553 1708 3587 Placent.
1742 3551 1805 3586 δ’δ’.
1827 3551 1867 3585 Χ
1878 3551 1983 3593 VIII,
2000 3556 2074 3585 479.
2192 3550 2213 3583 2
2217 3561 2228 3592 )
2261 3548 2403 3583 Eschioe

206 3613 284 3656 filia
316 3614 449 3650 Odonis
479 3615 522 3650 de
552 3617 682 3651 Monte
718 3616 882 3651 Bel-tardi
913 3615 1138 3650 comestabuli
1165 3613 1266 3658 rngni
1298 3611 1580 3647 lerosolimitam‘.
1722 3610 1757 3652 3)
1786 3608 2025 3653 Eustoryium.
2166 3607 2201 3649 4)
2227 3604 2401 3639 Aulidem.

209 3671 245 3715 5)
269 3671 479 3717 Amyclam,-
503 3674 548 3716 cf.
576 3674 662 3718 Req.
688 3674 768 3718 imp.
794 3673 834 3717 V,
858 3679 1025 3709 m·.1749.
1051 3678 1141 3708 1751.

344 3745 394 3772 u..
419 3747 704 3771 cons‘rrrurionss
727 3748 760 3771 11.
2086 3726 2131 3759 38
