2558 3970
105 909 137 934 10

105 1263 135 1287 15

102 1954 134 1981 25

103 2302 137 2328 30

105 2648 137 2674 35

106 2996 140 3022 40

679 161 881 196 ALFONSI
910 161 1048 196 REulS
1074 161 1502 196 CONSTl'rU'rloNEs.
1556 163 1652 197 1256.
1704 163 1764 197 Nr.
1783 164 1860 197 394.
2285 168 2364 206 ,195

180 290 275 318 cum
311 291 388 319 suo
424 278 580 319 vexillo
614 277 860 332 triumphali
895 277 1052 319 ibidem
1086 292 1159 318 eos
1193 293 1287 319 esse
1321 279 1451 319 faciet
1482 279 1535 319 ad
1570 278 1670 319 dicti
1704 279 1853 320 sindiei
1880 280 2143 320 voluntatem
2167 285 2210 320 et
2233 280 2364 334 ipsius

177 346 369 387 comunis
404 346 496 387 sine
527 345 610 388 Dei
643 346 962 403 impedimento.
1025 346 1150 394 Quod
1183 347 1217 387 si
1253 347 1607 402 impedimentum
1642 348 1830 395 adesset,
1865 349 1976 404 quod
2002 349 2122 391 Deus
2157 350 2365 400 advertat,

176 415 259 457 hoc
291 415 404 458 idem
445 417 578 458 faciet
616 422 660 458 et
691 417 859 458 curabit
892 417 1018 458 citius
1052 431 1178 471 quam
1222 418 1379 472 poterit
1413 424 1454 457 ct
1487 418 1674 458 maxime
1710 418 1748 457 in
1784 419 1964 458 termino
1997 419 2049 459 ab
2084 419 2171 473 ipso
2204 418 2364 459 sindico

177 499 253 540 pro
287 486 456 527 comuni
487 485 715 527 Pisarumg
746 486 813 528 vel
847 486 899 527 ab
933 486 1028 541 ipso
1061 486 1233 527 comuni
1267 486 1559 541 prorogando,
1604 492 1725 541 prout
1759 486 1836 527 sibi
1873 487 2026 528 viderit
2060 488 2265 543 expedire
2301 488 2364 528 vel

174 553 289 595 dicto
331 555 501 596 comuni
535 555 746 596 videbitur
786 555 990 610 expedire
1025 555 1089 595 vel
1133 555 1339 609 indigere.
1456 556 1521 609 (3)
1567 555 1620 595 Et
1663 555 1771 610 quod
1816 555 1977 596 dietum
2019 558 2289 612 capitaneum
2324 563 2367 597 et

175 623 268 665 eius
301 624 570 665 consiliarios
602 625 793 680 aliosque
826 624 1037 665 officiales
1072 637 1173 664 suos
1206 625 1453 665 successive
1488 625 1627 665 iurare
1662 626 1790 665 faciet
1815 632 1858 666 et
1890 626 2151 681 promittere.
2186 626 2295 681 quod
2331 627 2365 666 si

174 693 415 748 oportuerit
446 698 489 734 et
520 708 669 749 pacem
703 695 769 735 vel
804 698 1029 748 treuguam
1064 707 1159 734 cum
1195 693 1353 733 honore
1387 698 1430 734 et
1463 698 1575 734 statu
1611 695 1806 734 comunis
1843 695 2035 735 l’isarum
2071 710 2164 735 cum
2199 696 2364 736 linceu-

174 761 315 813 sibus,
357 762 616 804 Florentinis
657 768 700 805 et
732 763 1021 805 Ianuensibus
1065 767 1107 804 et
1147 777 1293 804 eorum
1338 763 1601 805 sanctoribus
1642 770 1684 805 et
1726 765 1977 805 auctoribus
2011 770 2053 805 et
2086 766 2365 820 complu-ilius

177 830 319 873 facere
352 846 436 874 non
469 832 686 888 possenth,
726 833 887 874 facient
919 833 1058 874 vivam
1092 846 1293 887 guerram
1328 847 1422 873 cum
1457 833 1584 873 dictis
1618 834 1824 874 militibus
1859 840 1901 875 et
1935 835 2166 875 balistariis
2201 840 2242 874 vt
2277 839 2365 874 toto

175 914 254 942 suo
286 915 433 956 posse,
475 905 518 943 et
550 901 689 943 dictus
722 901 921 943 dominus
956 916 1032 942 rex
1066 902 1156 943 fleri
1190 902 1352 943 facerei
1388 903 1526 943 vivam
1559 917 1758 957 guerram
1795 917 1879 943 una
1913 917 2007 943 eum
2041 904 2207 944 comuni
2245 903 2362 943 l'isa-

175 976 297 1012 ruml3
339 970 542 1026 predictis
579 970 839 1013 adversariis
879 972 1022 1012 Pisani
1063 971 1258 1012 comunis
1299 975 1342 1013 et
1387 985 1462 1012 eos
1502 971 1552 1012 de
1597 976 1688 1012 toto
1722 986 1798 1012 suo
1834 986 1957 1027 posse
1992 978 2035 1012 et
2068 972 2254 1012 dominio
2289 987 2363 1011 ex-

172 1038 340 1080 banniri
377 1040 508 1082 faciet
542 1065 592 1070 ——
627 1040 822 1096 exceptis
864 1040 952 1092 his,
995 1041 1065 1096 qui
1103 1039 1365 1081 domicilium
1408 1040 1569 1082 habent
1608 1041 1647 1081 in
1691 1045 1804 1081 terra
1843 1055 1921 1081 sua
1954 1042 2017 1081 vel
2062 1047 2160 1082 sunt
2204 1040 2254 1081 de
2289 1055 2365 1080 sua

173 1108 334 1150 familia
370 1109 439 1150 vel
478 1109 533 1151 ad
576 1109 838 1152 manendum
881 1123 976 1151 cum
1019 1124 1071 1151 eo
1110 1113 1153 1151 ot
1192 1110 1233 1150 in
1274 1109 1450 1151 servitio
1491 1124 1566 1150 suo
1611 1109 1871 1152 accederent
1904 1135 1955 1138 ---
1989 1115 2032 1151 et
2065 1126 2139 1151 eos
2181 1125 2254 1165 pro
2289 1125 2365 1150 cx-

174 1177 361 1220 bannitis
400 1178 578 1221 habebit
618 1179 773 1220 totiens
812 1179 1014 1234 quotiens
1048 1193 1156 1235 opus
1190 1183 1309 1220 esset
1341 1184 1384 1220 et
1416 1177 1551 1219 donec
1591 1179 1730 1233 ipsum
1765 1193 1944 1220 comune
1980 1180 2019 1219 in
2055 1194 2159 1233 pace
2194 1193 2366 1233 semper

174 1248 367 1304 posuerit
406 1252 448 1290 et
495 1249 536 1290 in
585 1248 761 1304 pacifico
800 1252 913 1289 statu
954 1248 1245 1304 permanserit
1289 1252 1332 1289 et
1373 1247 1550 1289 eosdem
1594 1247 1864 1288 adversaries
1903 1247 1955 1288 ad
2003 1247 2252 1289 fidelitatem
2297 1248 2364 1288 vel

172 1317 405 1359 amicitiam
446 1332 567 1359 suam
607 1317 710 1359 dicti
742 1317 902 1359 domini
942 1317 1058 1372 regis
1092 1317 1362 1359 revocaverit
1401 1331 1495 1357 eum
1529 1317 1642 1357 omni
1687 1317 1797 1358 bono
1839 1322 1953 1358 statu
1987 1318 2250 1358 Pisanorum.
2319 1316 2363 1356 ln

171 1401 255 1443 qua
285 1401 390 1442 pace
424 1387 494 1428 vel
527 1391 681 1443 tregua
714 1387 780 1428 vel
814 1387 1003 1429 amicitia
1034 1401 1131 1428 cum
1163 1386 1314 1437 fuerit,
1349 1390 1435 1426 tam
1469 1386 1743 1441 priseionesk
1777 1400 1903 1441 quam
1939 1386 2133 1435 obsides,
2167 1386 2237 1440 qui
2272 1385 2367 1426 hinc

174 1455 272 1498 inde
306 1457 374 1498 vel
408 1471 464 1498 ex
497 1456 642 1512 aliqua
674 1460 794 1512 parte
829 1460 989 1506 essent,
1022 1455 1164 1497 dictus
1198 1455 1396 1496 dominus
1431 1470 1508 1497 rex
1541 1455 1677 1497 libere
1711 1456 1841 1496 faciat
1875 1456 2073 1496 relaxari.
2138 1455 2192 1495 Et
2224 1456 2257 1496 si
2292 1470 2368 1510 per

175 1526 532 1581 compromissum
567 1526 634 1567 vel
666 1540 743 1581 per
776 1525 981 1567 iudicium
1006 1526 1073 1566 vel
1107 1540 1184 1581 per
1217 1525 1572 1580 compositionem
1607 1529 1752 1580 partes
1787 1524 1978 1580 predicte
2013 1525 2051 1565 in
2086 1538 2236 1565 manus
2268 1524 2366 1564 dicti

173 1594 332 1637 domini
365 1596 477 1651 regis
511 1595 579 1637 vel
611 1596 678 1636 sui
713 1595 860 1636 vicarii
892 1595 960 1636 vel
994 1595 1131 1636 nuntii
1165 1594 1430 1646 devenerint,
1465 1598 1608 1636 castra
1642 1598 1685 1635 et
1718 1595 1883 1643 omnia,
1916 1609 1997 1649 que
2032 1608 2211 1635 comune
2246 1594 2366 1634 l'isa-

173 1672 297 1707 rumg
330 1679 443 1707 nunc
475 1665 683 1721 possidet,
716 1664 857 1707 eidem
890 1665 1061 1706 comuni
1095 1664 1149 1706 ad
1182 1664 1388 1706 honorem
1411 1667 1453 1704 et
1478 1664 1698 1705 servitium
1723 1663 1826 1705 dicti
1850 1663 2010 1704 domini
2034 1664 2147 1718 regis
2171 1663 2367 1713 salvabit,

172 1735 217 1775 in
248 1738 455 1790 quantum
495 1734 688 1776 decuerit
727 1734 888 1776 dictum
920 1748 1089 1790 regem,
1131 1738 1174 1775 et
1206 1747 1387 1774 comune
1422 1733 1618 1774 Pisarum
1657 1733 1698 1773 in
1746 1733 1826 1774 hoe
1860 1733 2094 1774 honorifice
2126 1732 2366 1773 sustinebit.

171 1802 237 1860 (4)
268 1803 326 1845 Et
362 1804 398 1845 si
436 1803 576 1846 dictus
619 1803 816 1845 dominus
854 1817 931 1845 rex
974 1817 1154 1858 regnum
1189 1802 1336 1844 Sicilie
1380 1801 1604 1853 habuerit,
1647 1802 1740 1857 ipse
1774 1802 1842 1843 vel
1883 1816 1986 1842 suus
2027 1802 2137 1842 filius
2179 1806 2253 1842 aut
2284 1802 2370 1842 alia

171 1888 357 1930 persona
389 1888 467 1930 pro
500 1873 642 1929 aliquo
675 1887 824 1916 eorum
856 1872 1013 1914 ibidem
1046 1872 1227 1914 Pisanos
1259 1871 1463 1913 tractabit
1496 1876 1539 1912 et
1571 1871 1744 1912 tractari
1778 1871 1908 1913 faciet
1940 1871 2073 1912 libere
2099 1871 2139 1911 in
2173 1871 2368 1926 personis

173 1948 217 1986 et
247 1943 477 1995 mercibus,
511 1943 604 1984 sine
637 1943 780 1998 aliquo
813 1942 970 1984 dirictu
1003 1946 1047 1983 et
1079 1956 1173 1983 cum
1207 1955 1351 1983 eorum
1386 1940 1635 1982 consulibus
1668 1940 1720 1981 ab
1754 1939 1915 1981 eisdem
1953 1939 2123 1980 Pisanis
2157 1939 2368 1994 eligendis

171 2017 215 2054 et
246 2027 341 2054 cum
376 2013 491 2054 omni
523 2026 601 2054 sua
633 2011 903 2054 iurisditione
937 2011 1050 2053 inter
1081 2026 1126 2053 se
1159 2011 1277 2066 ipsos
1310 2014 1354 2052 et
1386 2010 1438 2051 de
1461 2023 1506 2051 sc
1540 2009 1644 2065 ipsis
1668 2014 1829 2051 etcum
1858 2009 2056 2050 fundacis
2080 2013 2121 2050 et
2144 2008 2369 2064 apothecis

175 2081 337 2125 eisdem
369 2082 423 2124 ab
455 2082 550 2138 ipso
583 2082 757 2123 domino
789 2096 892 2137 rege
926 2080 1086 2123 ibidem
1118 2079 1423 2132 concedendis,
1457 2078 1609 2121 etiam¹
1642 2093 1738 2120 cum
1770 2078 2091 2120 confirmatione
2116 2092 2263 2120 eorum
2287 2091 2368 2132 que

172 2151 215 2193 in
247 2151 479 2207 privilegiis
501 2152 754 2194 Pisanorum
787 2152 1061 2193 eontinentur
1093 2154 1136 2192 et
1166 2154 1285 2191 tanto
1316 2150 1426 2205 pluS,
1460 2152 1620 2204 quanto
1645 2148 1697 2190 de
1721 2148 1824 2190 dicti
1849 2148 2011 2189 domini
2035 2147 2149 2202 regis
2173 2147 2369 2202 largiflua

171 2222 434 2277 processerit
481 2222 718 2265 voluntate.
839 2219 904 2277 (5)
945 2220 1004 2262 Et
1046 2220 1126 2262 hoc
1173 2219 1288 2261 idem
1335 2233 1391 2261 ex
1432 2232 1543 2260 nunc
1584 2217 1714 2270 facit,
1762 2217 1836 2259 dat
1879 2221 1922 2259 et
1961 2215 2158 2258 coneedit
2198 2215 2250 2257 de
2293 2230 2370 2256 sua

174 2291 407 2333 elementia
445 2295 488 2333 et
532 2291 584 2333 ad
629 2289 995 2347 augmentandam
1039 2289 1271 2346 puritatem
1312 2287 1413 2329 fidei
1445 2288 1700 2329 Pisanorum
1734 2287 1777 2328 in
1812 2287 1955 2342 regnis
1988 2286 2098 2335 suis,
2143 2299 2224 2340 que
2258 2298 2369 2325 nunc

172 2360 324 2413 habet,
371 2366 414 2403 et
444 2361 488 2403 in
519 2361 644 2403 terris
677 2366 720 2403 et
751 2361 916 2416 regnis,
957 2373 1039 2415 que
1072 2359 1115 2400 in
1147 2363 1277 2400 antea
1308 2357 1495 2399 Domino
1529 2357 1660 2398 dante
1693 2356 1991 2412 acquisiverit,
2033 2359 2075 2396 et
2107 2354 2204 2395 inde
2237 2354 2366 2409 privi-

173 2430 334 2486 legium
367 2431 577 2472 bullatum
611 2445 689 2472 sua
720 2431 838 2472 bulla
869 2442 1003 2472 aurea
1035 2428 1176 2471 eidem
1209 2427 1373 2469 sindico
1405 2441 1481 2482 pro
1515 2427 1606 2483 ipso
1639 2427 1809 2468 comuni
1844 2431 1886 2467 et
1919 2426 2002 2481 ipsi
2034 2424 2202 2466 comuni
2226 2423 2279 2464 ad
2304 2424 2367 2464 sui

173 2500 495 2556 requisitionem
535 2501 775 2542 liberaliter
819 2498 1042 2541 concedet.
1162 2496 1227 2553 (6)
1267 2496 1323 2537 Et
1363 2496 1398 2537 si
1437 2496 1664 2550 contigerit
1704 2509 1801 2537 eum
1843 2495 2110 2549 conquistam
2149 2494 2292 2534 faeere
2327 2492 2368 2532 in

176 2568 358 2611 Garbom
390 2569 460 2611 vel
480 2569 630 2612 Africa
651 2571 720 2612 vel
752 2570 856 2611 alibi
877 2583 973 2611 cum
996 2567 1209 2609 adiutorio
1232 2566 1504 2616 Pisanorum,
1539 2579 1666 2621 quam
1688 2564 1902 2606 Dominus
1925 2562 2172 2620 providerit,
2208 2561 2366 2602 ibidem

173 2638 342 2681 Pisanis
375 2639 560 2681 similem
593 2639 917 2681 concessionem
948 2638 1079 2679 faciet
1111 2642 1155 2678 et
1186 2635 1458 2691 privilegium
1492 2633 1701 2676 concedet
1734 2638 1776 2675 et
1808 2637 1974 2688 partem
2007 2632 2231 2687 conquisto
2267 2629 2365 2671 inde

175 2709 347 2750 comuni
378 2709 605 2750 Pisarumg
637 2708 769 2761 dabit,
802 2721 930 2764 quam
963 2721 1085 2749 suam
1109 2706 1306 2748 decuerit
1327 2705 1614 2746 maiestatem.
1726 2702 1791 2759 (7)
1824 2702 1880 2743 Et
1903 2701 2014 2757 quod
2037 2715 2212 2756 operam
2236 2699 2367 2750 dabit,

176 2792 273 2819 cum
311 2778 471 2821 effectu
511 2793 639 2835 quam
679 2779 862 2834 poterit,
908 2776 1020 2833 quod
1065 2779 1214 2817 sancta
1244 2774 1439 2816 Romana
1478 2774 1596 2815 curia
1636 2772 1931 2815 ecclesiastica
1963 2774 2006 2812 et
2046 2771 2138 2825 ipse
2172 2768 2366 2809 dominus

174 2862 288 2904 papa
317 2848 490 2891 Pisanis
523 2849 717 2891 remittat
749 2851 791 2888 et
821 2847 1006 2903 gratiam
1040 2850 1083 2887 et
1114 2844 1462 2886 benedictionem
1495 2856 1618 2883 suam
1651 2841 1814 2884 eisdem
1838 2839 2047 2882 concedat
2070 2843 2113 2880 et
2135 2839 2367 2893 impetrata

176 2917 230 2959 ab
263 2917 447 2959 inimicis
480 2921 523 2959 et
554 2917 811 2959 adversariis
842 2918 1032 2958 revocet.
1153 2912 1216 2969 (8)
1258 2912 1316 2954 Et
1356 2912 1391 2953 si
1431 2911 1587 2966 aliquis
1631 2911 1760 2962 alius,
1802 2909 1872 2964 qui
1905 2909 2069 2950 diceret
2103 2921 2148 2948 se
2181 2907 2366 2948 electum

175 2987 219 3028 in
258 3001 408 3042 regem
447 2988 516 3029 vel
556 2988 600 3029 in
641 2987 946 3042 imperatorem
985 2985 1300 3034 Romanorum,
1345 2982 1414 3023 vel
1457 2985 1577 3024 esset
1616 2984 1846 3035 usurpator
1878 2978 1945 3020 vel
1984 2978 2194 3027 intrusus,
2237 2975 2367 3016 vellet

175 3070 357 3112 gravare
389 3057 572 3099 Pisanos
605 3056 658 3099 de
693 3057 899 3099 comitatu
931 3059 975 3097 et
1006 3053 1254 3096 civitatibus
1289 3055 1332 3093 et
1363 3051 1515 3092 castris
1550 3054 1592 3092 et
1624 3049 1735 3090 villis
1770 3052 1812 3090 et
1853 3046 2004 3088 insulis
2038 3045 2106 3087 vel
2139 3044 2191 3086 de
2225 3043 2367 3098 aliquo

177 3126 470 3181 predictorum
503 3141 580 3168 seu
611 3126 664 3168 de
698 3126 842 3182 aliquo
875 3125 973 3176 alio,
1007 3124 1119 3180 quod
1151 3123 1366 3179 pertineat
1397 3120 1452 3162 ad
1483 3120 1681 3171 Pisanos,
1714 3119 1782 3160 vel
1815 3117 2107 3172 calumpniare
2130 3114 2198 3156 vel
2232 3114 2365 3155 mole-

180 3199 295 3237 stare
329 3195 398 3237 vel
434 3209 635 3251 guerram
672 3196 816 3237 facere
852 3208 928 3250 pro
970 3208 1039 3245 eo,
1085 3191 1198 3248 quod
1241 3191 1323 3246 ipsi
1354 3189 1532 3231 Pisanig
1564 3188 1704 3230 eidem
1737 3187 1909 3228 domino
1950 3185 2040 3240 regi
2074 3183 2365 3233 adheserintfl,

123 3304 136 3315 ,,
178 3266 249 3307 vel
281 3280 336 3307 ex
367 3265 453 3306 alia
483 3265 628 3320 aliqua
660 3278 790 3306 eausa
820 3264 889 3305 vel
916 3276 992 3319 pro
1024 3275 1089 3314 eo,
1108 3260 1235 3317 vquod
1265 3258 1451 3301 eundem
1483 3272 1560 3313 pro
1594 3258 1854 3312 imperatore
1878 3255 2038 3296 habere
2061 3252 2276 3294 voluerint
2299 3252 2366 3292 vel

110 3345 142 3371 45

178 3335 414 3386 tenuerint,
454 3334 628 3376 eosdem
660 3334 840 3375 Pisanos
879 3332 1016 3373 dictus
1058 3330 1255 3372 dominus
1299 3342 1377 3369 rex
1416 3325 1622 3368 defendet
1661 3329 1748 3366 toto
1789 3338 1917 3380 posse
1958 3327 1999 3364 et
2031 3320 2204 3363 defendi
2236 3320 2367 3361 faciet

178 3407 269 3445 toto
300 3417 378 3458 per
410 3417 457 3445 se
489 3407 532 3445 et
562 3418 663 3444 suos
694 3403 805 3444 filios
839 3406 882 3443 et
913 3399 1097 3443 heredes
1129 3399 1173 3439 in
1204 3401 1478 3453 perpetuum.
1539 3394 1635 3436 Hoc
1667 3394 1782 3436 idem
1805 3393 1937 3435 faciet
1958 3396 2043 3433 tam
2067 3394 2217 3431 contra
2240 3403 2367 3444 reges

181 3476 225 3515 et
255 3472 466 3524 dominos,
500 3473 699 3515 civitates
733 3476 776 3514 et
806 3472 902 3513 loca
933 3484 1061 3526 quam
1093 3472 1239 3510 eontra
1271 3479 1420 3507 omnes
1453 3465 1585 3515 alios,
1618 3461 1817 3505 faciendo
1850 3461 1949 3503 inde
1982 3461 2122 3501 vivam
2155 3471 2365 3514 guerram,

181 3542 218 3583 si
257 3541 515 3598 oportuerit,
557 3546 599 3583 et
635 3556 721 3583 non
762 3539 962 3583 faciendo
1003 3538 1103 3580 inde
1142 3549 1294 3593 pacem
1331 3534 1495 3589 absque
1526 3533 1725 3574 Pisanisg
1757 3535 1800 3574 et
1837 3544 1973 3586 usque
2018 3528 2072 3571 ad
2110 3527 2366 3582 condignam

319 3643 405 3680 394.
438 3644 473 3688 8)
497 3646 555 3689 pis
570 3657 619 3679 or.
736 3643 771 3687 11)
797 3642 881 3688 p⁹1⁵et
905 3655 954 3677 or.
1059 3639 1084 3683 i)
1113 3640 1160 3673 sic
1177 3651 1246 3682 pro
1272 3638 1397 3672 faciet?
1421 3650 1470 3671 or.
1570 3635 1605 3679 k)
1632 3634 1744 3681 {scios
1768 3648 1816 3669 or.
1921 3633 1945 3678 l)
1973 3637 2160 3667 atramento
2178 3631 2367 3674 pallidiore

115 3709 149 3738 50
185 3714 274 3738 corr.
299 3715 339 3740 ex
364 3708 397 3736 et
421 3715 471 3740 or.
589 3702 633 3745 m)
658 3701 757 3737 Gabo
781 3714 833 3736 or.
948 3699 983 3742 ¹²)
1008 3700 1148 3733 adhese—l'
1172 3708 1222 3730 or.
