2558 3970
266 167 346 206 382
672 163 908 197 FHIDERICI
938 163 979 196 ll.
1007 162 1432 197 CONS'rl‘rU'rlONEs.
1462 163 1581 196 ⁴1:249.
1622 163 1718 196 1250.
1768 162 1924 196 Nr.2‘13.
1949 163 2025 196 274.

265 277 536 318 mandamus,
583 278 782 331 quatinus
825 276 982 316 dictum
1023 277 1223 317 comitem
1270 277 1459 331 legatum
1504 281 1546 317 et
1587 275 1801 330 presidem
1847 279 2041 315 nostrum
2082 279 2125 316 et
2164 275 2356 330 imperii,
2399 279 2445 315 ut

265 345 472 386 diximus.
513 345 554 384 in
593 345 772 398 regione
811 344 977 398 prefata
1019 359 1041 384 a
1084 349 1227 385 nostra
1262 345 1489 385 maiestate
1524 347 1751 395 statutum,
1796 348 2013 397 tamquam
2046 343 2264 398 presentie
2296 346 2442 384 nostre

266 414 507 468 speculum.
542 413 708 453 sincere
740 412 981 453 devotionis
1015 413 1242 454 affectibus
1276 413 1573 463 admittentes,
1610 411 1749 452 eidem
1781 424 1911 466 super
1942 410 2141 452 omnibus
2175 415 2217 452 et
2248 411 2444 465 singulis,

265 495 345 535 que
378 481 431 521 ad
465 481 694 521 comissum
728 481 808 521 sibi
840 480 1069 534 legationis
1095 485 1137 521 ct
1169 481 1411 535 presidatus
1435 481 1637 530 officium,
1671 483 1717 520 ut
1739 479 1936 534 superius
1965 482 2032 520 est
2054 492 2319 533 expressum,
2350 491 2445 533 per-

263 550 400 590 tinere
429 554 673 591 noscuntur.
707 555 921 603 tamquam
956 549 1194 590 maiestatis
1218 553 1360 590 nostre
1384 563 1580 605 persone,
1612 548 1666 589 ad
1687 548 1892 589 honorem
1915 551 1957 587 et
1978 547 2227 588 fidelitatem
2249 550 2440 587 nostram
2503 562 2517 585 5

264 617 507 666 intendere,
549 616 723 658 obedire
765 622 807 657 et
849 630 1000 671 parere
1036 617 1272 658 efficaciter
1304 617 1518 666 debeatis,
1560 621 1607 657 ut
1649 617 1923 657 devotionem
1954 619 2141 657 vestram
2178 615 2358 670 proinde
2391 615 2444 657 de

265 685 375 726 bono
409 686 450 725 in
483 686 635 726 melius
669 684 808 739 dignis
838 684 1030 726 laudium
1063 687 1277 740 preconiis
1312 685 1585 727 extollamus.

408 754 566 795 Datum
600 753 855 803 Beneventi,
903 767 1015 794 anno
1059 753 1270 795 dominice
1310 754 1615 795 incarnationis
1653 753 1881 794 millesimo
1923 751 2217 793 ducentesimo
2260 751 2445 807 quadra-

264 823 425 876 gesimo
458 836 581 863 nono.
616 835 764 862 mense
796 820 920 867 Iunii,
954 821 1054 863 VII.
1087 821 1347 863 indictionis.

844 1201 971 1269 274.
1028 1199 1870 1271 TESTAMENTUM.
2489 1231 2521 1254 10

1218 1324 1361 1372 1250.
1399 1325 1512 1372 Dec.

412 1469 732 1518 Testamentum,
773 1468 820 1509 de
858 1481 936 1520 quo
976 1481 1110 1519 nuper
1148 1470 1264 1509 acute
1302 1468 1588 1509 disseruerunt
1625 1468 1707 1508 viri
1738 1469 1786 1510 el.
1814 1467 2010 1521 Hartwiy
2041 1468 2347 1521 ‘Forsehunyen
2377 1481 2454 1509 eur

266 1535 498 1577 Deutsclzen
532 1535 778 1577 Geseliichte⁷
814 1535 925 1585 ΧΙΙ,
949 1538 1031 1576 631
1047 1549 1107 1588 sq.
1140 1539 1176 1576 et
1208 1536 1360 1577 Fielcer
1397 1537 1444 1576 in
1474 1535 1741 1589 Reyestorum
1782 1536 1948 1590 imperii
1985 1549 2092 1578 nova
2121 1535 2308 1586 editione,
2337 1536 2455 1578 nobis

256 1604 542 1655 praebuerimt
600 1604 638 1658 1)
684 1603 949 1658 apographon
994 1617 1182 1645 coaevum
1230 1605 1274 1644 in
1328 1605 1536 1646 tabulario
1581 1605 1830 1657 municipali
1879 1605 2142 1646 Cremonensi
2185 1607 2452 1655 asservatum,

266 1672 373 1724 quod
402 1673 620 1726 exscripsit
649 1672 905 1727 Hippolytus
938 1672 1091 1714 C'ereda
1123 1673 1158 1714 b.
1181 1687 1231 1713 in.
1264 1673 1393 1714 eidem
1426 1673 1634 1714 tabulario
1659 1673 1915 1724 praefectus,·
1946 1674 2063 1714 euius
2093 1673 2304 1725 exemplar
2335 1673 2452 1715 bene·
2490 1689 2522 1713 15

266 1740 464 1782 velentiae
505 1741 588 1781 viri
625 1741 672 1782 el.
702 1740 896 1793 Hartwiq
932 1741 1142 1794 debemus,-
1189 1741 1234 1796 2)
1273 1741 1471 1782 editiones
1508 1741 1614 1782 duae
1657 1742 1920 1791 transsumti,
1958 1741 2067 1793 quod
2105 1755 2144 1784 a.
2175 1742 2286 1783 1251
2321 1754 2456 1783 mense

266 1808 474 1849 Ianuario
505 1808 677 1850 Salerni
704 1809 800 1860 fieri
824 1807 1014 1863 fecerunt
1043 1809 1298 1850 Bertholdus
1329 1809 1510 1850 marchio
1541 1809 1589 1850 de
1614 1809 1866 1862 Hohenbury
1888 1812 1924 1850 et
1950 1808 2107 1851 Caesar
2127 1809 2457 1862 archiepiscopus

270 1875 564 1917 Salernitanus
577 1877 603 1927 ¹,
636 1880 673 1917 et
703 1876 865 1928 quidem
899 1877 978 1930 2a)
1011 1876 1134 1917 editio
1165 1877 1264 1918 libri
1294 1891 1320 1917 a
1352 1876 1476 1918 Petro
1501 1877 1725 1919 Giannone
1752 1878 1898 1929 scripti
1920 1877 2041 1919 ‘Deli'
2077 1878 2222 1919 istoria
2252 1878 2369 1920 civile
2389 1878 2455 1920 del

270 1957 392 1997 reyno
422 1945 466 1985 di
496 1945 652 1997 Napoli
691 1945 790 1986 libri
820 1944 912 1985 XL’
946 1944 1125 1997 (Napoli
1147 1947 1278 1995 1723)
1311 1948 1400 1987 tom.
1424 1946 1485 1996 II,
1514 1960 1555 1998 p.
1578 1948 1662 1986 473
1692 1948 1730 1985 et
1767 1946 1848 1999 2b)
1881 1945 2003 1987 editio
2040 1946 2139 1987 libri
2169 1960 2196 1987 a
2226 1946 2456 1988 Franciseo

269 2013 529 2064 Capeeelatro
551 2013 696 2064 scripti
719 2013 886 2054 ‘Istoria
908 2013 1018 2054 della
1039 2013 1137 2054 cata
1159 2027 1177 2054 e
1197 2027 1322 2066 reyno
1343 2013 1387 2054 di
1403 2013 1571 2066 Napoli’
1595 2013 1773 2066 (Napoli
1794 2016 1926 2064 1724)
1948 2017 2036 2055 tom.
2056 2015 2118 2065 II,
2143 2029 2189 2066 p.
2207 2017 2301 2065 324,
2330 2029 2454 2067 quam
2490 2027 2524 2054 20

403 2128 435 2169 1)
464 2126 745 2160 Instrumentwn
769 2126 903 2160 notarii
929 2126 1011 2160 talis
1037 2127 1168 2160 tenoris
1192 2130 1255 2160 est:
1288 2127 1328 2160 In
1356 2126 1502 2161 nomine
1528 2127 1595 2161 Dei
1621 2126 1738 2161 eterni
1771 2129 1809 2161 et
1833 2126 2035 2162 Salvatoris
2060 2128 2173 2162 nostri
2201 2129 2282 2163 Iesu
2308 2128 2454 2164 Christi.

265 2185 371 2217 Anno
398 2183 443 2216 ab
470 2183 724 2217 incarnatione
751 2183 855 2217 eiusa
880 2183 1074 2218 millesimo
1101 2184 1351 2219 ducentesimo
1370 2184 1678 2228 quinquagesimo
1697 2183 1814 2228 primo
1842 2185 1878 2218 et
1902 2184 2047 2228 primob
2073 2196 2169 2220 anno
2192 2185 2297 2230 regni
2314 2185 2454 2220 domini

267 2239 382 2274 nostri
410 2239 583 2274 Corradic
609 2240 866 2284 gloriosissimi
893 2240 1152 2282 Romanorum,
1182 2241 1418 2282 Ierusalemd,
1445 2241 1569 2275 Sicilie
1595 2243 1632 2275 et
1657 2241 1765 2275 Italie
1790 2241 1903 2285 regis,
1928 2253 2052 2276 mense
2077 2242 2256 2285 Ianuarii,
2282 2243 2313 2277 9.
2339 2242 2455 2278 indic-

268 2296 376 2330 tione.
428 2297 520 2330 Dum
547 2297 585 2330 in
611 2297 915 2342 archiepiscopali
941 2297 1175 2333 Salernitano
1207 2299 1348 2343 palatio
1382 2298 1422 2332 in
1447 2298 1634 2342 presentia
1660 2298 1800 2332 domini
1827 2298 1966 2333 Cesaris
1991 2299 2057 2333 Dei
2087 2299 2210 2344 gratia
2234 2300 2455 2334 venerabilis

268 2353 490 2388 Salernitani
518 2354 783 2400 archiepiscopi
811 2366 968 2389 essemus
995 2367 1059 2390 nos
1085 2356 1300 2401 Philippus,
1326 2357 1532 2397 Mattheus,
1559 2355 1806 2390 Romoalduse
1833 2357 1870 2389 et
1895 2355 2090 2400 Philippus
2116 2356 2273 2399 iudices,
2308 2368 2455 2401 presen-
2491 2368 2522 2394 25

265 2411 363 2444 tibus
397 2411 562 2445 Mattheo
596 2412 640 2445 de
666 2411 823 2446 Vallone
855 2413 1047 2447 straticoto
1073 2413 1231 2454 Salerni,
1266 2414 1440 2459 Philippo
1473 2413 1586 2448 Greco
1619 2415 1656 2447 et
1682 2412 1894 2447 Wilielmof
1916 2413 2053 2447 Curiali
2086 2413 2270 2448 testibus&
2300 2414 2454 2449 subscri-

266 2467 393 2502 bendis
420 2471 455 2502 et
481 2468 527 2502 acl
555 2468 622 2503 hoc
648 2469 859 2513 specialiter
887 2470 1037 2514 rogatis,
1072 2470 1227 2504 illustris
1252 2471 1308 2504 vir
1333 2471 1503 2505 dominus
1530 2470 1724 2505 Bertoldus
1748 2470 1911 2504 marchio
1937 2470 1981 2504 de
2007 2471 2292 2513 Hohenburchh‚
2327 2471 2392 2507 Dei
2418 2473 2456 2506 et

265 2525 403 2559 domini
430 2526 545 2560 nostri
571 2526 667 2571 regis
693 2526 868 2561 Corradie
894 2527 1017 2571 gratia
1047 2528 1217 2562 dominus
1244 2528 1489 2563 Montisfortis
1515 2530 1552 2562 et
1578 2528 1758 2572 Argentii,
1784 2527 1903 2562 Castri
1928 2527 2044 2562 sancti
2065 2527 2230 2562 Severini
2249 2530 2286 2563 et
2303 2528 2450 2564 honoris

265 2582 358 2618 eius.
394 2582 555 2616 ostendit
588 2586 624 2617 et
658 2583 885 2627 presentavit
922 2584 1087 2628 predicto
1122 2585 1270 2619 domino
1303 2585 1578 2630 archiepiscopo
1613 2587 1878 2620 testamentum
1911 2585 1986 2620 sive
2021 2586 2192 2621 ultimam
2223 2587 2456 2621 voluntatem

266 2640 450 2684 quondam
477 2640 616 2675 domini
642 2642 757 2676 nostri
783 2642 1004 2676 serenissimi
1039 2643 1272 2690 imperatoris
1299 2643 1473 2677 Friderici
1500 2642 1678 2683 secundii,
1717 2643 1848 2677 cereak
1874 2644 1911 2676 et
1935 2643 2138 2687 pendentel
2163 2643 2265 2678 bulla
2291 2643 2454 2678 eiusdem
2491 2652 2524 2678 30

265 2696 403 2731 domini
430 2697 662 2741 imperatoris
688 2697 925 2743 insignitum
959 2699 1056 2742 quod
1083 2699 1241 2734 vidimus
1269 2702 1305 2734 et
1330 2700 1497 2744 legimus,
1525 2701 1562 2734 et
1588 2699 1685 2733 omni
1713 2699 1805 2733 vitio
1832 2701 1869 2734 et
1894 2700 2097 2744 suspitione
2124 2700 2287 2741 carebat,
2315 2702 2352 2735 et
2377 2702 2456 2735 erat

266 2755 529 2789 continentiem
557 2755 656 2788 talis:
691 2755 742 2789 ·In
769 2756 916 2790 nomine
941 2760 998 2790 etc.
1026 2767 1137 2800 usque
1164 2760 1199 2791 et
1226 2769 1305 2791 meo
1332 2758 1437 2802 signo
1464 2757 1631 2802 signavi'.
1683 2757 1773 2791 Cum
1810 2760 1934 2792 autem
1960 2759 2223 2792 testamentum
2248 2758 2454 2803 predictum

265 2823 285 2844 a
311 2811 415 2845 nobis
443 2812 576 2846 lectum
603 2812 742 2848 fuisset.
770 2812 865 2847 idem
892 2814 1060 2848 dominus
1086 2814 1383 2859 archiepiscopus
1410 2816 1496 2849 tunc
1523 2826 1588 2849 nos
1615 2815 1772 2859 rogavit,
1799 2817 1841 2849 ut
1867 2815 1954 2858 quia
1980 2815 2137 2859 quedam
2162 2815 2200 2849 iu
2219 2815 2318 2850 dicto
2342 2817 2455 2850 testa-

266 2873 389 2904 mento
423 2871 695 2905 continenturn.
730 2881 801 2914 que
826 2871 872 2905 ad
904 2871 1108 2906 utilitatem
1136 2871 1368 2906 Salernitane
1395 2872 1546 2906 ecclesie
1578 2871 1705 2906 matris
1731 2874 1855 2906 nostre
1880 2872 2064 2917 pertinere
2089 2874 2299 2914 noscuntur,
2334 2872 2455 2917 ipsum

266 2927 452 2961 insinuare
485 2938 546 2961 seu
582 2927 770 2972 publicare
804 2927 1029 2969 deberemus,
1064 2930 1106 2962 ut
1138 2939 1181 2962 ex
1213 2928 1464 2963 insinuatione
1497 2940 1560 2963 seu
1592 2928 1844 2973 publicatione
1875 2929 1991 2973 ipsius
2016 2930 2135 2974 possit
2159 2929 2246 2964 inde
2270 2929 2454 2964 fidelitero
2490 2936 2542 2977 ³⁵.

266 2985 412 3018 assumi.
461 2985 536 3019 Nos
562 2987 684 3019 autem
711 2995 835 3028 preces
860 2985 931 3019 iuri
958 2987 1223 3020 consentaneas
1249 2986 1505 3027 admittentes,
1541 2986 1662 3030 ipsum
1693 2988 1957 3020 testamentum
1984 2988 2103 3021 totum
2128 2998 2193 3031 per
2218 2986 2383 3021 ordinem
2409 2986 2454 3020 de

268 3040 376 3074 verbo
403 3041 449 3074 ad
475 3041 636 3076 verbum.
664 3042 784 3076 nihilp
812 3042 849 3075 in
876 3053 917 3076 eo
943 3042 1070 3077 addito
1090 3043 1146 3076 vel
1172 3043 1372 3084 subtracto,
1399 3043 1436 3076 in
1462 3044 1557 3078 hanc
1574 3043 1793 3088 scripturam
1813 3044 1997 3088 publicam
2017 3055 2083 3089 per
2100 3055 2248 3079 manum
2267 3043 2454 3079 Thomasii

267 3097 405 3141 publici
432 3097 597 3132 Salerniq
624 3099 759 3133 notarii
786 3099 965 3133 transumi
992 3100 1143 3135 fecimus
1170 3102 1206 3134 et
1224 3100 1430 3134 transcribi.
1477 3100 1580 3142 Quod
1606 3100 1733 3145 scripsi
1759 3112 1827 3144 ego
1845 3101 2032 3145 predictus
2051 3101 2268 3136 Thomasius
2286 3100 2455 3145 publicus

268 3154 407 3188 Salerni
434 3155 608 3195 notarius,
636 3156 698 3199 qui
725 3158 874 3200 rogatus
900 3156 1061 3197 interfui,
1088 3156 1161 3190 vidi
1191 3159 1227 3191 et
1253 3156 1326 3200 legi
1353 3159 1389 3191 et
1408 3156 1500 3190 illud
1519 3157 1558 3190 in
1576 3157 1671 3190 hanc
1695 3156 1912 3201 scripturam
1933 3157 2126 3202 redigensr
2150 3157 2348 3202 publicam,
2374 3167 2454 3191 meo

268 3211 371 3254 signo
398 3212 552 3255 signavi.
603 3212 728 3254 Quode
754 3215 878 3247 autem
905 3213 1072 3258 superius
1097 3213 1231 3248 nititur
1257 3214 1419 3258 virgulas
1445 3214 1622 3258 scriptum
1648 3216 1686 3248 et
1710 3214 1848 3258 legitur
1872 3216 2007 3255 nostra,
2034 3217 2071 3248 et
2089 3214 2185 3258 quod
2205 3213 2451 3248 disturbatum
2488 3220 2522 3245 40

268 3270 331 3307 est,
358 3268 495 3312 legitur
519 3271 757 3313 recognoscat
783 3297 896 3304 .....
946 3269 1061 3304 Adest
1086 3270 1233 3314 signum
1260 3273 1280 3313 †
1308 3271 1384 3315 Ego
1410 3270 1473 3314 qui
1499 3282 1610 3315 supra
1634 3270 1830 3316 Philippus
1855 3271 1965 3306 iudex
1991 3273 2010 3313 †
2037 3270 2116 3316 Ego
2141 3271 2205 3315 qui
2230 3282 2342 3316 supra
2359 3270 2454 3305 Mat-

267 3325 371 3359 theus
401 3325 509 3359 iudex
537 3329 556 3365 †
582 3327 658 3371 Ego
685 3327 747 3370 qui
774 3339 884 3372 supra
910 3327 1134 3362 Romoaldus
1160 3328 1268 3362 iudex
1296 3331 1316 3371 †
1342 3328 1419 3373 Ego
1446 3327 1508 3372 qui
1536 3339 1646 3372 supra
1672 3327 1866 3372 Philippus
1892 3328 2011 3362 iudex.

405 3422 434 3457 ὃ)
461 3419 609 3451 eiusdem
635 3418 693 3451 211.
827 3418 860 3460 b)
886 3422 1018 3463 proprie
1043 3419 1101 3452 2b.
1231 3426 1260 3461 ο)
1286 3422 1432 3454 Curi-adi
1456 3420 1517 3454 Ξῖ).
1653 3419 1685 3461 d)
1710 3421 1925 3454 Hierusalem
1951 3420 1981 3454 2.
2109 3422 2138 3464 a)
2163 3421 2370 3454 Romualdus
2395 3420 2452 3453 Ξῖ).

268 3472 300 3514 f)
336 3474 504 3506 Gulielmo
530 3473 596 3507 Qa:
626 3475 793 3507 Wllielmo
819 3475 878 3508 ΞΖ).
1011 3483 1044 3518 13)
1071 3478 1142 3510 loco
1167 3479 1309 3509 testibus
1336 3479 1465 3510 subscr.
1491 3482 1524 3510 et
1548 3476 1615 3509 2a:
1642 3478 1792 3510 notariis.
1923 3475 1956 3515 ¹¹)
1981 3477 2151 3510 Bertoltus
2177 3489 2219 3509 m.
2244 3478 2285 3509 de
2308 3477 2453 3510 Hohem-

268 3530 377 3571 burgh
413 3528 471 3561 211.
600 3529 623 3571 i)
650 3533 692 3563 11.
717 3530 778 3563 Ξιι.
909 3531 940 3575 k)
966 3544 1099 3566 aurea
1124 3532 1181 3566 212.
1318 3533 1342 3575 ¹)
1376 3535 1534 3577 pendenti
1559 3533 1617 3567 Ξῖ).
1746 3534 1789 3574 m)
1823 3534 1894 3566 loco
1921 3539 2008 3566 cont.
2034 3534 2111 3566 talis
2135 3533 2197 3567 2b:
2229 3534 2308 3567 talis
2332 3534 2456 3566 tenoris
2489 3547 2522 3574 ⁴5

269 3587 434 3619 videlicet.
537 3593 569 3628 ¹³)
597 3589 808 3621 contineatur
834 3588 894 3622 2a.
1003 3595 1033 3631 0)
1060 3591 1167 3624 fidelis
1192 3589 1255 3623 2⁶0.
1349 3590 1381 3633 Ρ)
1405 3592 1510 3624 nihilo
1535 3589 1593 3624 2b.
1700 3590 1732 3633 (1)
1760 3591 1963 3624 Salernitani
1989 3589 2048 3624 212.
2152 3590 2181 3633 ¹)
2208 3591 2372 3623 reducens
2395 3587 2453 3622 Ξῖ).

269 3650 294 3683 ε’)
321 3644 417 3684 Quod
445 3661 485 3666 —
512 3651 734 3686 recognoscat
760 3670 766 3676 .
789 3670 795 3677 .
815 3671 821 3677 .
841 3671 847 3678 .
871 3672 876 3678 .
903 3647 969 3679 des.
989 3645 1055 3685 2b;
1080 3648 1252 3688 sequentia
1276 3648 1507 3681 emendatione
1532 3648 1691 3691 indiyenl.
