2558 3970
169 202 250 241 532
646 189 1049 228 CoNFOEDERATIO
1077 188 1211 224 PACIS
1237 187 1486 222 RHENANA.
1537 187 1634 222 1254.
1683 186 1880 221 Nr.42811.

166 312 345 367 imperii.
382 311 445 350 cni
481 322 591 349 nune
626 312 768 362 preest
801 306 1103 346 serenissimus
1135 304 1330 344 dominus
1364 306 1508 343 noster
1532 301 1836 342 Willchelmus
1860 300 2152 342 Romanorum
2185 314 2276 352 rex,
2309 305 2352 341 et

166 381 218 421 ad
251 392 518 419 communem
551 377 779 417 utilitatem
815 374 1026 429 equaliter
1057 373 1261 414 divitibus
1293 376 1336 412 et
1366 370 1644 426 pauperibus,
1669 369 1962 410 ordinavimus
1985 369 2063 409 hec
2087 372 2250 410 statuta
2271 369 2353 410 rite

165 456 208 490 et
241 446 544 488 inviolabiliter
575 442 859 487 observanda,
893 446 941 482 ut
973 440 1129 482 exinde
1161 439 1381 495 gaudeant
1411 452 1628 494 pauperes
1652 441 1695 479 et
1716 438 1916 486 maiores,
1949 437 2093 478 clerici
2114 438 2349 489 seculares,

165 516 373 570 religiosi.
412 514 509 554 laici
551 518 593 554 et
624 512 767 560 Iudei,
809 511 1004 551 nolentes
1049 510 1091 550 in
1124 522 1268 550 eorum
1303 508 1579 556 executione,
1621 520 1704 562 que
1736 507 1828 547 visa
1870 509 1969 546 sunt
1999 505 2239 561 reipublice
2273 520 2350 547 ex-

166 584 332 639 pedire.
378 582 505 623 rebus
546 594 724 636 parcere
759 579 826 620 vel
859 578 1074 633 personis,
1116 577 1358 618 interclusis
1397 575 1621 616 nobiscum
1662 574 1926 630 principibus
1959 578 2002 615 et
2033 573 2216 615 dominis
2249 589 2350 615 con-
2405 589 2420 611 5

165 652 327 692 iuratis.
446 649 510 704 (l)
543 650 685 690 Primo
717 647 963 697 statuimus,
1007 645 1120 701 quod
1158 645 1300 686 nullas
1332 643 1632 699 expeditiones
1666 643 1894 694 faciemus,
1936 643 2019 684 nisi
2051 643 2135 684 sint
2165 642 2219 683 de
2251 656 2353 683 con-

165 721 260 760 silio
295 733 395 760 sano
429 718 648 759 civitatum
663 718 679 740 ι’
712 720 755 758 et
787 715 1014 765 communi,
1049 718 1092 755 et
1123 713 1311 754 maxime
1335 712 1388 754 ad
1421 712 1495 753 illa
1517 713 1610 754 loca
1630 713 1702 754 ubi
1733 713 1869 766 magis
1892 711 2166 752 necessarias
2189 711 2354 753 habue-

166 790 316 829 rimus.
360 801 436 828 nos
476 786 658 827 invicem
702 799 778 840 pro
820 783 981 824 viribus
1023 782 1281 823 adiuvantes
1324 786 1366 822 et
1407 781 1659 836 gravamina
1699 784 1847 821 nostra
1877 780 2043 835 pariter
2074 780 2354 822 sustinentes.

165 856 230 910 (⁶2)
264 856 373 897 Item
407 855 720 903 constituimus,
754 852 868 907 quod
900 852 1006 893 nulli
1039 850 1210 891 domino
1243 850 1337 904 paci
1360 849 1578 890 resistenti
1603 863 1626 889 a
1655 848 1778 889 nobis
1810 849 1978 889 iuratec
2010 848 2127 890 nulla
2149 849 2356 890 victualia

165 926 218 965 ab
252 925 393 979 aliqua
428 924 602 964 civitate
636 927 709 963 aut
742 922 794 962 ab
828 921 971 975 aliquo
1005 919 1176 960 domino
1210 919 1333 959 nobis
1366 918 1590 958 coniurato
1623 930 1742 958 arma
1773 917 1843 958 vel
1876 917 2022 972 aliqua
2053 917 2245 958 subsidia
2277 931 2353 958 ex-

167 993 416 1034 hibeantur.
466 992 555 1032 sive
598 1005 620 1031 a
665 990 910 1032 christianis
951 989 1040 1030 sive
1081 1002 1106 1029 a
1148 987 1308 1030 Iudeis,
1428 986 1493 1041 (3)
1535 986 1645 1027 Item
1684 990 1730 1026 ut
1770 985 1901 1026 nichil
1942 986 2003 1026 eis
2045 986 2244 1027 credatur
2283 990 2358 1027 aut

169 1067 315 1103 mutuo
349 1060 609 1103 concedatur
640 1061 682 1100 in
714 1060 871 1100 nostris
904 1057 1170 1110 civitatibus,
1209 1056 1280 1110 qui
1313 1055 1410 1111 paci
1443 1055 1646 1096 contrarii
1681 1058 1780 1095 sunt
1812 1058 1855 1096 et
1887 1054 2026 1095 nobis.
2147 1053 2214 1110 (4)
2245 1054 2356 1096 Item

167 1131 410 1178 statuimus,
443 1134 488 1170 ut
520 1129 662 1170 nullus
695 1128 849 1169 civium
882 1127 924 1167 in
957 1139 1211 1180 quacunque
1246 1124 1420 1165 civitate
1453 1124 1793 1165 familiaritatem
1826 1137 1922 1164 cum
1955 1123 2060 1178 ipsis
2092 1123 2252 1165 habeat
2283 1128 2358 1165 aut

166 1200 270 1255 ipsis
303 1203 469 1254 prestet
501 1197 746 1248 consilium,
780 1196 987 1236 auxilium
1020 1199 1063 1236 et
1095 1194 1301 1244 favorem,
1334 1193 1393 1233 ita
1426 1192 1539 1247 quod
1579 1190 1647 1247 [si]
1683 1192 1766 1232 hoc
1799 1195 1867 1232 est
1897 1192 2112 1232 notorium
2145 1196 2189 1234 et
2219 1193 2357 1233 mani-

167 1269 336 1312 festum,
371 1268 480 1307 sicut
511 1279 589 1321 per
620 1266 753 1306 verba
784 1264 917 1319 ipsius
950 1263 1109 1318 poterit
1141 1261 1426 1317 comprobari,
1460 1265 1585 1302 extra
1617 1261 1837 1302 civitatem
1867 1260 2046 1301 eicietur
2077 1265 2121 1302 et
2151 1261 2195 1301 in
2225 1261 2355 1303 rebus

167 1342 208 1377 et
253 1336 431 1377 edificiis
478 1336 564 1375 suis
609 1335 652 1374 in
691 1337 858 1374 tantum
900 1332 1114 1387 punietur,
1159 1335 1206 1370 ut
1251 1330 1346 1371 aliis
1380 1330 1435 1370 sit
1467 1330 1717 1384 exemplum
1750 1342 1800 1370 ea
1833 1328 1885 1370 de
1919 1333 2062 1370 cetero
2096 1329 2357 1371 dimittendi.

167 1404 231 1459 (ὅ)
264 1405 374 1445 Item
415 1404 449 1444 si
492 1403 587 1457 quis
629 1402 813 1443 militum
852 1404 976 1442 extra
1017 1399 1306 1440 municionem
1338 1398 1499 1439 domini
1539 1398 1605 1439 sui
1636 1398 1760 1438 nobis
1793 1397 2064 1439 adversantis
2098 1412 2175 1440 nos
2208 1413 2358 1454 perse-

167 1475 307 1527 quitur
345 1478 418 1513 aut
459 1470 691 1526 gravaturd
725 1485 848 1512 suum
886 1469 1103 1510 dominum
1136 1472 1285 1509 contra
1327 1481 1479 1522 pacem
1512 1467 1760 1521 generalem
1799 1466 2005 1519 iuvando,
2048 1481 2179 1522 super
2210 1467 2358 1508 huius—

167 1542 279 1582 modi
321 1555 547 1597 personam
584 1544 626 1581 et
658 1554 747 1589 res,
792 1539 1120 1594 qualiscumque
1151 1536 1302 1588 fuerit,
1342 1539 1590 1591 respectum
1624 1535 1900 1587 habebimus,
1940 1549 2019 1576 nos
2052 1536 2096 1576 in
2126 1536 2220 1591 ipso
2252 1549 2358 1591 quo·

166 1624 346 1665 eumque
378 1609 504 1650 modo
538 1622 768 1663 possumus
800 1606 1068 1648 vindicando.
1130 1604 1187 1645 Et
1219 1605 1253 1645 si
1285 1604 1400 1645 idem
1423 1605 1464 1644 in
1488 1604 1633 1659 aliqua
1656 1604 1830 1645 civitate
1855 1604 2190 1659 comprehensus
2213 1604 2355 1658 fuerit,

166 1678 382 1720 tenebitur
414 1691 549 1732 usque
581 1677 634 1718 ad
667 1676 923 1731 condignam
956 1673 1314 1716 satisfactionem.
1374 1673 1536 1714 Villani
1561 1687 1677 1725 vero,
1711 1687 1892 1728 quorum
1925 1676 2092 1715 tutores
2116 1687 2213 1715 esse
2235 1674 2359 1715 volu-

167 1762 260 1788 mus
294 1752 336 1788 et
368 1746 602 1787 defendere
637 1750 787 1786 contra
818 1745 1007 1795 iniurias,
1040 1743 1075 1783 si
1106 1756 1259 1798 pacem
1291 1742 1516 1783 nobiscum
1551 1742 1856 1794 servaverintss,
1890 1742 1925 1782 si
1958 1742 2069 1784 tales
2101 1746 2248 1783 contra
2278 1756 2360 1783 nos

167 1816 469 1871 processerint.
504 1829 580 1855 nos
614 1818 763 1854 contra
795 1814 910 1869 ipsos
934 1812 1124 1853 vindicta
1146 1811 1293 1853 debita
1322 1812 1598 1865 insurgemus
1622 1814 1665 1851 et
1687 1810 2026 1865 comprehensos
2050 1810 2092 1851 in
2117 1811 2360 1852 civitatibus

169 1886 276 1925 sieut
309 1884 608 1924 malefactores
646 1887 816 1924 nostros
857 1882 1102 1937 puniemus.
1220 1879 1286 1935 (6)
1318 1879 1430 1921 Item
1462 1879 1681 1931 volumus,
1722 1883 1770 1920 ut
1802 1879 2001 1920 civitates
2034 1893 2181 1921 omnes
2214 1879 2358 1921 adtra-

168 1953 271 1993 hant
303 1957 344 1993 et
377 1952 589 1993 adducant
621 1951 674 1991 ad
718 1965 763 1993 se
798 1965 930 1992 naves
961 1951 1004 1991 in
1044 1950 1260 2005 passagiis
1292 1949 1373 1990 sibi
1406 1948 1578 2000 vicinis,
1623 1952 1668 1989 ut
1710 1948 1875 1989 nullum
1907 1948 1961 1988 sit
1992 1948 2242 2003 passagium
2273 1948 2357 1990 nisi

168 2027 266 2062 ante
300 2022 496 2062 civitates
530 2021 790 2071 coniuratas,
824 2034 878 2061 ne
911 2019 1094 2060 inimicis
1127 2018 1247 2073 pacis
1280 2018 1393 2058 ullus
1426 2017 1569 2058 Rheni
1602 2017 1809 2058 transitus
1843 2016 2110 2058 concedatur
2141 2017 2211 2058 vel
2242 2016 2361 2058 aliud

170 2090 326 2132 exinde
360 2089 585 2131 comodum
616 2089 790 2129 valeant
822 2094 1059 2144 reportare.
1179 2087 1241 2143 (7)
1273 2087 1385 2129 Item
1419 2087 1672 2139 statuimus,
1715 2091 1763 2128 ut
1795 2087 1829 2128 si
1861 2087 1955 2142 quis
1988 2086 2258 2128 dominorum
2290 2087 2361 2129 vel

167 2160 346 2200 militum
378 2173 530 2214 pacem
563 2158 786 2198 nobiscum
818 2158 988 2199 adiuret
1020 2156 1307 2212 promoveres,
1351 2161 1393 2198 et
1423 2163 1558 2211 paceg
1588 2170 1665 2211 pro
1697 2155 1860 2197 viribus
1893 2155 2119 2204 tueatu1·¹¹;
2153 2156 2224 2210 qui
2257 2169 2360 2197 vero

169 2242 317 2282 pacem
361 2228 583 2268 nobiscum
630 2240 715 2267 non
765 2226 987 2276 iuraverit,
1037 2226 1242 2267 exclusus
1287 2240 1312 2266 a
1348 2239 1455 2279 pace
1497 2225 1691 2279 generali
1735 2224 2021 2280 permanebit.
2141 2223 2206 2279 (8)
2250 2224 2362 2266 Item

170 2297 409 2346 statuimus,
443 2300 489 2336 ut
520 2293 733 2350 quisquisi
764 2295 924 2335 iacebit
955 2295 997 2334 in
1028 2293 1210 2348 pignore
1242 2294 1285 2334 in
1319 2294 1565 2334 civitatibus
1599 2293 1772 2345 nostris,
1805 2307 1830 2334 a
1862 2293 2027 2334 civibus
2060 2297 2104 2334 et
2127 2293 2358 2334 coniuratis

170 2379 318 2419 pacem
350 2365 390 2404 in
422 2365 617 2404 omnibus
649 2363 819 2414 habeat,
852 2363 912 2402 ita
944 2362 1057 2417 quod
1088 2376 1173 2403 non
1206 2362 1393 2402 sinemus
1417 2375 1514 2403 eum
1536 2362 1579 2402 in
1602 2362 1760 2402 nostris
1784 2361 2030 2403 civitatibus
2053 2361 2106 2403 ab
2129 2361 2360 2416 aliquibus,

170 2432 371 2487 quamdiu
413 2433 455 2472 in
499 2433 583 2473 illis
622 2432 771 2482 fuerit,
815 2431 1076 2486 perturbari;
1120 2431 1262 2485 ipsum
1294 2431 1424 2471 immo
1455 2444 1532 2485 pro
1565 2430 1726 2471 viribus
1760 2429 2065 2482 defendemus,
2109 2434 2152 2471 et
2183 2429 2364 2471 habebit

170 2515 318 2555 pacem
361 2499 545 2541 intrandi
587 2500 804 2541 civitatem
846 2503 890 2541 et
929 2498 1129 2541 exeundi.
1251 2497 1316 2554 (9)
1357 2498 1469 2540 Item
1513 2499 1547 2539 si
1587 2498 1711 2553 quisk
1743 2499 2046 2541 fideiussorum
2078 2499 2207 2540 fidem
2239 2512 2360 2539 suam

172 2569 397 2609 violaverit
428 2583 510 2608 non
542 2568 723 2609 iacendo
756 2568 799 2608 in
832 2568 1026 2623 pignore,
1062 2581 1158 2608 cum
1191 2581 1321 2622 super
1351 2567 1434 2608 hoc
1467 2581 1492 2608 a
1525 2567 1700 2608 civitate
1733 2568 1955 2609 coniurata
1985 2571 2051 2609 ter
2073 2567 2358 2609 commonitus

170 2637 315 2677 fuerit.
360 2636 544 2677 creditor
574 2637 642 2677 vel
684 2636 782 2678 fidei
823 2640 1024 2691 receptor
1064 2640 1211 2691 potest
1244 2650 1341 2677 eum
1374 2650 1453 2691 per
1483 2635 1648 2677 iudices
1682 2636 1866 2677 civitatis
1908 2637 2025 2678 licite
2056 2637 2287 2692 pignorare
2318 2639 2362 2677 et

172 2706 210 2745 in
245 2710 412 2746 nostras
437 2705 649 2746 eivitates¹
682 2705 862 2760 pignora
884 2704 1114 2746 deducere.
1215 2703 1308 2759 (1⁷0)
1344 2704 1485 2760 Super
1508 2705 1650 2745 omnia
1672 2705 1939 2757 affectamus,
1972 2705 2169 2746 volentes
2192 2718 2360 2746 summo

173 2775 392 2814 conamine
434 2774 631 2814 laborare
664 2773 717 2813 ad
749 2774 852 2825 hoc,
893 2778 940 2814 ut
971 2773 1132 2814 domini
1165 2778 1208 2814 et
1239 2773 1625 2828 comprovinciales
1660 2774 1796 2815 nostri
1827 2787 1980 2829 pacem
2012 2778 2055 2815 et
2087 2773 2361 2815 concordiam

173 2843 396 2883 nobiscum
435 2847 476 2883 et
516 2856 593 2883 nos
635 2856 731 2883 cum
770 2843 832 2883 eis
874 2842 1058 2883 feliciter
1099 2841 1361 2893 habeamus,
1404 2842 1464 2882 ita
1495 2846 1543 2882 ut
1582 2842 1662 2897 ipsi
1695 2842 1737 2883 in
1770 2856 1846 2883 suo
1878 2843 1970 2883 iure
2001 2845 2286 2897 permaneant
2317 2845 2364 2883 et

174 2925 246 2951 nos
280 2911 321 2951 in
354 2911 509 2951 nostris
541 2910 703 2951 iuribus
736 2911 1033 2965 persistamUS.
1153 2909 1247 2966 (11)
1281 2910 1392 2952 Item
1425 2911 1604 2952 firmiter
1627 2910 1706 2952 sub
1728 2925 1843 2966 pena
1865 2911 2059 2952 districte
2082 2910 2364 2962 inhibuimus,

173 2994 225 3019 ne
249 2980 403 3034 aliquis
427 2980 583 3020 civium
606 2979 802 3031 dominis,
836 2979 1031 3034 quamvis
1054 2980 1189 3020 nostri
1212 2980 1299 3020 sint
1321 2979 1570 3031 adversarii,
1593 2980 1840 3021 nullatenus
1863 2979 2134 3033 obloquatur,
2164 2978 2361 3020 volentes

172 3062 254 3087 non
289 3062 339 3087 eo
375 3048 513 3088 minus
547 3048 588 3087 in
622 3047 725 3102 ipsis
758 3052 928 3089 nostras
961 3048 1140 3088 iniurias
1174 3047 1416 3098 vindicare,
1461 3052 1607 3089 tamen
1639 3048 1755 3102 ipsos
1789 3047 1986 3088 dominos
2021 3047 2139 3102 prius
2172 3059 2362 3087 commo-

176 3120 340 3163 nentes.¹
374 3120 420 3156 ut
453 3130 477 3156 a
510 3129 586 3157 sua
618 3116 829 3157 desistant
861 3116 1026 3167 iniuria,
1059 3130 1113 3157 ne
1138 3120 1286 3157 contra
1307 3117 1422 3171 ipsos
1445 3116 1680 3171 procedere
1705 3117 2030 3172 compellamur.
2123 3114 2217 3170 (12)
2249 3115 2362 3156 Item

175 3184 477 3224 ordinavimus.
509 3189 555 3224 ut
586 3184 638 3224 de
669 3185 840 3226 civitate
863 3184 1152 3239 Mogontinam
1175 3185 1420 3225 civitatibus
1449 3184 1725 3226 inferioribus
1749 3184 1962 3225 scribatur
2000 3183 2201 3238 quicquid
2225 3183 2363 3237 tangit

177 3252 253 3291 hoe
287 3253 517 3305 negotium.
552 3256 595 3293 et
626 3252 679 3294 dc
703 3252 1004 3294 wormacensi
1038 3253 1210 3294 civitate
1234 3252 1573 3308 superioribusn:
1608 3256 1695 3293 tam
1719 3254 1895 3307 querele
1919 3266 2046 3307 quam
2070 3251 2155 3292 alia
2178 3252 2360 3306 negocia

177 3329 319 3359 nostra
353 3320 543 3374 quelibet
575 3334 652 3374 per
684 3335 830 3362 eorum
864 3322 1030 3363 litteras
1066 3323 1388 3378 exprimanturo
1422 3327 1464 3363 et
1505 3323 1639 3363 nostri
1671 3323 1945 3363 iniuriatores
1978 3325 2354 3363 commoneantur:
2393 3339 2426 3363 45
2488 3350 2490 3354 -
2523 3323 2525 3326 ’

313 3454 396 3488 425.
426 3459 463 3488 Il.
492 3456 522 3497 ¹¹)
555 3458 732 3491 civil-atum
760 3458 790 3491 2.
931 3459 961 3501 0)
994 3460 1187 3499 emendae&
1219 3472 1281 3493 resa
1309 3466 1341 3493 et
1366 3461 1464 3493 nobis
1490 3461 1668 3493 iuramenti
1695 3458 1734 3499 25
1765 3465 1797 3492 et
1830 3459 1927 3492 nobis
1953 3459 2136 3491 coniuratis
2160 3469 2219 3490 em.
2249 3458 2362 3490 Weizs.

177 3512 207 3540 ¹¹*
236 3510 327 3553 ,ἷέηῖῑς
345 3512 374 3544 '2-
493 3520 521 3554 ρ)
551 3515 733 3547 iuraverint
759 3517 903 3549 correxit
931 3517 1038 3549 Wcixs.
1158 3516 1189 3558 f)
1224 3518 1363 3550 adiuvet
1393 3518 1582 3560 promoveri
1608 3516 1646 3557 23
1681 3517 1871 3549 emendavit
1896 3516 2007 3549 ll'eizs.
2126 3514 2160 3556 S)
2186 3525 2304 3560 pacem
2329 3512 2361 3546 2.

178 3569 209 3602 ἡ)
236 3582 332 3601 ·³''-‘¹¹⁵''⁴
353 3570 499 3610 I'(‘⁵'³'¹'''0-
603 3571 625 3611 i)
651 3574 811 3615 quicquid
837 3573 868 3606 2.
969 3573 1001 3615 k)
1032 3575 1180 3616 sequitur
1204 3575 1457 3607 coniuratorum
1482 3575 1550 3606 iam
1575 3575 1719 3607 deletum
1744 3573 1776 3606 2.
1871 3572 1896 3613 ¹)
1922 3573 2069 3605 civitatis
2094 3570 2126 3603 2.
2221 3571 2263 3613 ¹¹¹)
2289 3572 2361 3603 Mo-

176 3631 241 3669 guii
269 3628 298 3657 2.
418 3632 450 3666 Η)
476 3629 653 3669 superilnus
679 3628 708 3660 ⁶2.
827 3630 858 3669 s')
884 3632 1093 3673 exprimatur
1118 3631 1148 3664 2.

2392 930 2425 955 10

2393 1619 2427 1644 20

2396 1962 2428 1988 25

2397 2305 2431 2329 30

2399 2645 2430 2671 35

2397 2987 2431 3011 40
