2558 3970
94 911 109 936 5

79 1253 111 1278 10

75 1679 106 1704 15

73 2116 106 2142 20

696 126 935 162 FRIDERICI
964 127 1007 162 ll.
1034 127 1465 164 coxs'rl‘rffrioxsss.
1516 131 1614 166 1227.
1665 132 1726 165 Nr.
1749 134 1822 167 101³.
2280 142 2349 179 141

895 422 1005 489 109
1025 467 1063 473 -
1082 422 1101 489 1
1120 422 1202 489 14.
1258 419 1453 491 PAO
1470 421 1529 491 T
1543 423 1610 491 A

412 531 644 603 CUM
698 531 818 603 SO
832 534 889 603 G
903 534 937 603 *1
949 532 1220 603 ETAT
1233 533 1294 603 E
1351 534 1414 603 L
1429 534 1492 605 O
1510 535 1585 604 M
1600 534 1805 605 ΒΑΗ
1820 537 1887 606 1)
1905 538 2094 610 [Alfi.

996 669 1139 718 1227.
1174 670 1276 717 Ian.
1305 695 1346 700 —
1374 670 1514 717 Mart.

295 823 398 866 Cum
429 822 626 875 epistolae
657 823 709 864 ab
740 822 932 864 Honorio
963 823 1059 866 III.
1091 827 1127 864 et
1162 824 1364 877 Greqorio
1397 824 1479 868 IX.
1514 826 1782 878 pontificibus
1814 828 1862 869 (Ie
1892 828 1963 869 boe
1996 833 2153 882 muntia
2183 835 2354 873 emissas*

145 893 314 945 aliaque
352 896 446 933 acta
486 905 620 944 nuper
655 907 681 933 a
723 893 810 933 riro
850 892 889 935 (l.
921 892 1162 945 Roclenbery
1196 894 1239 933 in
1272 894 1561 945 Epistularum
1599 897 1755 937 amc-nli
1781 897 1914 939 XIII.
1950 916 1968 937 e
2005 900 2189 952 Bressos-lis
2216 903 2353 952 Jmuli-

142 963 266 1014 ficum
298 960 584 1002 Romanorum
615 962 856 1003 selectarum
888 965 992 1002 tomo
1014 961 1051 1004 I.
1083 962 1216 1003 editae
1247 963 1374 1011 sint1,
1414 966 1542 1003 restat
1578 968 1624 1005 ut
1655 966 1808 1006 edendo
1845 968 2112 1019 suppleamus
2143 984 2212 1009 seu
2245 985 2353 1021 repr-

145 1034 282 1073 tamus
311 1045 357 1072 ca
380 1044 484 1083 quae
505 1030 562 1071 ad
586 1033 730 1084 partes
752 1033 835 1072 tani,
861 1031 1122 1082 imperatoris
1143 1045 1269 1083 quam
1292 1031 1620 1073 Lombardorum
1647 1035 1870 1085 pertinent.
1924 1035 2147 1078 Paetorum
2170 1039 2350 1090 ‹lesi-rip-

145 1100 275 1141 tiones
305 1112 376 1140 seu
401 1098 569 1154 formas
599 1100 645 1139 in
677 1099 932 1140 cancellaria
963 1100 1189 1151 apostolica
1215 1100 1429 1154 formatas
1459 1113 1543 1141 esse
1564 1105 1736 1151 constal,
1768 1106 1805 1143 et
1835 1105 1996 1155 quidem
2020 1119 2087 1148 ur.
2113 1109 2193 1146 109
2214 1111 2249 1146 et
2278 1111 2354 1147 110

145 1169 305 1210 annexi
335 1171 457 1210 erant
487 1168 682 1220 epistolae
704 1168 886 1209 Honorii
908 1168 1000 1209 III.
1035 1168 1092 1209 ad
1124 1169 1408 1220 imperatorem
1438 1169 1504 1210 dic
1536 1170 1631 1212 Ian.
1657 1174 1680 1208 ι’)
1713 1172 1834 1214 datae
1861 1173 2123 1227 (Itoclenbery
2144 1189 2207 1216 nr.
2226 1180 2355 1223 329),-

140 1236 285 1293 forma
315 1240 453 1279 autem
483 1250 548 1278 nr.
578 1240 659 1278 111
691 1239 727 1277 et
758 1236 911 1277 similis
941 1237 1144 1288 quaedam
1176 1238 1391 1290 epistolam
1413 1238 1745 1281 Lombardorum
1773 1243 1963 1294 pontifici
1994 1244 2236 1285 mittendam
2261 1224 2353 1285 coit.-

144 1307 282 1348 tinens
295 1306 323 1357 ²,
365 1320 471 1359 quae
501 1307 587 1347 iam
618 1319 700 1348 non
733 1308 886 1356 exstat,
927 1306 1114 1348 inclusae
1155 1309 1277 1348 erant
1314 1307 1508 1359 epistolae
1538 1307 1722 1350 Honor-ii
1751 1310 1809 1351 (ccl
1838 1310 2093 1353 Lonebcirclos
2123 1313 2188 1354 die
2219 1314 2353 1354 eoclrm

142 1375 266 1418 datae
296 1375 563 1429 (Rodenberq
592 1388 660 1418 nr.
682 1376 799 1424 327).

202 1513 303 1557 109.
344 1512 565 1556 FORMA
605 1512 955 1555 EPISTOLAE
991 1513 1425 1557 IMPERATORJs
1456 1514 1543 1556 AI)
1584 1515 1977 1560 PoNTIFIc'Ja'M
2017 1517 2290 1561 DANJME.

1145 1583 1263 1636 (Ian.
1288 1585 1323 1624 13.

285 1663 416 1706 Dedit
444 1664 510 1705 vir
541 1664 589 1706 ct.
622 1663 923 1706 Winkclmaim
957 1665 1000 1705 in
1031 1664 1152 1706 Actis
1182 1586 1350 1716 imperii
1382 1665 1517 1706 adnue
1549 1666 1716 1707 ineditis
1748 1667 1784 1716 Ι,
1807 1670 1892 1708 263
1922 1681 1986 1709 nr.
2009 1672 2094 1709 2825
2116 1669 2145 1710 I
2170 1684 2188 1709 e
2220 1669 2350 1710 codiee

143 1732 404 1775 bibliothecae
443 1733 734 1774 universitatis
771 1732 1056 1774 Bononiensis
1083 1736 1180 1783 317,
1222 1734 1490 1788 apographon
1529 1734 1716 1787 Reqistrt
1757 1735 1940 1777 Honorii
1972 1736 2066 1777 III.
2107 1739 2349 1786 continente,

143 1801 242 1855 Rey.
276 1802 320 1852 V,
351 1801 422 1854 fol.
447 1803 531 1843 157
559 1815 619 1854 ep.
644 1803 742 1842 444.
1969 1805 2040 1858 (P.
2063 1806 2205 1860 dces-l.)

171 1951 359 1993 Forma
397 1952 713 1993 litterarum
755 1965 885 2006 quas
928 1950 1172 1992 dominus
1210 1951 1524 1994 Fridericus
1566 1955 1865 2010 imperator
1903 1955 2064 1997 debet
2105 1957 2318 1997 mittere

1043 2021 1254 2062 domino
1298 2035 1451 2077 pape.

286 2101 570 2143 Sanctissimo
616 2102 659 2143 in
701 2100 875 2142 Christo
919 2101 1030 2157 patri
1077 2101 1249 2143 domino
1291 2101 1488 2144 Honorio
1522 2103 1606 2145 Dei
1649 2104 1789 2158 gratia
1833 2110 2107 2146 sacrosancte
2147 2104 2343 2147 Romane

74 2206 80 2213 ,
142 2171 323 2213 ecclesie
377 2185 542 2212 summo
593 2170 786 2227 pontifici
839 2170 1085 2212 Fridericus
1141 2170 1292 2212 eadem
1345 2173 1487 2227 gratia
1535 2172 1830 2214 Romanorum
1891 2174 2123 2229 imperator
2178 2188 2348 2229 semper

71 2460 102 2487 25

73 3146 106 3174 ³5

74 3556 107 3582 40

142 2245 364 2295 augustus,
395 2240 638 2282 Ierusalem
671 2244 714 2282 et
739 2239 885 2281 Sicilie
917 2254 995 2281 rex
1029 2240 1213 2282 salutem
1248 2245 1291 2282 et
1324 2242 1612 2283 reverentiam
1648 2247 1734 2283 tam
1759 2243 1950 2284 debitam
1978 2257 2104 2298 quam
2129 2243 2343 2284 devotam.

282 2309 465 2351 Causam
499 2309 717 2351 discordie
752 2323 891 2365 nuper
929 2310 1042 2350 inter
1075 2324 1152 2350 nos
1186 2314 1229 2351 et
1260 2315 1451 2352 rectores
1487 2310 1719 2353 Societatis
1753 2311 2034 2355 Lombardie.
2077 2312 2270 2353 Marchie
2305 2318 2346 2352 et

140 2377 396 2420 Romaniole
429 2384 537 2430 orte,
571 2379 672 2434 quia
705 2378 933 2420 videbatur
964 2378 1320 2435 impedimentum
1353 2380 1509 2422 afferre
1543 2382 1718 2435 negotio
1752 2381 1886 2423 Terre
1920 2380 2091 2424 Sancto.
2126 2383 2164 2422 in
2200 2383 2342 2437 provi-

141 2446 288 2489 dentia
320 2453 362 2489 et
394 2447 673 2503 dispositione
696 2448 937 2489 sanctitatis
961 2453 1104 2489 vestre
1131 2453 1173 2490 et
1196 2448 1376 2489 fratrum
1400 2454 1645 2491 vestrorum
1670 2450 1893 2505 posuimus
1917 2450 2131 2491 absolute.
2185 2449 2343 2489 Eorum

139 2516 270 2571 igitur
306 2517 554 2572 provisione
598 2531 728 2573 super
766 2517 847 2558 hoc
887 2517 1058 2572 plenius
1099 2518 1344 2569 intellecta,
1386 2533 1463 2574 pro
1506 2519 1751 2560 reverentia
1792 2518 1891 2560 Iesu
1925 2519 2085 2560 Christi
2127 2523 2168 2560 et
2208 2519 2342 2573 ipsius

139 2585 271 2628 Terre
306 2586 465 2628 Sancte
496 2587 687 2642 negotio,
720 2587 826 2643 ipsis
859 2588 1076 2629 universis
1109 2591 1152 2628 et
1185 2587 1365 2643 singulis
1398 2587 1451 2629 de
1484 2589 1633 2630 innata
1666 2588 1787 2629 nobis
1822 2588 2052 2629 elementia
2084 2588 2343 2629 remittimus

140 2669 309 2697 omnem
342 2669 586 2705 rancorem,
619 2656 978 2706 malivolentiam,
1011 2657 1192 2698 iniurias
1226 2662 1267 2698 et
1299 2657 1504 2704 offensas,
1537 2658 1765 2712 omniaque
1799 2658 1961 2702 banna,
1996 2657 2342 2698 constitutiones.

141 2725 380 2767 sententias
414 2729 457 2766 et
489 2725 803 2777 ordinamenta,
838 2739 920 2781 que
952 2726 1131 2767 fecimus
1166 2726 1233 2767 vel
1266 2727 1550 2782 imposuimus
1584 2741 1661 2783 per
1694 2741 1771 2767 nos
1802 2727 1869 2767 vel
1903 2740 1980 2781 per
2011 2727 2141 2766 alium
2177 2725 2341 2765 aliusve

140 2807 215 2849 pro
246 2794 370 2836 nobis
395 2793 602 2836 Societati
635 2808 780 2836 eorum
816 2809 893 2837 seu
921 2796 1050 2837 alicui
1073 2796 1126 2837 de
1153 2795 1373 2837 Societate
1407 2797 1524 2852 ipsa,
1559 2796 1806 2838 civitatibus
1840 2801 1881 2835 et
1914 2796 2109 2850 personis
2133 2794 2340 2838 eiusdem,

140 2868 183 2905 et
213 2877 482 2919 quecumque
515 2878 571 2905 ex
601 2865 663 2905 eis
694 2865 763 2905 vel
795 2864 849 2906 ob
883 2878 934 2906 ea
966 2868 1116 2906 secuta
1149 2869 1260 2916 sunt,
1293 2866 1464 2920 penitus
1499 2879 1754 2906 revocamus
1788 2870 1830 2906 et
1863 2864 2111 2919 specialiter
2135 2864 2340 2903 constitu-

138 2932 298 2974 tionem
330 2933 488 2975 factam
521 2933 573 2974 de
606 2932 748 2974 studio
781 2938 824 2975 et
855 2933 1130 2975 studentibus
1163 2933 1381 2982 Bononie;
1421 2935 1646 2976 universos
1678 2939 1720 2974 et
1752 2933 1966 2988 singulos,
2009 2933 2080 2987 qui
2114 2932 2340 2973 occasione

139 3000 318 3043 alicuius
350 3001 640 3057 predictorum
682 3002 765 3044 lesi
797 3002 1017 3055 videntur,
1062 3003 1344 3044 restituentes
1377 3004 1420 3044 in
1459 3004 1676 3058 integrum
1709 3003 1752 3043 in
1786 3002 1983 3042 omnibus
2018 3008 2059 3042 et
2092 3015 2170 3056 per
2201 3001 2342 3041 omnia

140 3083 216 3110 suo
257 3071 388 3112 statui
428 3075 556 3126 atque
599 3071 738 3123 fame,
780 3071 1041 3113 remittendo
1084 3071 1303 3113 infamiam
1346 3086 1518 3113 omnem
1561 3076 1603 3112 et
1641 3085 1818 3127 penam,
1859 3084 1941 3125 que
1974 3074 2122 3110 secute
2156 3074 2255 3110 sunt
2287 3083 2341 3109 ex

140 3138 282 3194 aliquo
314 3140 619 3195 predictorum,
651 3141 711 3182 ita
743 3140 857 3196 quod
892 3155 943 3182 ea
975 3155 1057 3196 que
1090 3155 1167 3196 per
1199 3155 1274 3182 eos
1304 3141 1445 3183 medio
1471 3145 1666 3197 tempore
1689 3145 1786 3181 acta
1816 3144 1927 3190 sunt,
1962 3153 2044 3180 non
2068 3137 2340 3178 obstantibus

143 3208 421 3263 supradictis,
453 3209 583 3251 robur
616 3210 841 3252 obtineant
874 3209 989 3265 quod
1021 3210 1128 3251 alias
1162 3210 1358 3251 obtinere
1390 3210 1645 3252 debuerant.
1708 3208 1776 3249 Ad
1809 3209 1888 3249 hec
1922 3208 2141 3250 civitates,
2175 3206 2266 3247 loca
2301 3211 2341 3246 et

143 3289 290 3319 eorum
323 3293 527 3334 personas
559 3280 792 3335 recipimus
824 3280 867 3320 in
899 3283 1045 3320 nostre
1078 3279 1218 3334 gratie
1251 3278 1566 3334 plenitudinem
1590 3282 1632 3319 et
1656 3278 1717 3319 eis
1742 3276 1961 3318 reddimus
1985 3275 2149 3316 firmam
2185 3288 2336 3329 pacem

142 3347 184 3386 et
205 3347 452 3401 specialiter
472 3348 709 3390 marchioni
732 3348 1060 3400 Montisferrati,
1085 3348 1346 3398 Mediolano,
1370 3348 1607 3397 Placentie,
1626 3346 1855 3397 Vercellis,
1879 3345 2091 3395 Bononie,
2116 3344 2336 3384 Faventie.

142 3414 423 3468 Alexandrie,
455 3417 658 3470 Taurino,
691 3417 856 3469 Laude,
888 3417 1118 3473 Pergamo,
1152 3417 1315 3469 Brixie,
1348 3417 1540 3468 Mantue,
1573 3416 1764 3457 Verone.
1799 3414 1960 3455 Padue.
1984 3413 2197 3455 Vieentie.
2231 3411 2334 3451 Tre-

275 3552 308 3592 1)
344 3551 397 3586 Et
427 3552 568 3596 quidem
602 3554 767 3598 epistolae
801 3553 956 3588 Honor-ii
983 3554 1059 3588 ΙΙΙ.
1093 3554 1158 3587 sub
1188 3563 1243 3587 nr.
1263 3556 1340 3587 327.
1371 3556 1444 3587 329.
1479 3556 1550 3586 331.
1582 3555 1656 3586 332.
1682 3556 1766 3595 342,·
1806 3551 1970 3595 Greyorii
1997 3550 2065 3583 IX.
2100 3548 2161 3581 sub
2194 3558 2244 3581 nr.
2263 3552 2339 3580 3423.

139 3609 342 3651 349—354,·
365 3610 438 3644 tria
461 3615 635 3646 rectorum
658 3611 841 3646 Societat‘is
860 3616 957 3656 qesta
982 3611 1047 3645 sub
1070 3621 1125 3645 nr.
1145 3614 1326 3646 319—321.
1445 3611 1481 3646 2)
1509 3610 1547 3644 Γ.
1573 3609 1781 3644 sententiam
1804 3608 1946 3650 finalem
1976 3618 2027 3641 ur.
2052 3613 2114 3640 111.
