2558 3970
227 150 300 189 15ss
701 142 939 177 FllIDElllCl
967 142 1010 175 ΙΙ.
1037 140 1466 176 CONSTITUTIONES.
1517 140 1615 174 1231.
1664 139 1725 173 Nr.
1747 139 1821 172 151.
1848 138 1922 173 152.

219 262 395 300 nitatem
432 266 615 299 vestram
659 264 700 298 et
747 258 883 297 tocius
925 256 1116 296 comunis
1151 256 1279 296 vestri
1322 255 1597 296 favorabilius
1639 252 1932 300 intendamus,
1975 256 2188 305 tamquam
2223 250 2293 304 qui
2326 263 2401 290 vos

220 343 294 383 per
328 328 634 382 exlwrientiam
659 340 806 366 omnes
831 323 1124 365 fidelissimosf
1155 324 1417 379 experimur,
1450 327 1495 363 ut
1518 322 1805 362 benivolentie
1831 321 2010 375 gratiam
2034 318 2087 360 ad
2109 317 2402 359 testimonium

219 396 396 450 predicti
432 396 560 447 legati
594 395 723 434 nostri
759 394 947 434 letemini
988 393 1178 446 plenarie
1213 393 1438 437 meruisse,
1482 392 1591 431 sicut
1624 389 1833 430 vidissent
1864 388 2047 443 predicti
2081 387 2225 427 nuncii
2258 386 2403 436 vestri,

222 466 255 504 si
289 478 382 504 eum
417 463 608 518 predicto
646 463 788 516 legato
831 466 976 502 nostro
1011 461 1240 502 venissent.
1303 460 1613 501 Verumtamen
1646 456 1947 499 confortemini
1979 459 2022 496 et
2053 458 2193 497 estote
2226 453 2402 504 robusti,

221 532 328 586 quod
363 531 566 585 gaudium
602 531 682 572 erit
714 530 858 572 vobis.
903 529 1001 569 (lum
1034 543 1111 583 per
1143 529 1421 570 exibitionem
1455 541 1631 583 operum
1670 526 1865 567 sentietis
1897 525 2167 566 devotionem
2200 526 2400 571 vestram,

220 615 344 655 quam
379 599 428 639 ad
466 600 690 654 imperinm
723 600 941 639 ferventer
974 597 1234 646 ostendetis,
1268 598 1422 639 vestris
1455 597 1615 637 meritis
1646 594 1922 650 profuturam.
1978 593 2185 633 Pretcrea
2209 591 2404 632 volumus

223 680 263 709 et
297 668 548 708 mandamus
582 666 804 707 devocioni
839 671 980 707 vestre
1014 670 1239 720 quatenus.
1274 667 1383 707 sicut
1416 679 1491 720 per
1523 664 1659 705 aliasg
1690 663 1836 704 literas
1869 660 2123 716 generales¹
2156 659 2406 701 comunitati

222 748 361 778 vestre
406 736 650 776 mandatur.
692 735 900 776 discretos
939 739 981 775 et
1025 734 1223 789 providos
1257 735 1368 775 viros
1411 733 1464 774 ad
1506 736 1695 773 nostram
1738 730 2001 786 presentiam
2045 728 2224 769 nuncios
2267 730 2405 767 trans-

97 827 116 838 π
223 805 443 846 mittatish.
487 805 556 858 qni
599 804 801 844 vicesimo
835 804 981 857 quinte
1023 804 1156 858 primo
1197 803 1364 844 venturi
1406 802 1567 843 mensis
1601 800 1781 856 Aprilis,
1820 799 1860 839 in
1900 799 2010 839 festo
2050 796 2252 838 videlicet
2292 795 2408 836 beati

222 874 383 914 Marchi
419 872 701 926 euangeliste.
736 887 780 912 se
815 872 1062 925 conspectui
1095 875 1238 912 nostro
1271 871 1311 911 in
1344 870 1536 925 partibus
1570 868 1703 909 Terre
1728 867 1907 908 Laboris
1938 867 2005 907 vel
2030 865 2276 920 Capitinate
2308 877 2403 918 pre-

223 950 403 983 sentent*
467 941 548 986 Qui
583 941 756 981 veniant
788 941 1040 981 auctoritate
1074 940 1346 980 comunitatis
1369 943 1511 980 vestre
1544 937 1708 987 muniti,
1743 941 1789 977 ut
1819 949 1895 991 per
1918 950 1962 976 se
1987 938 2213 989 acceptare
2237 933 2408 975 valeant

223 1025 302 1065 que
337 1009 566 1050 viderimus
599 1023 693 1049 eum
728 1010 917 1063 ipsorum
951 1013 993 1049 et
1026 1008 1234 1049 aliorumg
1266 1008 1335 1061 qui
1369 1006 1625 1048 intererunti
1659 1005 1838 1046 consilio
1873 1002 2120 1053 statuenda,
2165 1006 2208 1043 ct
2240 1000 2351 1056 quod
2384 1015 2408 1041 a

224 1079 342 1119 vobis
377 1078 589 1132 acceptari
634 1083 675 1117 et
718 1078 864 1132 inpleri
899 1077 1087 1118 debeant
1119 1091 1199 1130 que
1241 1076 1506 1130 promittunt.
1580 1074 1662 1115 Per
1694 1088 1801 1128 quos
1834 1073 1963 1114 etiam
1997 1071 2049 1113 de
2083 1071 2217 1111 nostri
2248 1070 2407 1111 favoris

223 1158 262 1187 et
299 1147 584 1186 benivolentie
619 1146 757 1197 gratia
791 1146 830 1185 in
864 1159 1010 1185 eorum
1046 1145 1185 1185 reditu
1218 1144 1307 1184 lieri
1343 1144 1534 1198 poteritis
1568 1141 1784 1183 letioresk.

369 1215 524 1254 Datum
559 1214 748 1254 Tarenti.
782 1213 929 1254 YsslI.
962 1213 1125 1258 Marzii,
1160 1212 1281 1253 lllltn
1315 1212 1459 1253 indict.

692 1382 790 1425 152.
830 1382 1181 1425 ENCYGLICA
1224 1380 1666 1423 IMPERATORIS.
1729 1379 1859 1420 Mart.
1884 1382 1951 1421 10.

365 1464 594 1515 Eveneplar
630 1463 842 1515 potestati,
884 1462 1070 1511 consilio,
1110 1461 1312 1502 communi
1343 1461 1516 1502 Senensi
1556 1460 1727 1501 missum
1763 1460 1871 1500 cruit
1902 1458 2031 1500 Pabst
2061 1473 2080 1499 e
2119 1458 2270 1500 litteris
2299 1456 2414 1498 modo

224 1534 408 1574 Iaza-latis
440 1533 642 1573 tabularii
665 1532 884 1580 Senensi&
918 1531 1162 1581 inscriptum
1193 1532 1306 1570 crat:
1339 1529 1551 1571 Potestati
1575 1533 1617 1569 et
1641 1528 1818 1569 consilio
1849 1528 2012 1582 totique
2036 1527 2206 1568 comuni
2230 1526 2413 1568 Senensi

225 1602 422 1643 fidelibus
456 1602 556 1641 suis.
590 1626 643 1630 ——
679 1599 1135 1641 llecillard-Breholles
1166 1599 1253 1648 ΙΙΙ,
1273 1601 1369 1641 27¹3.
1433 1598 1625 1649 .l›'‹)'lcm<3r,
1659 1597 1758 1650 1309.
1790 1597 1887 1649 imp.
1922 1597 1962 1647 V,
1986 1598 2108 1639 1854.

2036 1664 2105 1718 (P.
2128 1664 2269 1713 deest.)

370 1761 627 1802 Frederieus
652 1761 732 1802 Dei
757 1761 898 1815 gratia
915 1760 1208 1801 Romanorum
1231 1759 1464 1813 imperator
1487 1771 1660 1812 semper
1678 1761 1898 1811 augustus,
1922 1757 2161 1798 Ierusalem
2185 1759 2228 1797 et
2245 1755 2415 1797 Siciliea

227 1846 303 1871 rex
336 1830 540 1884 potestati
575 1838 616 1870 et
651 1830 824 1870 consilio
859 1829 1019 1883 totique
1051 1828 1221 1869 comuni
1246 1827 1444 1878 Senensi,
1479 1825 1678 1867 fidelibus
1712 1826 1812 1877 suis,
1846 1826 2027 1880 gratiam
2052 1839 2174 1867 suam
2197 1828 2240 1866 et
2259 1824 2415 1866 bonam

227 1901 504 1940 voluntatem.

371 1968 528 2009 sedata
564 1982 699 2022 nuper
732 1982 755 2007 a
779 1967 928 2008 celesti
952 1969 1127 2007 auctore
1152 1963 1368 2006 discordia
1391 1978 1472 2019 que
1502 1964 1704 2019 generale
1728 1964 1846 2018 pacis
1871 1963 2096 2004 comodum
2119 1961 2414 2018 perturbabat,

227 2053 329 2079 ecee
372 2039 410 2078 in
446 2038 600 2077 virtute
634 2036 828 2089 Domini,
871 2037 938 2077 eui
970 2035 1177 2076 debemus
1219 2049 1313 2075 esse
1348 2033 1461 2088 quod
1494 2033 1695 2084 vivimus,
1736 2032 1997 2073 intendimus
2031 2045 2174 2072 curam
2206 2030 2415 2071 solicitam

229 2106 527 2162 apponendanl
560 2120 634 2160 pro
669 2110 782 2146 statu
817 2105 935 2160 pacis
968 2109 1010 2145 et
1042 2104 1207 2145 iusticie
1240 2104 1282 2143 in
1316 2102 1501 2143 subditis
1533 2102 1797 2157 generaliter
1828 2100 2121 2150 reformando,
2157 2099 2292 2155 primo
2324 2099 2415 2153 qui-

228 2176 325 2216 dem
358 2180 403 2214 ut
436 2174 514 2214 sub
548 2174 629 2215 Dei
663 2173 841 2214 consilio
875 2171 1172 2226 tranquillitati
1205 2170 1509 2226 provideamus
1541 2170 1723 2225 imperii,
1758 2169 1949 2211 sedando
1983 2169 2229 2224 specialiter
2250 2167 2416 2209 dissen-

230 2245 372 2284 siones
406 2243 569 2286 Ytalie,
614 2242 732 2282 cuius
767 2240 1067 2295 indempnitati
1100 2239 1397 2280 favorabiliter
1440 2239 1722 2294 prespicimus
1756 2242 1798 2280 et
1830 2238 1974 2294 quieti.
2039 2237 2145 2278 Cum
2179 2237 2310 2292 igitur
2341 2250 2418 2291 pro

231 2314 310 2353 hiis
357 2312 553 2352 omnibus
601 2310 836 2351 efficaciter
868 2308 1144 2364 disponendis
1190 2308 1485 2349 necessarium
1526 2308 1579 2348 sit
1616 2312 1659 2348 et
1699 2307 1879 2358 decens,
1919 2310 1965 2347 ut
2005 2305 2057 2347 de
2090 2305 2284 2360 qualibet
2316 2305 2417 2346 civi—

230 2392 364 2422 tatum
397 2380 551 2420 Tus-cie
595 2380 854 2433 sollempnes
895 2378 1073 2418 nuncies
1117 2377 1378 2427 habeamus,
1420 2377 1690 2418 universitati
1723 2380 1865 2418 vestre
1907 2375 1984 2417 sub
2024 2375 2170 2416 debito
2203 2374 2418 2415 fidelitatis

231 2465 311 2505 qua
345 2450 468 2490 nobis
502 2454 543 2489 et
575 2448 752 2502 imperio
787 2447 992 2488 tenemini
1024 2445 1301 2501 precipiendo
1334 2445 1600 2498 mandamus,
1635 2445 1834 2500 quatinus
1859 2445 2047 2486 electosb
2080 2443 2133 2484 de
2159 2443 2418 2484 comunitate

230 2525 374 2560 vestra
408 2519 517 2557 viros
558 2515 754 2571 providos
795 2520 835 2556 et
875 2515 1084 2556 discretos
1128 2514 1179 2555 ad
1220 2519 1411 2555 nostram
1452 2514 1716 2569 presentiam
1755 2512 2096 2563 transmittatisc,
2138 2511 2308 2566 plenam
2340 2511 2419 2552 sibi

231 2588 528 2628 auctoritatem
573 2585 874 2626 universaliter
906 2584 1188 2635 conferendo,
1228 2587 1274 2624 ut
1313 2599 1384 2634 ea,
1427 2597 1508 2638 que
1541 2583 1592 2624 de
1626 2582 1804 2623 consilio
1837 2582 2027 2636 ipsorum
2061 2584 2103 2621 et
2133 2580 2314 2620 aliorum
2348 2579 2419 2634 qui

231 2656 410 2696 aderunt
442 2655 493 2695 de
534 2653 736 2709 predictis
771 2653 967 2694 omnibus
1002 2652 1234 2693 viderimus
1267 2651 1515 2703 statuenda,
1555 2666 1630 2706 per
1663 2667 1708 2692 se
1742 2651 1916 2691 valeant
1947 2654 2197 2704 acceptare,
2231 2651 2273 2689 et
2305 2647 2417 2703 quod

233 2740 255 2765 a
289 2724 435 2764 vobis⁴¹
469 2723 683 2777 acceptari
717 2727 759 2763 ct
791 2722 944 2777 inpleri
978 2721 1167 2762 debeant
1200 2736 1280 2776 que
1312 2721 1583 2775 promittunt:
1617 2719 1840 2761 studentes
1874 2719 1943 2774 qui
1975 2718 2190 2769 venerint,
2222 2720 2269 2757 ut
2301 2717 2414 2758 vice-

113 2818 118 2825 ·
234 2794 338 2833 simo
372 2793 518 2846 quinto
552 2792 713 2831 mensis
747 2791 908 2846 Aprilis
941 2791 1075 2845 primo
1109 2790 1289 2842 venturi,
1324 2790 1364 2830 in
1398 2790 1505 2830 festo
1538 2789 1740 2830 videlicet
1773 2788 1910 2829 sancti
1939 2786 2105 2828 Marchi
2139 2786 2419 2840 euangeliste,

231 2863 271 2902 in
314 2861 506 2916 partibus
545 2859 677 2900 Terre
719 2859 897 2900 Laboris
941 2859 1009 2899 vel
1043 2858 1288 2913 Oapitinate
1327 2862 1471 2899 nostro
1517 2857 1766 2912 conspectui
1812 2871 1856 2898 se
1899 2859 2164 2911 presentent.
2232 2853 2289 2895 Et
2321 2853 2421 2909 quia

231 2945 305 2984 pre
339 2929 529 2983 generali
562 2928 855 2982 tranquilitate
889 2927 1082 2982 predicta
1115 2928 1259 2968 omnia
1291 2926 1588 2981 disponuntur,
1623 2926 1701 2967 sub
1735 2925 1888 2966 eodem
1920 2924 2140 2966 fidelitatis
2169 2923 2314 2964 debito
2339 2936 2420 2977 quo

2445 877 2477 902 10

2446 1218 2477 1242 15

2449 1681 2483 1707 20

2452 2042 2484 2066 25

2456 2383 2488 2408 30

2453 2729 2483 2755 ³5

231 2998 353 3038 nobis
387 3003 428 3037 et
463 2997 638 3051 irnperio
663 2996 866 3037 tenemini
898 2996 1076 3036 firmiter
1098 2995 1356 3045 inhibemus,
1391 3000 1437 3035 ut
1460 3009 1595 3049 usque
1620 2994 1673 3035 ad
1696 2994 1879 3036 reditum
1904 2993 2156 3034 nunciorum
2179 2992 2421 3033 incursum*³
2470 3031 2478 3036 ,

231 3076 271 3106 et
305 3066 604 3105 offenssionem
640 3066 678 3104 in
713 3065 879 3118 aliquos
914 3064 1148 3104 vicinorum
1181 3063 1416 3103 nullatinus
1450 3063 1719 3118 attemptctis
1751 3063 1922 3103 inferre.

376 3134 533 3173 Datum
567 3133 754 3180 Tarenti,
791 3131 843 3173 X.
878 3132 1040 3183 Μαι-2117
1074 3130 1214 3172 indict.
1250 3135 1412 3185 quarta.

372 3269 455 3303 151.
484 3270 512 3301 si
542 3271 764 3303 fnlellissimos
790 3283 815 3302 c.
932 3274 964 3311 8)
991 3270 1060 3302 alli.
1087 3283 1113 3302 c.
1234 3267 1266 3310 ¹¹)
1294 3269 1516 3301 transmitatis
1541 3282 1567 3300 c.
1687 3266 1709 3309 i)
1735 3269 1768 3300 in
1791 3266 1916 3301 “ierer‘it
1940 3280 1965 3299 c.
2082 3265 2116 3307 k)
2141 3266 2294 3299 lectiores
2319 3276 2344 3297 c.

371 3338 453 3371 152.
489 3344 518 3362 ²²=
554 3338 675 3373 iem-lm
709 3346 741 3371 vt
772 3340 897 3371 seieilie
927 3352 953 3370 c.
1095 3337 1127 3379 1’)
1161 3338 1297 3370 elleetes
1322 3350 1347 3369 ο.
1490 3340 1520 3378 ⁰)
1557 3337 1778 3369 trausmitatis
1809 3348 1834 3368 e.
1966 3333 1998 3378 d)
2032 3335 2151 3367 anobis
2176 3346 2201 3366 e.
2332 3331 2361 3372 ὓ)
2385 3333 2420 3364 in

233 3407 368 3427 (jussum
396 3409 421 3426 C.

376 3485 405 3525 l)
435 3484 488 3524 Cf.
519 3495 570 3516 nr.
597 3487 802 3525 semuncem.

2455 3068 2489 3093 40

2457 3486 2488 3511 4⁵
