2558 3970
70 2397 144 2421 1157.

63 2429 129 2462 Aps.
147 2432 170 2456 6.

214 158 294 196 *274
740 154 982 188 FRIDERICI
1008 154 1052 188 ΙΙ.
1079 154 1507 190 CONSTITUTIONES.
1570 156 1669 191 1236.
1719 156 1878 192 N1·.204.

417 424 548 491 204.
614 420 1339 493 PRIVILEGIUM
1392 421 1524 492 ET
1580 421 2200 495 SENTENTIA

607 534 721 604 IN
783 533 1295 605 FAVOREM
1350 535 2014 608 IUDAEORUM.

1178 658 1320 706 1236.
1360 660 1449 706 Iul.

358 803 527 843 (fartam
566 802 673 843 hanc
715 803 1012 844 memorabilem
1045 803 1215 855 primus
1253 803 1382 844 edidit
1419 804 1486 843 vir
1521 803 1560 846 d.
1593 803 1804 858 Hoeniyer
1835 805 2089 858 ‘Zeitsclm‘z'ft
2123 806 2198 858 fiir
2227 806 2293 847 die
2328 807 2408 849 Ge-

209 872 382 914 schicletc
425 871 498 912 ‹Ior
537 871 677 913 Jndcn
726 872 771 912 in
814 871 1115 913 Deutscleland’
1159 872 1195 922 Ι,
1228 874 1311 911 137
1348 885 1367 912 c
1410 872 1650 914 membrana
1687 873 1892 915 tabularii
1926 874 2107 915 civitatis
2150 875 2407 916 Coloniensis

210 940 290 983 M.
312 942 436 980 2233.
469 953 572 992 quac
605 943 663 981 cst
695 943 997 981 transsumz‘um
1036 940 1250 982 PVe‘Iholmi
1280 940 1582 992 archiepiscopi
1617 940 1876 983 Coloniensis
1906 956 1945 983 α.
1969 944 2080 983 1360
2111 942 2210 985 Ian.
2231 945 2271 994 2,
2303 944 2411 996 qnod

211 1009 499 1062 transscripsit
537 1008 722 1049 chartam
763 1008 1003 1049 Eho-hardi
1041 1009 1219 1060 episcope?
1257 1008 1580 1050 Wormacz'cnsz's
1610 1010 1799 1051 a.1260.
1839 1009 1974 1054 Mart.
1998 1013 2069 1061 11,
2111 1012 2179 1052 cni
2208 1012 2409 1054 insertum

210 1081 267 1119 est
290 1078 336 1118 F
335 1077 633 1118 ridcrz'ce'anum
664 1078 894 1118 nostrum&
951 1077 1082 1119 Cuius
1108 1078 1253 1129 priore
1279 1080 1408 1129 parte
1429 1079 1663 1119 continetur
1683 1079 1898 1120 innovatio
1910 1079 2126 1133 privileyii
2145 1079 2408 1123 Fridcricil.

208 1162 247 1188 α.
284 1149 391 1186 1157
431 1147 537 1198 Apr.
570 1148 595 1185 (ἶ
633 1151 782 1199 (supra
821 1149 912 1186 tom.
945 1145 977 1187 I
980 1180 990 1196 ,
1029 1159 1096 1187 nr.
1128 1148 1255 1196 163),
1299 1146 1408 1198 quod
1442 1146 1649 1200 intem-‘mn
1689 1150 1892 1198 receptum
1932 1150 2009 1197 est,
2048 1150 2170 1200 atque
2200 1148 2247 1189 id
2275 1149 2411 1201 ipsum

210 1215 399 1256 omnibus
430 1214 602 1256 Iudaeis
641 1214 923 1255 Alcmannz'ac
961 1214 1223 1268 indulyctm·;
1257 1228 1365 1267 pars
1396 1215 1606 1266 posterior
1645 1216 1893 1258 sententiam
1928 1217 2072 1258 curiae
2100 1217 2290 1269 praebet,
2327 1231 2410 1270 qna

210 1284 361 1325 Iudaei
396 1284 628 1324 innocentes
659 1295 741 1324 csse
773 1286 1074 1336 cognoscuntur
1096 1283 1311 1325 occisionis
1333 1284 1505 1325 rimatis
1519 1297 1748 1336 puerorum
1774 1284 2124 1328 Christianorum.
2181 1285 2243 1337 Cf.
2266 1285 2411 1328 dehac

210 1366 251 1393 rc
283 1352 446 1393 Fuldae
475 1355 587 1405 qesta
618 1352 736 1394 Ann.
760 1352 1057 1394 Mae-bacenses
1088 1352 1183 1406 (SS.
1205 1352 1360 1402 XVII,
1384 1354 1487 1406 178)
1519 1355 1557 1394 ct
1586 1353 1704 1395 Ann.
1727 1353 2023 1405 Erfordz‘cnses
2052 1353 2149 1407 (SS.
2174 1353 2301 1406 XVI,
2319 1357 2409 1405 31).

2029 1421 2100 1474 (P.
2123 1422 2265 1476 deest.)

352 1512 401 1552 In
450 1513 621 1553 nomine
662 1517 809 1554 sancte
853 1517 894 1553 et
938 1512 1158 1553 individue
1201 1512 1434 1554 Trinitatis.
1504 1513 1750 1555 Fridericus
1790 1514 2006 1555 secundus
2048 1514 2189 1555 divina
2232 1515 2408 1556 favente

209 1581 444 1622 clemencia
485 1580 777 1621 Romanorum
817 1581 1052 1636 imperator
1092 1594 1264 1636 semper
1303 1586 1531 1636 augustus,
1582 1582 1820 1623 Ierusalem
1860 1585 1903 1622 et
1948 1580 2106 1637 Sycilie
2148 1596 2239 1624 rex.
2311 1582 2408 1624 Etsi

208 1649 447 1703 augustalis
511 1650 833 1704 preeminencia
887 1649 1108 1704 dignitatis
1161 1654 1362 1691 teneatur
1410 1650 1463 1690 ad
1511 1664 1659 1692 omnes
1710 1651 1889 1706 imperio
1942 1650 2136 1691 Romano
2188 1651 2407 1693 subiectos

207 1718 430 1760 brachium
475 1732 550 1759 sue
585 1717 846 1759 defensionis
881 1718 1119 1759 extendere
1153 1722 1196 1759 et
1227 1723 1448 1774 tamquam
1480 1718 1534 1759 ad
1566 1723 1762 1759 tutamen
1794 1719 1894 1760 fidei
1928 1719 1980 1760 de
2013 1733 2202 1774 superna
2232 1719 2406 1775 dispen-

211 1788 382 1828 sacione
428 1788 597 1842 provisa
642 1786 792 1827 fideles
835 1785 996 1827 Christi
1038 1787 1185 1829 favore
1228 1788 1372 1829 fovere
1413 1787 1565 1829 deceat
1598 1788 1798 1843 speciali,
1839 1788 2145 1829 nichilominus
2177 1792 2322 1830 tamen
2355 1789 2409 1830 ad

211 1857 382 1897 iusticie
413 1856 706 1897 moderamina
740 1856 972 1896 constituta
1002 1855 1248 1898 infidelibus
1272 1856 1464 1897 debitum
1499 1861 1578 1908 est,
1611 1870 1682 1898 eos
1704 1857 1824 1898 velut
1845 1856 2107 1911 peculiarem
2131 1857 2408 1898 commissum

211 1926 291 1967 sibi
322 1925 527 1979 populum
560 1925 628 1980 pie
661 1938 813 1978 regere
845 1938 895 1965 ac
928 1925 1040 1965 iuste
1072 1925 1197 1977 tueri,
1231 1939 1284 1966 ne
1317 1939 1413 1966 cum
1445 1925 1644 1966 fidelibus
1677 1925 1719 1966 in
1742 1924 1942 1966 culminis
1967 1925 2102 1965 nostri
2123 1926 2400 1980 proteccione

211 1994 420 2049 degentes
453 2008 475 2034 a
508 1993 834 2048 potencioribus
867 2007 944 2048 per
966 1993 1226 2034 violenciam
1260 1993 1570 2048 opprimantur.
1624 1993 1740 2034 Hinc
1775 1997 1842 2034 est
1872 1993 2017 2047 itaque
2050 1992 2163 2048 quod
2194 1995 2408 2048 presentis

209 2063 355 2117 scripti
399 2062 510 2103 serie
551 2062 717 2102 noverit
759 2075 939 2116 presens
984 2066 1075 2102 etas
1108 2065 1150 2101 et
1193 2062 1441 2102 successiva
1481 2062 1735 2116 posteritaS‚
1783 2061 1894 2115 quod
1927 2061 2118 2102 universi
2149 2061 2407 2104 Alemannie

211 2132 324 2173 servi
358 2144 528 2172 camere
562 2136 708 2171 nostre
741 2135 886 2171 nostre
920 2129 1167 2171 celsitudini
1202 2131 1518 2185 supplicarunt,
1559 2135 1772 2185 quatenus
1804 2129 2080 2185 privilegium
2114 2129 2203 2171 divi
2234 2130 2408 2185 augusti

211 2200 278 2240 avi
320 2200 454 2240 nostri
487 2199 697 2239 Friderici
735 2198 875 2239 felicis
919 2199 1126 2239 memorie
1167 2198 1381 2239 indultum
1413 2197 1817 2240 wormaciensibus
1851 2197 1997 2239 Iudeis
2031 2202 2074 2239 et
2106 2198 2408 2240 consodalibus

211 2282 357 2310 eorum
406 2268 681 2321 dignaremur
728 2267 780 2308 de
828 2272 975 2308 nostra
1017 2269 1163 2322 gracia
1207 2268 1419 2308 universis
1458 2267 1603 2309 Iudeis
1635 2267 1894 2308 Alemannie
1935 2267 2202 2308 confirmare.
2275 2267 2407 2309 Cuius

208 2337 419 2393 privilegii
456 2342 579 2376 tenor
610 2337 708 2377 talis
743 2341 830 2377 est:

353 2404 415 2444 ‘In
448 2405 620 2445 nomine
654 2409 801 2445 sancte
837 2429 887 2434 —
922 2405 965 2445 in
999 2404 1169 2446 Christo
1199 2405 1385 2446 feliciter
1417 2403 1571 2446 amen‘.
1632 2416 1764 2456 snpra
1795 2407 1889 2445 tom.
1912 2404 1950 2454 Ι,
1980 2417 2048 2445 nr.
2072 2406 2168 2447 163.

351 2473 440 2514 Nos
468 2473 614 2527 itaque
638 2472 941 2528 indempnitati
966 2477 1008 2514 et
1031 2474 1177 2528 quieto
1202 2474 1334 2514 statui
1356 2472 1592 2514 Iudeorum
1609 2472 1870 2514 Alemannie
1892 2472 2185 2527 providentes,
2208 2472 2408 2514 omnibus

209 2541 355 2583 Iudeis
399 2541 452 2583 ad
486 2555 701 2583 cameram
734 2546 926 2583 nostram
959 2541 1207 2583 immediate
1242 2541 1542 2597 spectantibus
1575 2541 1685 2582 hanc
1719 2540 1953 2596 specialem
1986 2541 2175 2596 graciam
2207 2540 2408 2582 duximus

348 2656 380 2696 1)
414 2654 445 2688 T
443 2658 646 2689 rcmssumta
690 2654 865 2689 Wilhelmz'
901 2658 932 2689 et
964 2653 1168 2689 Eoo-hardi
1199 2654 1260 2688 hoe
1291 2655 1362 2688 loco
1391 2654 1473 2688 dari
1502 2654 1598 2688 libet:
1632 2654 1855 2689 Wilhelmus
1886 2654 1953 2689 Dei
1985 2653 2113 2699 gracia
2147 2655 2272 2688 sancte
2304 2653 2408 2689 Colo-

208 2712 345 2747 niensis
377 2712 528 2747 ecclesie
562 2711 860 2756 archiepiscopus
897 2712 989 2746 sacri
1016 2711 1162 2756 imperii
1188 2721 1253 2755 per
1278 2711 1427 2746 Italiam
1453 2710 1810 2746 archicancellarius.
1857 2711 2045 2746 Universis
2070 2713 2107 2745 et
2132 2710 2287 2756 singulis
2312 2710 2408 2746 hanc

209 2769 372 2804 litteram
398 2769 531 2803 visuris
558 2771 595 2803 et-
621 2768 805 2803 audituris
823 2768 992 2803 volumus
1019 2779 1095 2802 esse
1121 2770 1262 2812 notum,
1289 2779 1355 2803 nos
1374 2768 1607 2812 quarundam
1623 2768 1833 2803 litterarum
1850 2769 2155 2812 transsumptum,
2180 2778 2266 2803 vero
2283 2767 2408 2813 sigillo

209 2826 409 2861 venerandi
435 2826 551 2871 patris
577 2825 763 2869 quondam
790 2826 930 2860 domini
956 2825 1161 2860 Eberhardi
1179 2825 1467 2860 VVormaciensis
1493 2825 1658 2870 episcopi
1683 2827 1794 2870 prout
1819 2825 1938 2870 prima
1963 2825 2058 2859 facie
2082 2824 2288 2869 apparebat
2304 2824 2408 2870 sigil-

209 2885 338 2919 latum.
365 2883 500 2918 vidisse
528 2886 563 2917 et
588 2883 798 2927 perlegisse,
824 2883 927 2918 cuius
953 2885 1059 2918 tenor
1084 2882 1253 2926 sequitur
1278 2883 1316 2917 in
1342 2883 1440 2917 hunc
1464 2882 1632 2917 modum:

345 2940 577 2974 Eberhardus
604 2940 669 2974 Dei
703 2940 827 2984 gracia
852 2940 1139 2975 VVormaciensis
1172 2941 1365 2986 episcopus
1401 2941 1571 2976 omnibus
1603 2941 1698 2976 hanc
1730 2941 1895 2975 litteram
1927 2939 2147 2985 inspecturis
2179 2939 2336 2974 salutem
2367 2940 2404 2974 in

208 2998 363 3033 Domino
391 2998 665 3042 sempiternam.
714 2997 873 3032 Litteras
899 2998 1039 3032 domini
1067 2998 1249 3033 Frederici
1276 2998 1463 3042 quondam
1487 2998 1736 3033 Romanorum
1762 2997 2013 3043 imperatoris,
2039 3008 2113 3032 non
2137 2996 2307 3039 abolitas,
2333 3008 2407 3032 non

209 3055 442 3096 cancellatas,
469 3066 534 3089 nec
561 3054 599 3088 in
626 3053 752 3097 aliqua
778 3056 884 3098 parte
910 3066 975 3088 sua
1001 3054 1157 3089 viciatas
1183 3054 1342 3089 vidimus
1369 3056 1406 3089 et
1432 3055 1590 3099 legimus
1615 3055 1654 3089 in
1678 3055 1747 3089 hec
1772 3054 1905 3089 verba:

783 3111 836 3144 ‘In
860 3111 1010 3146 nomine
1035 3114 1162 3146 sancte
1188 3131 1230 3136 -
1257 3113 1293 3146 et
1314 3111 1521 3147 indiccione
1547 3111 1782 3157 prescriptis¹.

348 3170 409 3203 Set
442 3181 523 3203 cum
557 3170 708 3213 propter
732 3168 875 3202 viarum
908 3168 1121 3203 discrimina
1152 3171 1189 3203 et
1221 3168 1373 3204 dubium
1408 3171 1503 3204 terre
1533 3170 1671 3205 statum
1703 3167 1750 3202 ad
1775 3167 1937 3202 diversas
1962 3168 2086 3212 partes
2111 3166 2239 3202 littera
2262 3167 2405 3202 bullata

209 3229 316 3261 caute
352 3229 511 3269 nequeat
545 3225 790 3270 transportari
823 3225 886 3259 ubi
920 3227 1046 3260 tamen
1080 3225 1157 3260 eius
1190 3225 1297 3270 copia
1322 3227 1526 3262 necessario
1552 3226 1765 3266 exhibetur,
1798 3235 1864 3260 nos
1890 3224 1937 3258 ad
1962 3223 2184 3258 instanciam
2210 3223 2404 3259 Iudeorum

210 3282 538 3317 Wormaciens-:ium
574 3282 742 3316 cedulam
772 3282 867 3316 hanc
900 3281 945 3316 de
970 3281 1082 3316 verbo
1115 3281 1162 3316 ad
1190 3281 1342 3316 verbum
1377 3282 1572 3317 transcribi
1605 3282 1758 3317 fecimus
1784 3281 1889 3316 iuxta
1917 3279 2187 3315 continenciam
2214 3279 2406 3324 originalis

210 3339 398 3384 privilegii
426 3342 461 3373 et
488 3339 534 3372 ad
560 3339 743 3373 cautelam
768 3339 885 3373 nostri
913 3338 1027 3383 sigilli
1052 3337 1257 3372 munimine
1275 3338 1439 3373 roborari
1458 3366 1464 3373 .
1486 3366 1492 3374 .
1511 3339 1648 3373 Datum
1667 3365 1674 3372 .
1696 3366 1702 3373 .
1723 3349 1820 3372 anno
1838 3337 1987 3372 Domini
2004 3336 2099 3372 MCC
2123 3336 2350 3381 sexagesimo
2370 3364 2377 3372 .
2398 3364 2404 3371 .

209 3397 341 3440 quinto
366 3395 453 3431 Idus
479 3396 618 3430 Marcii.

345 3452 386 3487 In
413 3463 566 3496 quorum
593 3453 848 3487 testimonium
873 3463 1021 3497 presens
1047 3454 1339 3496 transsumptum
1365 3452 1412 3487 ad
1438 3452 1624 3497 supplices
1650 3442 1774 3497 preces
1793 3450 1988 3485 Iudeorum
2012 3452 2221 3485 nostrorum
2246 3449 2285 3484 in
2307 3451 2405 3484 terra

211 3513 247 3543 et
273 3509 340 3543 sub
365 3511 548 3553 potestate
574 3509 707 3544 nostris
734 3509 1044 3544 commorancium
1069 3509 1114 3543 de
1135 3508 1244 3544 verbo
1273 3509 1320 3543 ad
1339 3509 1491 3544 verbum
1517 3508 1732 3544 transscribi
1758 3508 1910 3543 fecimus
1936 3509 1973 3542 et
1998 3507 2115 3542 nostri
2133 3507 2249 3552 sigilli
2267 3517 2403 3552 appen-

209 3566 310 3600 sione
337 3566 565 3600 communiri.
606 3565 742 3600 Datum
762 3565 956 3602 Lechnich.
983 3566 1142 3601 crastino
1169 3566 1457 3602 circumcisionis
1475 3566 1622 3601 Domini
1642 3594 1649 3600 .
1668 3593 1674 3600 .
1693 3576 1791 3600 anno
1811 3565 1973 3600 eiusdem
1992 3564 2143 3600 MCCCa
2166 3564 2403 3609 sexagesimo.

347 3652 377 3687 ³)
406 3659 446 3679 m.
475 3659 522 3679 cc.
550 3648 600 3680 ed..

2462 888 2477 912 5

2449 1237 2480 1262 10

2445 1596 2476 1621 15

2443 1943 2476 1969 20

2445 2285 2477 2311 25

2446 2670 2478 2695 30

2443 2954 2475 2979 35

2442 3237 2475 3262 40

2440 3521 2471 3546 45
