2558 3970
98 897 130 922 10

94 1239 125 1264 15

91 1582 124 1609 20

87 1933 120 1972 25

87 2277 120 2304 30

87 2622 119 2649 ³5

706 144 947 179 FRIDERICI
977 146 1020 181 ΙΙ.
1046 145 1481 181 CONSTITI'TIONES.
1535 146 1631 180 1226.
1682 146 1744 180 Nr.
1766 147 1838 179 106.
2298 149 2372 187 135

172 276 250 303 nec
283 261 506 317 privilegia
539 275 635 302 sua.
671 262 782 301 sicut
815 261 924 301 inter
955 277 1029 300 cos
1064 268 1341 303 convetu-rat.
1375 261 1427 301 :ul
1461 260 1619 302 dictam
1654 262 1815 302 curiam
1851 262 2194 302 transmiserunt.
2231 262 2371 301 verbis

172 335 317 372 tamen
360 330 526 371 illorum
568 330 721 371 civium
764 329 1075 385 predictorum,
1125 330 1195 384 qui
1240 344 1317 370 nec
1361 330 1609 371 mandatum
1651 345 1729 370 nec
1774 330 1937 371 litteras
1982 330 2295 385 procurationis
2328 339 2373 370 ut

170 399 331 441 dictum
374 402 441 440 est
484 382 786 441 osten-debant.
834 399 999 439 frivolis
1043 399 1213 453 penitus
1256 399 1488 453 reputatis,
1533 413 1627 439 cum
1673 399 1729 439 ibi
1772 399 1824 439 sit
1859 399 2115 439 Alcmannie
2148 399 2263 439 curia
2298 400 2370 439 ubi

169 482 355 524 persona
388 472 534 508 nostra
566 471 609 508 et
640 467 859 522 principes
894 468 1061 522 imperii
1096 468 1228 507 nostri
1263 467 1525 513 consistunt,
1572 466 1624 508 dc
1659 468 1842 508 consilio
1876 476 1917 508 ct
1952 467 2221 523 providentia
2257 469 2368 523 prin-

170 538 311 593 cipum
350 542 451 578 tunc
492 536 772 578 existentium
817 536 1040 577 nobiscum
1074 536 1114 576 in
1149 536 1268 576 curia
1305 542 1544 577 memorata
1586 537 1902 577 sententialiter
1934 536 2205 577 decrevimus
2240 538 2368 592 privi-

166 606 280 661 legia
313 605 522 647 dictorum
557 605 712 646 civium
748 620 872 646 cassa
905 604 956 646 dc
991 610 1136 646 cetero
1173 610 1216 645 ct
1249 604 1393 645 inania
1417 605 1619 659 reputari,
1656 605 1894 660 privilegiis
1927 606 2150 646 memorati
2177 607 2368 661 episcopi

167 680 210 717 et
241 676 426 717 ecclesie
466 689 543 716 sue
578 675 910 716 Cameracensis
952 675 993 715 in
1035 689 1112 714 suo
1148 673 1303 714 roboro
1347 678 1558 728 perpetuo
1601 673 1831 715 duraturis.
1899 673 1961 713 Do
1998 674 2162 714 liberali
2199 689 2368 729 quoquc

164 749 312 786 nostre
360 744 651 785 munificentia
697 743 937 784 maiestatis
983 743 1176 783 volentes
1216 742 1577 783 Cameracensem
1621 743 1852 783 ecclesiam
1893 757 1917 783 a
1955 743 2165 784 (lictorum
2214 745 2367 784 civium

164 813 376 855 molestiis
409 818 452 855 et
483 812 808 868 gravaminibus
842 811 894 852 dc
929 818 1075 853 cetero
1110 811 1324 866 respirare
1348 811 1504 865 quibus
1528 813 1734 852 actenus¹'
1768 812 1820 852 al)
1847 811 2009 852 eisdem
2035 812 2199 852 civibus
2225 814 2367 853 inulti-

166 882 335 939 pliciter
376 881 634 929 vexabatur,
683 881 860 922 firmiter
899 880 1168 931 inhibemus,
1217 894 1269 921 ne
1311 894 1416 920 sono
1457 894 1668 935 campane
1701 880 1754 921 ad
1793 881 1978 935 aliquam
2014 882 2366 923 convocationem

163 952 320 994 civium
355 951 596 993 faciendam
630 949 828 992 ammodo
861 949 1070 1006 predictic
1103 949 1219 990 cives
1258 953 1435 990 utantur
1467 949 1534 990 vel
1569 948 1621 989 ad
1652 963 1799 990 sonum
1834 950 1972 1004 ipsum
2004 951 2234 991 convenire
2271 966 2365 1006 pre-

162 1025 347 1062 sumant.
418 1019 483 1061 De
533 1034 652 1061 mera
690 1018 965 1061 liberalitatis
1005 1023 1150 1058 nostre
1194 1018 1428 1059 clementia
1470 1023 1734 1059 statuentes.
1782 1023 1827 1059 ut
1869 1023 2013 1073 preter
2045 1019 2127 1059 alia
2162 1020 2251 1059 iura
2286 1021 2366 1060 iarn

162 1089 275 1131 dicte
308 1089 636 1131 Cameracensis
676 1089 862 1130 ecclesie
906 1087 1197 1143 competentia
1242 1092 1480 1128 memorato
1515 1088 1719 1143 episeopo
1762 1087 1935 1141 suisque
1970 1088 2293 1128 successoribus
2327 1090 2366 1129 in

162 1157 357 1214 predicta
389 1158 564 1199 civitate
599 1157 908 1198 Cameracensi
942 1156 1076 1197 libere
1111 1170 1186 1211 pro
1220 1170 1299 1197 sua
1323 1156 1546 1198 voluntate
1579 1157 1819 1212 prepositos
1846 1171 1946 1196 suos
1981 1157 2205 1198 instituere
2240 1158 2366 1199 liccat

162 1232 206 1270 et
237 1227 452 1274 scabinos,
486 1231 528 1268 et
560 1241 656 1268 cum
689 1226 752 1268 eis
784 1226 1008 1282 placuerit,
1042 1225 1241 1280 querelas
1276 1225 1462 1266 civitatis
1495 1225 1672 1266 audient
1705 1230 1745 1266 et
1778 1225 2073 1267 terminabunt
2107 1227 2173 1267 vel
2207 1241 2363 1282 prepo-

161 1296 253 1338 sitis
294 1296 383 1337 suis
428 1295 668 1337 audiendas
710 1300 754 1337 et
800 1294 1062 1336 decidendas
1112 1294 1378 1349 relinquent,
1424 1295 1542 1336 nulla
1587 1295 1882 1336 iurisdictione
1927 1295 2159 1350 predictis‘¹
2202 1296 2366 1337 civibus

159 1366 329 1407 nomine
363 1366 561 1406 comunie
598 1365 664 1406 vel
697 1363 1058 1405 consuetudinum
1093 1377 1199 1419 quas
1231 1377 1382 1419 pacem
1407 1364 1632 1405 nominant
1656 1369 1890 1409 reservata,
1926 1365 2038 1405 sicut
2062 1366 2101 1405 in
2127 1365 2364 1420 privilegiis

159 1433 513 1491 predecessorum
544 1439 802 1485 nostrorum,
836 1441 968 1488 quas⁰
1003 1433 1157 1474 eadem
1182 1432 1510 1474 Cameracensis
1535 1434 1720 1475 ecclesia
1745 1434 1906 1475 habere
1931 1434 2209 1489 dignoscitur.
2239 1450 2359 1490 aper-

158 1503 244 1545 tius
277 1504 537 1546 continetur.
600 1502 854 1544 Statuentcs
888 1508 932 1543 et
973 1503 1189 1557 presentis
1231 1502 1445 1557 privilegii
1479 1503 1736 1544 autoritates
1767 1504 1946 1544 firmiter
1989 1503 2284 1557 iniungentes,
2319 1511 2363 1544 ut

158 1572 277 1614 nulla
308 1573 481 1614 omnino
521 1586 710 1628 persona
741 1586 898 1627 magna
930 1571 997 1613 vel
1031 1585 1183 1626 parva,
1229 1572 1438 1613 secularis
1472 1572 1539 1613 vel
1572 1572 1896 1613 ecclesiasticag
1939 1578 2089 1613 eontra
2122 1574 2362 1628 prescripta

159 1642 303 1684 omnia
335 1645 531 1698 tempore
566 1642 711 1697 aliquo
744 1641 975 1683 temerario
1000 1654 1108 1682 ausu
1132 1641 1280 1682 venire
1313 1645 1535 1696 presumat
1570 1641 1635 1682 vel
1660 1640 1823 1682 dictum
1849 1642 2096 1696 episcopum
2122 1647 2163 1683 ct
2188 1656 2361 1684 succes-

159 1724 279 1753 sores
311 1725 411 1752 suos
443 1725 494 1752 ac
528 1710 756 1753 ecclesiam
789 1709 1082 1766 supradictam
1106 1709 1264 1751 exinde
1299 1710 1546 1752 molestare.
1610 1710 1735 1758 Quod
1760 1711 1831 1766 qui
1864 1712 2191 1766 presumpserit.
2222 1712 2260 1752 in
2287 1726 2361 1753 suc

157 1780 412 1822 temeritatis
459 1780 689 1822 vindictam
736 1779 1076 1835 indignationem
1122 1784 1311 1821 nostram
1360 1784 1402 1820 et
1448 1794 1602 1835 penam
1649 1780 1980 1835 quingentarum
2022 1780 2225 1821 librarum
2270 1781 2360 1821 auri

154 1850 248 1905 puri
282 1865 328 1892 se
352 1850 522 1891 noverit
553 1850 839 1902 incursurum,
872 1862 1053 1904 quarum
1078 1848 1290 1890 medietas
1317 1863 1486 1890 camere
1512 1854 1671 1899 nostre,
1707 1850 1844 1890 altera
1869 1863 1968 1890 vero
1993 1850 2133 1905 passis
2158 1850 2356 1891 iniuriam

154 1919 436 1975 persolvatur.
508 1918 567 1960 Ut
611 1923 757 1960 autem
799 1918 877 1960 hec
919 1918 1064 1959 omnia
1104 1923 1198 1959 rata
1240 1933 1412 1974 semper
1453 1923 1495 1959 et
1538 1919 1790 1960 inconvulsa
1832 1924 2136 1973 permaneant,
2183 1933 2361 1974 presens

153 1987 423 2043 privilegium
456 1988 547 2029 fieri
580 1994 624 2030 et
657 1987 799 2030 bulla¹¹
833 2001 966 2029 aurea
998 1988 1167 2043 typario
1190 1992 1335 2030 nostre
1360 1989 1602 2029 maiestatis
1627 1989 1840 2044 impressa
1862 1989 2069 2029 iussimus
2096 1990 2358 2029 communiri.

297 2056 438 2098 Huius
471 2070 572 2099 vero
605 2058 667 2100 rei
699 2061 836 2099 testes
870 2061 988 2098 sunt:
1023 2056 1232 2098 Albertus
1258 2056 1662 2112 Magdeburgensis,
1697 2056 1753 2098 H.
1780 2056 2120 2098 Mediolanensis
2145 2063 2188 2098 et
2210 2058 2358 2099 Lando

154 2124 349 2180 Reginus
382 2126 717 2182 archiepiscopi,
758 2162 766 2170 .
795 2159 803 2167 .
828 2125 1035 2168 Curensis
1070 2131 1112 2168 et
1152 2127 1288 2168 abbas
1323 2126 1473 2169 Sancti
1507 2125 1645 2178 Galli,
1690 2159 1697 2167 .
1725 2161 1733 2169 .
1759 2126 1977 2169 Cicensis.
2024 2126 2357 2169 ..Basiliensis

155 2227 165 2237 .
188 2227 198 2237 .
219 2193 532 2246 Lausmensis,
567 2195 987 2243 ..WVarmatiensiffi
1035 2195 1092 2237 O}
1122 2195 1465 2247 Yldesemensis,
1505 2195 1687 2238 Iacobus
1720 2195 2013 2246 TaurinensiS,
2048 2195 2358 2251 Maynardinus

155 2263 402 2306 Ymolensis
436 2269 479 2306 et
513 2264 585 2306 Ast<
619 2264 879 2307 Cenetensis
913 2265 1119 2321 episcopi,
1152 2265 1200 2306 L.
1235 2266 1501 2320 lantgravius
1524 2265 1777 2320 Tlluringie.
1813 2265 1965 2306 ..dux
2000 2266 2203 2317 Saxonie,
2239 2266 2353 2321 Ray-

154 2331 306 2374 naldus
339 2333 426 2374 dux
459 2333 641 2389 Spoleti,
676 2348 822 2376 comes
856 2333 913 2376 S.¹
946 2333 997 2375 de
1031 2333 1216 2384 Vienna,
1250 2338 1292 2375 et
1323 2334 1396 2375 alii
1429 2348 1556 2389 quam
1589 2333 1749 2389 plures.

294 2400 313 2454 Ξ
344 2401 524 2458 Signum
557 2403 719 2444 domini
750 2402 920 2444 Frideri
953 2402 1130 2445 secundi
1161 2402 1245 2444 Dei
1278 2403 1419 2458 gratia
1458 2403 1731 2444 invictissimi
1753 2402 2047 2444 Romanorum
2083 2404 2355 2459 imperatoris

155 2484 328 2527 semper
358 2471 534 2528 augusti
566 2471 663 2526 (M.)
695 2471 939 2514 Ierusalem
971 2476 1014 2513 et
1047 2471 1193 2513 Sicilie
1225 2473 1393 2528 regis}

295 2540 408 2582 Acta
439 2545 538 2582 sunt
569 2541 649 2583 hec
673 2555 785 2583 anno
809 2541 1021 2583 dominice
1051 2542 1363 2583 incarnationis
1386 2540 1676 2591 MCCXXVI,
1710 2555 1856 2583 mense
1878 2541 2003 2587 Iunii,
2037 2541 2354 2596 quartedecime

153 2608 423 2662 indictionis,
455 2611 696 2667 imperante
729 2611 901 2652 domino
933 2615 1080 2652 nostro
1114 2610 1334 2653 Friderico
1369 2610 1562 2653 secundo
1596 2611 1678 2652 Dei
1709 2611 1849 2666 gratia
1881 2610 2160 2652 invictissimo
2194 2611 2352 2651 Rorna-

153 2691 305 2720 norum
345 2679 606 2735 imperatore
647 2694 819 2736 semper
861 2684 1065 2735 augusto,
1111 2665 1351 2722 Ierusalein
1392 2685 1434 2721 ct
1467 2680 1610 2721 Sicilie
1652 2695 1775 2735 rege,
1822 2694 1933 2721 anno
1966 2679 2150 2720 Romani
2184 2680 2352 2736 imperii

154 2747 244 2789 eius
276 2753 414 2800 sexto,
446 2750 570 2805 regni
601 2749 839 2792 Ierusalem
871 2749 1010 2805 primo
1044 2754 1086 2790 et
1117 2749 1239 2804 regni
1274 2749 1420 2791 Sicilie
1455 2750 1658 2790 vicesimo
1693 2763 1823 2791 nono:
1857 2749 2040 2790 feliciter
2071 2762 2210 2790 amen.

296 2817 396 2859 Dat.
431 2817 584 2873 apudIn
615 2817 810 2874 Burgum
843 2818 979 2860 sancti
1012 2817 1186 2870 Donini,
1223 2832 1349 2869 anno,
1385 2832 1533 2859 mense
1568 2822 1610 2859 et
1643 2818 1877 2866 indictione
1912 2818 2178 2873 prescriptis.

289 2954 376 2990 106.
408 2955 441 2999 b)
467 2957 636 2990 hactenus
660 2955 690 2989 ⁸2.
811 2956 842 3000 c)
866 2957 1008 3001 predicti
1033 2958 1190 2990 ammodo
1215 2956 1247 2990 ⁸2.
1365 2956 1399 2999 d)
1427 2957 1564 3000 prefatis
1590 2955 1621 2990 2.
1729 2960 1757 2997 e)
1783 2958 1829 2989 sic
1858 2957 1883 2989 1.
1911 2957 1942 2990 2.
2039 2955 2068 2998 f)
2094 2957 2295 2989 auctoritate
2319 2955 2350 2987 ⁶2.

84 3022 119 3048 4⁰
153 3010 186 3054 Β)
211 3013 293 3047 eccl.
321 3014 377 3047 vel
401 3014 567 3048 secularis
591 3013 623 3046 2.
766 3012 801 3056 h)
825 3027 890 3058 pro
916 3015 1014 3048 bulla
1039 3032 1081 3037 —
1110 3015 1273 3058 impressa
1297 3014 1333 3047 ⁶2:
1371 3015 1484 3058 sigillo
1509 3016 1694 3049 maiestatis
1719 3022 1841 3048 nostre.
1971 3013 1993 3054 i)
2021 3040 2027 3046 .
2048 3040 2055 3047 .
2081 3014 2112 3046 2.
2230 3011 2263 3053 k)
2291 3014 2349 3045 Al-

150 3070 305 3105 bertus
329 3071 361 3104 2.
479 3070 504 3114 1)
530 3073 733 3115 Syfridus
757 3071 788 3105 2.
906 3072 950 3115 ¹²¹³)
975 3079 1060 3116 aput
1082 3072 1114 3106 2.
