2558 3970
215 177 294 214 350
751 170 987 204 FRIDERlel
1020 170 1060 203 ll.
1086 169 1511 203 ‹JONS'rrrUTIONEs
1563 170 1660 203 1244.
1709 170 1865 204 Nr 252.

215 286 438 326 bardorum
474 286 642 324 ruinose
676 284 996 337 dampnaverat.
1031 298 1107 323 nee
1142 298 1220 323 11011
1255 283 1305 323 dc
1339 284 1544 338 promissa
1581 284 1703 323 uobis
1738 298 1813 337 per
1835 284 1917 324 fide
1941 284 2216 337 dignissimos
2246 287 2392 327 istiusa

215 355 364 394 sumini
398 353 609 407 pontilicis
651 353 913 406 benignitate
948 358 989 392 et
1023 354 1134 392 eirea
1167 365 1243 391 nos
1277 352 1504 392 affcctione
1537 352 1706 396 contisi,
1749 352 1827 393 hec
1860 358 1957 393 autc
1998 354 2211 394 firmatam
2245 369 2394 410 pacem

214 435 254 463 et
289 426 601 463 mna-amentum
635 421 858 476 prestitum
893 421 1003 460 nonb
1036 420 1330 461 discussimus.
1392 419 1516 460 Nunc
1548 426 1692 460 autem
1725 433 1821 460 cum
1857 420 1997 461 verbis
2031 425 2073 461 et
2105 421 2228 462 factis
2261 423 2396 478 ipsius

214 493 475 532 voluntatem
509 490 676 545 experti
710 503 874 532 sumus.
908 503 983 529 nos
1017 490 1282 530 committere
1315 489 1544 529 metuimus
1575 489 1806 530 manifesto
1839 489 2011 544 11011113ο
2042 490 2233 544 periculo
2268 505 2396 546 quam

212 560 401 600 fortune:
435 559 658 613 presertim
692 572 786 597 eum
820 559 990 612 proprio
1023 562 1187 598 tantuin
1221 562 1338 598 motu
1371 571 1449 598 1100
1474 557 1652 598 consilio
1676 557 1973 610 cardinalium,
2007 563 2132 612 prout
2154 564 2219 600 est
2242 573 2396 615 appro-

212 627 297 668 bati
338 628 437 667 iuris
479 632 519 667 et
553 627 681 666 moris
715 626 899 667 ecclesie
932 626 1146 668 Romane.
1190 630 1376 679 regatur,
1420 625 1572 665 immod
1606 626 1822 666 nonnullis
1854 625 2164 678 cardinalibus,
2208 629 2396 670 maxime

212 696 480 735 auctoritatis
515 695 631 735 viris.
667 695 707 734 in
742 694 849 735 faeie
882 694 1052 745 dixerit,
1086 693 1198 749 quod
1231 708 1308 735 nec
1342 695 1455 748 ipsos
1490 694 1618 734 vellet
1651 695 1873 735 consulere
1907 709 1986 736 nec
2019 695 2137 749 sequi
2162 697 2395 738 consultos.

212 765 304 817 1111)
339 763 537 805 Ostendit
571 769 734 805 autem.
768 768 813 803 ut
846 762 1006 803 dictum
1042 768 1127 813 est,
1161 767 1321 803 motum
1355 776 1476 803 suum
1511 766 1662 803 contra
1694 776 1769 803 1103
1802 766 1899 817 post
1930 763 2141 804 firmatam
2173 778 2323 818 pacem
2354 766 2396 806 in

211 833 369 874 multis.
432 832 479 872 ln
513 832 659 887 primis
693 833 811 886 quia,
854 846 948 872 cum
982 832 1220 887 promiserit
1252 845 1334 872 nou
1369 832 1594 886 propalare
1626 835 1830 881 tractata,
1869 832 2116 887 priusquam
2149 847 2174 873 a
2204 834 2397 888 partibus

211 902 406 942 absoluta
452 908 494 942 et
537 902 577 941 in
618 900 820 941 mundum
868 906 1044 955 recepta
1084 905 1249 946 essent,
1299 900 1415 940 bulla
1456 900 1614 940 domini
1656 914 1767 955 pape
1801 899 1854 941 ad
1887 900 2100 941 cautelam
2135 905 2321 942 nostram
2354 906 2397 944 et

211 970 358 1025 sigillis
400 970 701 1024 magistrorum
735 969 849 1010 Petri
893 969 944 1009 (10
979 969 1117 1009 Vinea
1160 974 1202 1009 et
1234 967 1430 1009 Thaddei
1476 968 1527 1008 de
1562 967 1726 1009 Suessa
1766 972 2048 1010 tractatorum
2090 969 2144 1010 ad
2183 971 2395 1011 cautelam

214 1039 399 1079 ecclesie
435 1038 635 1091 sigillata.
668 1039 803 1093 ipsam
837 1038 1017 1078 formam
1041 1042 1250 1078 tractatus
1284 1036 1474 1091 predicti,
1510 1037 1653 1078 multis
1678 1036 1902 1078 evidenter
1924 1038 2035 1078 ultra
2058 1042 2100 1078 et
2122 1038 2247 1079 aliter
2269 1052 2397 1094 quam

211 1107 319 1147 dieta
359 1116 401 1147 et.
439 1110 647 1146 tractata⁰
680 1106 863 1146 fuissent
906 1105 1110 1146 adiectiss
1139 1105 1180 1145 in
1227 1120 1297 1157 ea,
1343 1106 1570 1146 omnibusg
1603 1106 1803 1160 exposuit
1834 1106 1876 1146 in
1910 1106 2100 1158 comuni,
2143 1106 2251 1148 adeo
2285 1108 2399 1162 quod

211 1175 322 1230 apud
357 1175 619 1216 Lateranum
653 1174 915 1229 quibuslibet
947 1188 1021 1229 pro
1055 1189 1132 1215 sex
1166 1174 1354 1215 denariis
1381 1174 1624 1215 volentibus
1656 1188 1800 1215 emere
1824 1174 2105 1216 vendebatur.
2155 1175 2211 1216 Et
2243 1175 2295 1217 de
2318 1176 2399 1216 hoc

212 1243 428 1297 publicum
463 1244 752 1284 testimouium
787 1243 1036 1283 invocamus
1061 1246 1103 1283 et
1125 1242 1373 1297 specialiter
1397 1242 1690 1293 cardinalium,
1724 1243 1794 1297 qui
1818 1242 1870 1283 de
1894 1242 1974 1284 hoc
1998 1243 2227 1284 admodum
2251 1243 2399 1285 dolue-

212 1320 319 1352 runt.
390 1311 539 1352 Palam
586 1312 721 1352 eciam
770 1325 909 1352 coram
959 1310 1269 1361 cardinalibus,
1323 1311 1583 1366 imperatore
1634 1310 2110 1366 Constantinopolitano
2158 1317 2200 1353 et
2246 1313 2399 1354 comite

211 1379 455 1420 Tholosano
497 1380 624 1426 dixit,
666 1379 776 1434 quod
809 1379 888 1420 deh
920 1393 1004 1419 uno
1038 1381 1129 1420 3010
1171 1380 1351 1420 articulo
1385 1379 1751 1430 satisfactionum,
1794 1381 1960 1421 scilicet
1991 1380 2044 1422 de
2077 1381 2229 1422 iniuria
2259 1381 2400 1436 prela-

211 1461 348 1490 torum
373 1454 596 1504 captorum
607 1449 639 1490 ¹¹.
664 1449 912 1490 satisfacere
938 1463 1021 1490 non
1044 1453 1291 1504 poteramus
1314 1463 1391 1504 pro
1417 1449 1740 1504 quadringentis
1762 1449 1934 1490 milibus
1956 1463 2195 1490 marcarum
2219 1450 2400 1504 argenti.

210 1517 329 1558 Dixit
371 1519 507 1558 eciam
547 1519 673 1558 nimis
714 1519 866 1559 iratus.
910 1517 1008 1559 dnm
1048 1518 1121 1559 dei
1152 1518 1331 1573 negocio
1364 1517 1703 1559 Lombardorum
1737 1518 1779 1558 111
1823 1517 1964 1573 ipsum
2004 1519 2173 1573 precise
2205 1531 2399 1574 compro-

209 1587 378 1627 mittere
413 1587 645 1628 nollemus.
688 1587 799 1641 quod
831 1586 970 1628 adhuc
1003 1587 1196 1641 rogaturi
1232 1601 1403 1628 eramus
1437 1587 1489 1628 de
1523 1587 1622 1637 hoc,
1661 1592 1703 1628 et
1735 1587 1826 1641 ipse
1859 1587 1994 1628 nollet
2026 1586 2249 1642 reciperek
2281 1600 2395 1627 com-

212 1656 482 1709 promissum.
546 1656 664 1696 Alias
704 1656 839 1696 eciam
880 1656 921 1696 in
965 1656 1153 1697 favorem
1187 1655 1415 1697 rebellium
1447 1654 1790 1696 Lombardorum
1824 1656 2089 1697 voluntatem
2123 1670 2244 1696 suam
2276 1655 2401 1696 valde

210 1724 395 1765 detexit.
441 1738 613 1765 causam
655 1725 843 1779 ipsorum
889 1725 1116 1766 manifeste
1158 1724 1395 1766 defendens
1429 1724 1497 1765 eth
1531 1724 1582 1765 de
1620 1724 1899 1765 fidelitatibus
1934 1740 1958 1765 a
1989 1724 2243 1765 Lombardis
2276 1723 2402 1764 nobis

212 1804 252 1833 et
294 1793 470 1847 imperio
510 1792 717 1833 faciendis
762 1793 951 1834 referens
986 1794 1270 1848 questionem.
1332 1792 1587 1834 Procuravit
1617 1797 1839 1847 preterea,
1883 1793 2067 1848 qualiter
2099 1798 2233 1844 terra,
2275 1806 2403 1848 quam

212 1871 411 1902 tenemus
446 1868 487 1902 et
520 1862 570 1902 de
604 1875 687 1916 qua.
719 1862 853 1902 forma
886 1863 1062 1903 inventa
1091 1867 1183 1903 erat
1206 1876 1287 1917 que
1321 1863 1489 1916 utrique
1522 1862 1634 1916 parti
1666 1862 1881 1916 placebat,
1915 1865 2014 1903 ante
2039 1862 2154 1917 pacis
2180 1858 2403 1902 eventum¹

212 1935 477 1972 averteretur
516 1946 536 1971 a
582 1931 704 1971 nobis
749 1937 790 1972 01
830 1934 1012 1971 contram
1045 1931 1312 1972 voluntatem
1353 1934 1544 1972 nostram
1582 1930 1812 1972 adhereret
1851 1929 2016 1981 eidem,
2057 1930 2270 1985 recipiens
2301 1943 2398 1984 pre-

212 2001 368 2039 fectum
403 2006 444 2040 et
478 1999 683 2054 quosdam
716 2014 923 2054 sequaces
957 2014 1058 2041 suos
1093 2014 1187 2041 cum
1221 2000 1348 2041 terris
1382 2013 1540 2051 eorum,
1575 2000 1646 2054 qui
1679 2000 1793 2040 omni
1825 2002 2018 2054 tempore
2050 1998 2217 2053 imperii
2248 1998 2328 2038 fuit
2359 2001 2401 2038 et

210 2068 461 2122 (lignitatem
504 2068 556 2109 ab
600 2068 776 2122 imperio
820 2069 983 2123 recepit
1027 2073 1069 2110 et
1110 2068 1161 2109 de
1202 2083 1284 2123 quo
1325 2082 1554 2123 numquam
1587 2068 1754 2123 questio
1793 2068 1873 2108 fuit
1905 2082 1981 2122 per
2013 2067 2239 2108 ecclesiam
2272 2066 2398 2108 nobis

210 2137 358 2177 relata.
421 2137 568 2191 Nuper
601 2137 736 2177 eciam
770 2137 934 2178 nunciis
968 2138 1080 2192 regis
1112 2137 1293 2178 Francie
1328 2142 1370 2178 et
1394 2137 1547 2178 deinde
1573 2151 1716 2178 coram
1740 2136 1934 2178 omnibus
1965 2135 2254 2177 cardinalibus
2278 2134 2398 2186 dixit,

211 2205 322 2260 quod
366 2207 398 2245 si
447 2206 581 2246 eciam
630 2219 701 2245 uos
743 2206 989 2246 absolveret
1030 2210 1072 2247 et
1103 2206 1336 2247 Lombardi
1377 2220 1525 2261 pacem
1567 2206 1740 2260 plenam
1772 2219 1857 2246 non
1902 2205 2129 2255 haberent,
2176 2205 2269 2260 ipse
2301 2208 2400 2260 post

211 2275 529 2315 absolucionem
562 2274 787 2315 adiuvaret
819 2274 1087 2315 Lombardos
1120 2279 1271 2316 contra
1302 2289 1391 2316 nos.
1512 2275 1604 2328 (17)
1638 2274 1733 2315 Hec
1757 2277 1800 2314 et
1822 2274 1957 2314 multa
1986 2274 2071 2314 alia
2094 2277 2193 2314 sunt
2215 2286 2298 2327 que
2321 2286 2399 2313 nos

211 2342 447 2383 deterrent.
495 2356 623 2396 quare
665 2356 741 2383 nos
783 2343 995 2384 voluntati
1034 2343 1192 2384 domini
1230 2357 1339 2399 pape
1377 2344 1644 2384 committere
1682 2343 1912 2383 metuimus
1950 2342 2018 2383 vel
2061 2342 2103 2382 in
2141 2345 2279 2382 totum
2324 2344 2398 2382 aut

211 2420 373 2466 partem
416 2411 689 2462 satisfacere,
739 2411 985 2466 priusquam
1034 2412 1166 2453 simus
1210 2411 1262 2453 de
1307 2411 1587 2452 absolucione
1629 2415 1670 2452 et
1709 2425 1817 2465 pace
1863 2411 2015 2452 securi.
2085 2409 2400 2451 Nichilominus

210 2488 373 2520 tamen.
418 2484 462 2520 ut
503 2479 727 2521 evidenter
768 2480 948 2521 mundus
980 2486 1206 2535 agnoscat,
1247 2480 1361 2535 quod
1394 2494 1471 2521 nos
1505 2494 1654 2535 pacem
1688 2479 1985 2521 desideramus
2019 2493 2098 2520 1100
2130 2478 2400 2520 occasionem

210 2549 428 2602 querimus
462 2548 645 2602 qualiter
679 2562 701 2588 a
735 2563 838 2603 pace
872 2549 1154 2600 discedamus,
1189 2550 1329 2604 parati
1356 2563 1502 2590 sumus
1526 2562 1604 2589 nos
1630 2549 1897 2589 committere
1922 2547 2087 2589 duobus
2111 2546 2400 2588 cardinalibus

210 2617 374 2657 scilicet
417 2617 715 2672 infrascriptis,
759 2618 912 2672 quibus
954 2617 1150 2658 dominus
1189 2632 1302 2673 papa
1342 2617 1568 2672 negocium
1612 2616 1775 2658 totum¹¹
1810 2616 2102 2657 absolucionis
2142 2616 2399 2663 committat;

210 2686 279 2739 qui
314 2686 449 2726 eciam
482 2686 799 2726 satisfactiones
832 2686 1041 2741 recipiant
1075 2686 1127 2727 de
1161 2685 1401 2728 manifestis
1433 2690 1475 2727 et
1497 2685 1550 2726 de
1575 2685 1714 2726 dubiis
1739 2686 2004 2736 caucionem,
2038 2685 2110 2740 qui
2133 2698 2215 2740 que
2238 2683 2399 2740 liquida

210 2759 306 2793 sunt
340 2759 381 2794 et
413 2753 465 2794 de
490 2754 643 2808 quibus
667 2754 849 2795 emenda
873 2754 1136 2809 precedere¹¹
1161 2754 1290 2796 debet
1322 2755 1578 2810 exprimant,
1613 2758 1654 2795 et
1678 2753 1905 2808 designent
1927 2753 2081 2808 quibus
2105 2752 2229 2793 factis
2254 2751 2394 2793 absol-

210 2832 308 2862 vant
351 2836 447 2870 nos.v
489 2836 599 2877 papa
640 2823 909 2877 inrequisito.
955 2823 1029 2864 sed
1071 2824 1243 2878 plenam
1283 2837 1412 2878 super
1443 2822 1522 2863 hoc
1556 2823 1608 2863 de
1643 2822 1818 2863 consilio
1851 2821 2029 2863 fratrum
2063 2821 2398 2862 auctoritatem⁰

209 2891 433 2932 habentes.
498 2890 636 2946 Super
668 2892 780 2931 facto
815 2891 950 2932 eciam
982 2891 1344 2943 Lombardorum,
1386 2892 1485 2946 quia
1518 2892 1609 2932 sine
1644 2891 1819 2931 consilio
1850 2890 2106 2945 principum,
2141 2903 2248 2945 pace
2282 2888 2396 2930 Con-

210 2961 370 3000 stant-ie
415 2974 497 3000 11011
546 2967 745 3014 excepta,
795 2974 870 3000 nos
915 2960 1096 3001 alicuius
1141 2961 1318 3002 arbitrio
1365 2961 1629 3002 committere
1673 2974 1754 3001 non
1787 2959 1994 3001 debemus
2034 2962 2108 2999 aut
2150 2971 2392 3013 possumus,

209 3028 416 3069 stabimus
455 3028 637 3069 libenter
679 3029 750 3069 uni
789 3028 840 3068 dc
882 3028 1028 3069 formis
1063 3028 1173 3069 datis
1217 3028 1388 3070 domino
1434 3028 1604 3070 Oddoni
1649 3028 1883 3069 venerabili
1925 3027 2154 3068 Portuensi
2192 3026 2395 3081 episcopo

210 3096 427 3137 cardinali.
463 3110 588 3151 quam
622 3111 676 3137 cx
709 3097 770 3137 eis
804 3096 1001 3138 dominus
1033 3111 1147 3151 papa
1179 3097 1338 3151 eligere
1373 3098 1567 3138 voluerit.
1621 3097 1884 3138 Vocabimus
1908 3096 2043 3137 eciam
2067 3095 2253 3136 libenter
2275 3094 2392 3149 prin-

209 3166 324 3219 cipes
359 3171 413 3205 et.
448 3166 480 3205 si
514 3165 565 3205 de
600 3165 776 3205 consilio
801 3179 947 3205 corum
979 3166 1251 3219 processerit,
1287 3166 1400 3220 quod
1425 3166 1519 3221 plus
1544 3166 1687 3207 facere
1710 3165 1955 3213 debeamus,
1988 3165 2082 3219 plus
2106 3163 2394 3204 libentissime

209 3234 415 3273 faciemus
450 3234 491 3273 in
525 3234 704 3288 negocio
739 3233 1029 3288 supradictov,
1064 3234 1116 3274 ad
1151 3234 1231 3274 hoc
1255 3240 1300 3274 ut
1324 3248 1409 3288 pax
1435 3235 1577 3275 valeat
1600 3234 1839 3288 provenire.
1932 3233 2023 3287 (18)
2055 3232 2267 3273 Predictis
2291 3245 2391 3274 vero

209 3302 457 3355 compositis
493 3311 533 3341 et
566 3301 807 3351 declaratis,
842 3303 980 3357 parati
1013 3303 1172 3343 fuimus
1205 3303 1326 3343 iuxta
1351 3303 1595 3344 condictum
1627 3306 1782 3343 terram
1815 3301 1975 3342 totamh
2007 3301 2234 3342 restituere
2267 3314 2394 3356 quam

209 3374 402 3410 tenemus
433 3381 474 3410 et
498 3371 681 3411 ecclesia
711 3376 929 3425 temporeq
962 3375 1051 3412 orte
1075 3371 1287 3412 discordie
1311 3371 1574 3426 possidebat,
1608 3375 1860 3426 postquamr
1889 3369 1940 3409 de
1964 3376 2038 3410 eaS
2071 3368 2393 3411 discederemus

344 3471 428 3505 252.
465 3478 487 3511 ὃ,
520 3474 616 3505 istius
644 3491 683 3494 —-
712 3474 921 3515 benignitate
948 3474 1012 3506 (les,
1040 3473 1070 3505 2.
1096 3474 1125 3507 3.
1259 3473 1291 3515 b)
1318 3486 1385 3507 11011
1411 3486 1578 3517 superscr.
1601 3474 1630 3506 1.
1765 3473 1794 3515 c)
1821 3474 1866 3505 oti
1891 3473 1928 3505 in
1952 3484 2079 3505 rasura
2106 3472 2142 3511 1;
2177 3473 2394 3506 manifestum

208 3531 301 3571 peius
328 3529 358 3561 i).
385 3529 415 3561 3.
523 3527 553 3561 ‘¹0
581 3538 672 3571 regat
699 3537 730 3561 et
755 3528 786 3561 2.
813 3530 842 3561 3.
951 3535 979 3571 ἢ)
1006 3531 1134 3563 munita
1159 3530 1189 3563 2.
1216 3530 1246 3563 3.
1354 3530 1383 3572 f)
1408 3542 1572 3573 superscr.
1596 3531 1632 3571 13
1656 3530 1794 3562 adiectis
1820 3531 1853 3561 in
1880 3530 1948 3562 des.
1966 3528 1997 3561 2.
2023 3528 2054 3562 3.
2163 3534 2195 3571 Β)
2222 3530 2335 3563 omnia
2360 3528 2392 3562 3.

207 3586 237 3627 “¹¹¹2
264 3587 353 3619 deest
378 3586 407 3617 2.
434 3586 464 3618 3.
604 3585 625 3625 i)
654 3586 743 3618 deest
770 3586 798 3618 1.
826 3586 856 3618 2.
985 3584 1018 3629 ¹⁴)
1046 3588 1116 3629 ipse
1142 3599 1209 3619 non
1235 3588 1396 3630 reciperet
1422 3586 1452 3619 2.
1479 3587 1509 3620 3.
1644 3585 1668 3628 l)
1703 3588 1887 3619 adventum
1913 3585 1944 3619 2.
1971 3585 2001 3618 3.
2131 3588 2172 3627 m)
2200 3587 2283 3619 citra
2307 3585 2339 3619 2.
2363 3584 2392 3617 3.

206 3649 237 3684 Β)
266 3644 444 3686 procedere
469 3641 498 3674 2.
525 3642 553 3675 3.
652 3647 683 3683 0)
710 3644 917 3675 actoritatem
948 3643 974 3674 1.
1070 3644 1102 3684 Ρ)
1129 3645 1252 3687 scripto
1272 3643 1304 3677 2.
1320 3643 1351 3678 3.
1447 3646 1478 3686 (1)
1510 3651 1612 3688 temp.
1637 3650 1707 3677 orte
1732 3644 1811 3677 disc.
1838 3644 1905 3676 des.
1924 3642 1955 3675 2.
1973 3642 2004 3675 3.
2096 3641 2124 3685 ¹')
2151 3643 2393 3686 priusquam

206 3702 249 3733 de
284 3701 470 3734 Almania
497 3706 711 3743 postquam
737 3698 773 3738 2;
807 3702 1051 3743 priusquam
1079 3701 1125 3734 de
1151 3702 1406 3735 Alemannia
1430 3700 1460 3733 3.
1578 3701 1606 3745 S)
1634 3703 1674 3735 de
1700 3713 1740 3735 ea
1765 3702 1831 3735 des.
1851 3700 1883 3735 3.

2436 917 2468 941 10

2439 1265 2470 1290 15

2438 1608 2470 1633 20

2437 1949 2470 1974 25

2436 2289 2469 2314 30

2435 2624 2533 2658 35'

2432 2975 2466 3000 40

2429 3316 2462 3342 45

2429 3649 2461 3676 50
