2558 3970
107 908 139 933 10

107 1254 138 1279 15

105 1599 139 1624 20

101 1943 134 1969 25

103 2342 136 2367 30

104 2686 136 2712 35

105 3033 139 3058 40

340 155 522 191 URBANI
550 155 610 190 IV.
639 154 782 190 EPIS'I'.
808 155 871 189 Al)
898 153 1180 189 RICHARDUM
1215 152 1315 188 nmo.
1346 153 1403 186 m:
1431 152 1642 186 Nfflao'rlo
1672 151 1866 187 IMPERII.
1916 152 2014 186 1263.
2056 150 2212 186 Nr.4o:’›.
2293 153 2372 191 5223

177 272 344 314 verbum
383 272 557 324 repetita
587 284 687 321 esse,
729 273 833 312 recte
874 269 1074 311 iudicavit
1107 268 1358 321 Itodenbery.
1425 267 1541 321 (guod
1576 267 1782 319 probatur
1811 266 1964 318 scripto
1996 266 2079 316 illo,
2118 264 2226 318 quod
2263 265 2374 318 capi-

178 342 268 382 tula
298 355 340 384 a.
362 342 475 382 1267
504 341 671 381 ineante
700 355 727 381 a
753 341 1022 392 procuratore
1053 338 1226 390 Alfon-si
1253 338 1466 390 proposita
1499 337 1688 385 eontinet,
1720 349 1850 388 snpra
1881 348 1945 376 nr.
1968 336 2064 376 397.

321 408 562 450 Editionem
613 408 891 448 instruximus
938 406 1137 448 subsidiis
1186 420 1292 458 qaae
1336 408 1432 446 suni
1479 406 1597 446 haee:
1650 406 1687 457 1)
1726 404 1849 444 eodeni·
1889 403 2205 445 Vallicellianas
2247 404 2290 446 C.
2319 404 2374 442 -151

177 491 279 520 saec.
304 476 440 527 XIII,
473 477 553 531 fol.
578 478 604 516 9
641 490 708 520 nr.
733 479 797 525 12,
842 475 1070 517 dictamina
1115 474 1301 515 Bcrardi
1347 474 1619 526 Neapolitani
1668 473 1920 522 continens&
1967 487 2083 524 quem
2123 472 2286 524 pariter
2326 486 2374 511 ai·

177 546 350 588 codicem
372 547 398 585 4
430 546 603 587 eontulit
634 544 982 597 IIoIder-Ia'qyem
1020 543 1064 597 2)
1096 543 1220 584 codes
1251 543 1455 584 tabularii
1492 542 1695 590 Vaticani,
1735 542 1817 582 iam
1853 541 1894 581 in
1927 542 2031 582 serie
2062 545 2258 581 tomorum
2291 539 2370 581 121·-

173 615 297 669 yistri'
328 617 420 656 tom.
442 615 564 664 29A,
605 628 709 656 saec.
737 613 875 663 XIII,
917 626 982 653 nr.
1006 614 1061 652 41
1103 626 1193 652 eam
1234 612 1382 652 rubro:
1426 611 1579 652 Forma
1612 610 1826 651 citationis
1861 611 2049 666 parcium
2082 624 2223 651 coram
2259 624 2371 665 papa

176 698 273 726 eum
305 683 641 739 allegationibus
681 683 902 737 utriusque
943 681 1097 736 partis:
1139 680 1312 721 contulit
1347 680 1505 732 Tana&
1546 679 1589 732 3)
1621 678 1838 718 editionem
1869 678 2041 719 Saritai:
2075 679 2118 718 in
2150 679 2254 719 libro
2285 678 2372 719 ‘In-

174 753 283 795 dices
320 765 460 793 reram
500 751 552 793 ab
583 752 825 804 Arayoniac
866 750 1029 803 reyibas
1057 749 1279 802 yestarwn'
1312 751 1693 801 ((ff'aesaraayastae
1725 750 1844 787 1:37⁸.
1877 748 1950 801 1⁰)
1978 763 2018 799 p.
2042 750 2134 797 1:51,
2175 762 2280 800 qiaic
2315 750 2374 787 est

174 822 328 875 optima
370 824 408 862 et
447 824 553 862 certe
598 821 753 861 nititur
797 819 928 862 codice
970 818 1149 871 qaedam
1187 817 1424 868 Berardi²;
1469 820 1510 870 4)
1550 816 1672 857 eodem
1717 815 1978 857 bibliothecae
2012 816 2234 857 Vatieanae
2261 819 2373 857 :1977

175 904 278 933 saec.
300 888 428 940 XIV,
459 903 527 932 nr.
547 890 616 940 26,
648 889 824 930 minoris
847 888 991 943 pretii.
1046 887 1100 929 In
1122 887 1328 928 codicibus
1352 889 1389 927 1.
1411 890 1451 928 2.
1476 889 1500 926 4
1534 885 1751 938 epistolam
1771 888 1954 925 nostram
1973 885 2179 937 praeeedit
2202 885 2371 936 epistota

174 960 397 1014 reyistrata
428 961 475 1012 (1
499 958 580 1013 fol.
605 961 631 999 7
661 971 728 1000 nr.
754 960 827 1008 11,·
857 958 886 998 2
907 970 973 998 nr.
993 958 1048 997 40
1081 970 1171 997 cion
1202 956 1349 997 rubro:
1382 956 1550 997 Littere
1575 968 1705 1010 super
1727 954 1929 995 citatione
1963 955 2145 1010 partium
2171 969 2264 995 cum
2289 954 2371 994 duo

174 1029 354 1071 tendant
375 1027 428 1070 ad
452 1028 677 1084 imperium
703 1028 872 1069 scilieet
894 1040 970 1068 rex
994 1025 1233 1068 Rieeardus
1262 1026 1395 1067 frater
1418 1025 1532 1080 regis
1558 1024 1715 1078 Anglie
1740 1030 1783 1064 et
1806 1038 1882 1064 rex
1911 1023 2118 1067 Castelle:
2154 1026 2177 1062 J
2202 1038 2266 1063 nr.
2285 1027 2371 1071 26).

175 1098 351 1151 Ideoque
381 1111 472 1138 eum
504 1109 657 1149 ozaena
682 1108 788 1150 pars
818 1097 986 1136 nostrae
1017 1094 1229 1136 concordet
1260 1107 1350 1135 cum
1391 1094 1531 1135 littera
1562 1093 1802 1146 rcyistrata,
1844 1092 1930 1132 iani
1961 1091 2182 1133 Beraritas
2215 1093 2298 1144 ipse
2330 1095 2373 1131 ut

174 1167 336 1209 videtur
374 1165 481 1208 lianc
511 1168 677 1218 partem
719 1165 856 1206 omisit
895 1167 933 1206 et
969 1165 1026 1206 ad
1067 1167 1220 1206 textam
1262 1164 1506 1217 reyistratae
1551 1163 1735 1204 lectorem
1773 1161 1934 1212 γοίσειῖ,ο
1971 1161 2024 1216 ef.
2058 1174 2087 1202 ο.
2114 1164 2136 1201 1
2174 1163 2256 1203 not.
2280 1161 2306 1201 b
2338 1163 2375 1201 ct

175 1250 205 1280 c.
231 1239 283 1277 14
314 1239 397 1278 not.
425 1236 453 1279 l.
518 1235 655 1288 Quare
685 1235 751 1276 vir
781 1234 830 1276 el.
854 1233 1183 1288 Holder-Eyyer
1213 1234 1289 1274 lias
1315 1235 1479 1286 partes,
1511 1246 1652 1284 nempe
1684 1247 1717 1272 e.
1744 1233 1765 1271 1
1798 1244 1924 1282 iisque
1955 1244 1985 1272 e.
2012 1232 2036 1268 Γ)
2068 1230 2168 1271 med.
2201 1233 2236 1271 ct
2267 1245 2296 1271 e.
2322 1232 2372 1269 11

174 1302 289 1348 nied(
315 1318 442 1359 usque
481 1304 538 1347 ad
570 1305 714 1357 finem,
753 1317 803 1345 ex
839 1303 1013 1356 epistola
1049 1303 1274 1357 registi-ata
1315 1302 1502 1344 contidit.
1570 1301 1754 1343 Ceteram
1794 1299 1999 1349 Sar-itam,
2043 1299 2116 1351 qai
2159 1298 2370 1351 epistolam

172 1375 378 1428 intem-am
413 1373 598 1427 praebet,
634 1375 781 1426 partes
817 1373 863 1413 in
895 1372 1026 1414 codice
1062 1385 1136 1413 sico
1167 1372 1342 1413 omissas
1373 1385 1445 1424 ope
1475 1370 1669 1423 epistolae
1699 1369 1961 1422 rcyistratw,
2003 1381 2108 1420 quac
2138 1370 2173 1408 et
2205 1368 2295 1419 ipsa
2331 1367 2371 1407 in

173 1443 304 1486 codice
333 1456 408 1485 suo
436 1445 624 1484 nostram
654 1443 744 1484 sine
774 1442 896 1483 dubio
923 1441 1167 1494 praecessit,
1199 1440 1451 1492 supplevisse
1482 1438 1725 1480 crediderim
1740 1439 1766 1478 ³.

317 1512 487 1555 Saritae
517 1512 641 1554 editio
671 1514 731 1553 est
752 1512 972 1564 princeps,·
1005 1510 1191 1564 repetivit
1221 1523 1311 1551 eam
1341 1509 1526 1550 Bsovias
1556 1522 1594 1549 a.
1618 1509 1729 1549 1263
1759 1507 1787 1562 ἕ
1809 1510 1848 1549 2.
1915 1505 2018 1547 Tam
2042 1504 2294 1558 Raynaldas
2327 1505 2371 1545 i'n

173 1582 418 1625 Annalibus
448 1581 732 1624 ecclesiasticis
762 1595 800 1622 a.
826 1582 938 1621 1263
965 1580 995 1635 ἕ
1017 1580 1185 1620 53-60
1226 1581 1379 1620 textion
1411 1578 1559 1619 codicis
1582 1580 1605 1617 1
1637 1576 1784 1618 excudi
1815 1575 1937 1631 feeit,
1981 1574 2088 1615 (lans
2121 1574 2267 1615 ibidem
2298 1573 2372 1614 snb

171 1652 201 1708 5
220 1652 392 1693 46-52
421 1651 638 1703 epistolam
668 1650 934 1704 rcyistratain
966 1663 986 1690 e
1008 1648 1201 1701 Reyislro
1231 1647 1394 1690 Urbani
1416 1646 1497 1688 1V.
1530 1646 1604 1688 sab
1630 1646 1749 1700 falso
1780 1644 1845 1686 dic
1870 1644 1944 1686 ‘II.
1969 1643 2072 1685 Kal.
2096 1643 2371 1695 Septenzbris'.

177 1721 270 1776 Qua
298 1735 343 1762 re
367 1719 532 1776 factam
569 1722 644 1770 est,
684 1722 729 1760 ut
760 1718 950 1769 editores,
991 1718 1064 1770 qui
1094 1716 1314 1770 Raynatdi
1344 1716 1562 1758 editionem
1592 1713 1912 1767 repetiverunffi,
1952 1713 2103 1754 scilicet
2135 1712 2371 1753 Leibnitias

173 1789 326 1834 ‘Codeae
362 1790 472 1832 iaris
508 1789 712 1843 yentium,
747 1787 1010 1842 prodi-omas'
1036 1801 1082 1839 p.
1108 1788 1174 1836 12,
1215 1786 1358 1839 Liiniy
1389 1784 1627 1827 ‘Dentsclies
1667 1782 1972 1824 Reielisareliiv'
2011 1781 2090 1831 IV,
2116 1784 2208 1831 173,
2251 1781 2373 1822 Olen-

172 1860 358 1914 selilayer
388 1859 516 1900 ‘Neue
538 1857 831 1911 Erla'uterunq
859 1856 932 1898 dei·
950 1856 1149 1910 yoldenen
1172 1855 1312 1897 Balle'
1336 1854 1398 1905 II,
1416 1857 1483 1906 46,
1506 1854 1664 1909 Rymcr
1685 1852 1895 1894 ‘Foedera'
1918 1851 1955 1902 I,
1973 1852 2012 1901 2,
2033 1854 2087 1891 77
2119 1851 2176 1903 (I,
2202 1853 2237 1901 1,
2255 1853 2371 1899 430),

171 1929 348 1971 lacunas
377 1927 572 1981 epistolae
603 1941 655 1968 cx
685 1927 863 1980 epistola
893 1926 1119 1979 reyistrata
1148 1925 1386 1980 supplentes
1416 1925 1542 1966 etiam
1573 1922 1679 1963 diem
1705 1920 1866 1976 falsam
1898 1934 1949 1961 ex
1980 1920 2071 1974 ipsa
2096 1919 2370 1961 intruderent.

169 1997 374 2039 Leibnitii
403 1997 623 2039 editionem
662 1996 851 2049 repetivit
882 1994 1071 2036 Dumont
1102 1994 1249 2047 ‘Corps
1281 1994 1577 2046 diplomatiqiie
1608 1991 1677 2033 des
1709 1990 1865 2032 traites’
1899 1990 1936 2040 I,
1957 1991 2042 2031 216
2072 1989 2218 2030 addita
2250 1990 2369 2030 varia

170 2066 342 2110 Sitritae
364 2067 532 2109 lectione
540 2080 554 2118 ,·
584 2065 760 2120 Rymeri
780 2065 1000 2108 editionem
1022 2064 1130 2106 idem
1152 2064 1189 2115 I,
1211 2066 1294 2104 404
1326 2067 1363 2105 ct
1385 2062 1646 2105 ‘Baliarium
1670 2073 1865 2113 ›iacynzon
1888 2058 2136 2100 Itomanam'
2168 2059 2370 2111 (Ima-em-

171 2135 312 2191 bnryi)
343 2136 428 2187 IX,
460 2135 669 2178 Addenda
691 2149 739 2188 p.
764 2135 831 2175 19.
1994 2127 2064 2181 (P.
2088 2127 2230 2182 deest.)

316 2250 531 2293 Rieardo⁸¹
562 2251 606 2292 in
637 2249 929 2292 Romanorum
961 2262 1110 2304 regem
1143 2248 1296 2289 eleeto.

315 2320 380 2376 (l)
414 2325 483 2369 Qui
515 2326 635 2362 celum
666 2327 880 2369 terramque
912 2323 1021 2370 regit,
1053 2324 1084 2358 is
1116 2323 1291 2358 nimirum
1323 2316 1422 2358 eelib
1454 2321 1561 2357 novit
1594 2321 1760 2357 ordinem
1794 2322 1832 2355 et
1863 2319 1900 2354 in
1932 2321 2033 2354 terra.
2063 2320 2190 2364 potest
2220 2317 2367 2352 celestis

171 2407 309 2442 ponere
342 2395 482 2431 ordinis
513 2395 700 2431 rationem
712 2389 739 2430 5.
800 2395 834 2428 ls
866 2393 1038 2438 exempla
1068 2392 1112 2427 de
1146 2391 1400 2438 superioribus
1433 2391 1479 2425 ad
1512 2390 1691 2425 inferiora
1722 2388 1907 2430 derivans,
1941 2387 2037 2421 sicut
2069 2386 2105 2420 in
2140 2387 2371 2421 firmamento

171 2465 240 2501 celi
271 2465 369 2500 duoc
400 2464 602 2500 luminaria
632 2475 770 2510 magna
801 2462 1011 2504 constituit,
1044 2463 1086 2496 ut
1118 2461 1296 2496 mundum
1329 2460 1470 2496 vicibus
1503 2459 1578 2494 suis
1613 2459 1805 2493 illustrent
1817 2450 1847 2499 d,
1881 2457 1933 2491 sic
1956 2458 1995 2491 et
2017 2455 2054 2489 in
2078 2455 2187 2490 terris
2210 2455 2371 2489 maxima

170 2535 270 2571 dona
300 2545 382 2578 sua,
415 2533 689 2570 sacerdot-‚inme
722 2533 896 2569 videlieet
929 2534 968 2568 et
1004 2531 1222 2577 imperium,
1265 2531 1311 2565 ad
1343 2530 1491 2575 plenum
1527 2527 1779 2574 spiritualium
1811 2526 2160 2569 mundanorumque
2193 2524 2369 2569 regimen,

171 2604 218 2639 ad
248 2604 524 2639 firmamentum
555 2603 711 2639 ecclesie
742 2594 987 2638 militantisf
1017 2601 1230 2643 instituens,
1264 2600 1459 2644 utriusque
1490 2597 1692 2644 potestatis
1725 2597 1779 2631 ita
1809 2595 1989 2631 discrevit
2014 2594 2146 2636 officia,
2180 2595 2368 2627 uteorum

174 2673 340 2710 officiosa
381 2672 579 2709 diversitas
622 2673 728 2707 nulla
767 2671 838 2706 sibi
877 2670 1106 2706 adversitate
1144 2669 1363 2712 dissentiat,
1412 2671 1469 2703 set
1505 2668 1572 2703 ing
1609 2666 1795 2703 commissi
1834 2663 2053 2701 executione
2096 2662 2286 2707 regiminis
2327 2674 2369 2696 ex

173 2743 286 2779 officii
316 2743 444 2779 debito
475 2742 514 2777 in
547 2741 627 2778 voti
665 2741 805 2777 unitati
837 2733 1068 2776 concordeth
1100 2742 1138 2775 et
1175 2739 1340 2785 ipsorum
1379 2738 1506 2784 procul
1541 2737 1654 2772 dubio
1695 2736 1891 2781 profutura
1923 2731 2121 2768 eoncordia
2153 2731 2370 2766 alterutrius

173 2805 346 2848 alternisi
378 2812 475 2847 fulta
506 2810 679 2857 presidiis
711 2822 755 2846 ae
785 2809 981 2855 utriusque
1013 2808 1153 2844 mutuis
1191 2809 1271 2844 fota
1302 2807 1504 2850 favoribus,
1537 2818 1628 2852 opus
1661 2804 1805 2840 iustitie
1838 2802 1990 2837 liberius
2024 2803 2208 2846 operetur,
2242 2812 2368 2845 pacem

172 2881 310 2917 mundo
341 2881 510 2927 pariens,
553 2872 898 2925 tranquillitatemk
929 2879 1109 2914 inducens
1149 2880 1188 2913 et
1223 2877 1394 2913 nutriens
1426 2876 1623 2911 unitatem.
1684 2873 1883 2919 Imperium
1917 2870 2098 2915 siquidem
2131 2870 2177 2903 ad
2210 2870 2366 2904 salutem

173 2950 396 2986 sacerdotali
436 2949 663 2985 auctoritate
702 2949 879 2995 dirigitur
917 2951 955 2983 et
994 2948 1111 2993 ipsius
1152 2947 1320 2982 adiutum
1360 2945 1563 2991 suffragiis,
1605 2943 1743 2979 sedatis
1781 2941 1997 2988 procellosis
2031 2939 2216 2974 interdum
2250 2939 2366 2973 immi-

172 3013 362 3055 nentium¹
398 3021 669 3065 tempestatum
709 3018 940 3061 turbinibus,
983 3017 1229 3062 tranquillum
1271 3016 1439 3052 redditur
1477 3018 1513 3051 et
1551 3014 1730 3059 quietum.
1793 3010 2047 3046 Sacerdotium
2081 3020 2166 3043 vero
2199 3008 2299 3053 pium
2333 3011 2371 3042 et

311 3127 399 3163 405.
432 3129 464 3172 ²²)
489 3130 648 3162 Vrbanus
679 3129 858 3172 episeopus
889 3139 1009 3161 servus
1042 3138 1219 3161 servorum
1245 3126 1308 3158 Dei
1333 3127 1371 3158 R.
1397 3124 1430 3158 3.
1573 3124 1605 3166 1’)
1637 3123 1758 3155 abliinc
1784 3122 1819 3153 in
1846 3120 1875 3153 1.
1901 3119 1932 3153 2.
1957 3119 1979 3152 4
2003 3118 2129 3151 collata
2154 3122 2200 3150 est
2224 3117 2366 3159 epistola

170 3187 270 3231 prior
297 3187 513 3230 (Rodenberq
538 3187 617 3229 III,
641 3199 696 3220 nr.
714 3190 788 3229 560,
806 3198 844 3228 p.
862 3189 940 3227 545,
966 3186 988 3218 l.
1008 3185 1082 3227 11);
1105 3190 1250 3228 perflant
1275 3184 1362 3216 enim
1385 3183 1449 3215 ita.-
1474 3188 1507 3215 et
1532 3188 1595 3214 cet.
1621 3187 1777 3223 utsupra
1797 3189 1905 3219 usque
1923 3177 1990 3220 peti
2010 3183 2042 3209 et
2060 3176 2161 3208 etiam
2186 3175 2368 3218 procurari.

173 3243 204 3288 ⁰)
230 3245 297 3278 dua
322 3244 353 3278 1.
448 3243 480 3288 d)
506 3245 695 3278 illustraret
718 3243 751 3278 3.
845 3244 874 3285 e)
899 3243 1113 3276 sacerdotum
1137 3241 1169 3274 4.
1264 3239 1296 3283 s)
1323 3239 1529 3273 universalis
1554 3238 1595 3271 It.
1690 3237 1722 3279 Β)
1749 3242 1782 3269 et
1805 3234 1837 3268 4.
1942 3232 1974 3272 ¹¹)
2002 3232 2190 3265 eomoordet
2215 3231 2258 3273 2;
2291 3243 2370 3265 eon-

174 3303 312 3336 cordent
334 3301 368 3336 4.
444 3301 468 3343 i)
494 3303 585 3336 deest
607 3302 639 3335 4.
717 3300 751 3344 k)
777 3301 1072 3343 tramquillitatem
1096 3298 1128 3341 2,
1156 3298 1282 3331 similia
1306 3298 1459 3341 saepius;
1484 3295 1782 3338 transquillitatem
1807 3291 1839 3325 4.
1912 3289 1937 3332 1)
1963 3290 2056 3322 imin.
2085 3288 2122 3330 1;
2147 3290 2308 3323 inuencifi
2335 3289 2368 3322 4.

312 3393 345 3435 1)
381 3392 435 3435 Cf.
461 3393 754 3427 Kaltenbrunner
778 3391 1066 3434 ‘Mittlieilnnyen
1089 3389 1146 3424 des
1172 3389 1348 3423 Institats'
1373 3387 1458 3429 VII,
1482 3391 1544 3421 558
1574 3396 1630 3420 nr.
1648 3389 1698 3420 35.
1829 3383 1865 3425 2)
1898 3380 1945 3415 In
1975 3379 2173 3414 bibliotheca
2201 3380 2371 3414 Esmwia-

172 3451 262 3486 lensi
284 3450 356 3485 iam
386 3461 484 3485 nune
515 3454 719 3485 asservatur
749 3449 853 3484 codem
878 3447 1031 3484 Berardi
1057 3447 1092 3481 P
1107 3447 1156 3481 II
1166 3452 1185 3481 7
1206 3456 1292 3480 saec.
1314 3445 1420 3488 XIV,
1453 3444 1514 3488 qai
1545 3447 1575 3477 ct
1600 3441 1778 3486 epistotam
1804 3442 1961 3473 nostram
1985 3440 2015 3471 ct
2039 3437 2261 3481 reyistratam
2287 3447 2369 3471 con-

172 3507 278 3548 tinet,·
300 3507 346 3550 cf.
372 3507 506 3542 ‘Neues
530 3507 671 3541 Arehiv'
698 3507 759 3550 VI,
777 3511 848 3541 263.
982 3506 1017 3548 3)
1043 3505 1155 3539 Verba
1185 3503 1282 3537 initii
1314 3502 1482 3537 Urbanus
1516 3501 1710 3546 episcopus
1742 3508 1866 3531 servus
1892 3506 2077 3530 servorum
2103 3494 2169 3528 Dei
2195 3504 2280 3528 sane
2304 3505 2368 3527 suo

173 3565 294 3600 Marte
323 3564 460 3600 adiecit.
599 3566 634 3607 4)
670 3565 772 3599 Inter
803 3575 889 3608 quos
926 3574 1001 3598 non
1040 3566 1087 3597 est
1119 3561 1291 3596 Sbaralca
1325 3559 1544 3594 ‘Baliarium
1577 3554 1877 3592 Franciscanam'
1912 3552 1967 3595 II,
1983 3556 2062 3595 506,
2097 3551 2159 3595 qui
2191 3551 2371 3595 epistolam

171 3622 395 3667 registratam
426 3621 476 3655 ad
499 3621 691 3664 Alfonsmn
723 3621 844 3657 datam
875 3619 1097 3664 (Rodenbery
1122 3618 1198 3661 III,
1222 3628 1278 3652 nr.
1295 3618 1420 3660 56011)
1444 3626 1461 3649 c
1491 3614 1649 3658 Rem'stress
1679 3623 1731 3657 ep.
1750 3615 1820 3653 213,
1853 3620 1927 3643 non
1959 3619 2037 3643 cero
2068 3612 2226 3643 nostram
2251 3608 2369 3642 edidit.

175 3680 210 3725 5)
236 3679 290 3724 ef.
321 3680 383 3714 Iob
399 3683 458 3722 38,
475 3683 530 3714 33.

2028 3729 2097 3763 66*
