2558 3970
93 904 125 928 10

93 1794 126 1820 15

91 2203 125 2229 20

93 2548 126 2574 25

95 2901 128 2927 30

586 151 798 186 Commo!
831 153 888 187 iv.
915 153 1344 189 CONS'rl'rl'TloNES.
1400 156 1494 190 1245.
1538 158 1632 190 1251.
1686 158 1840 192 Nunti.
1867 160 1942 193 342.
2278 164 2359 203 449

309 265 533 307 Conradus
586 267 670 308 divi
716 269 888 322 augusti
935 270 1206 324 imperatoris
1248 271 1451 312 Frideriri
1501 273 1630 315 lilius.
1686 273 1763 313 l)‹·i
1809 276 1944 324 gratia
1991 276 2275 317 Romanorum
2319 278 2356 317 in

166 348 311 390 regem
353 335 518 377 electus
560 351 733 392 semper
774 342 986 392 augustus
1020 344 1062 379 et
1103 339 1228 379 heres
1263 341 1383 394 regni
1420 340 1652 382 Ierusalem
1688 343 1897 383 universis
1932 350 2156 400 presentes
2195 346 2358 386 litteras

167 403 434 446 intuentibus
468 404 636 460 imperii
670 406 868 447 fidelibus
902 407 1084 462 gratiam
1119 421 1238 448 suam
1264 415 1305 448 et
1327 423 1452 450 omne
1478 409 1650 451 bonum.
1763 412 2035 454 Constitutus
2065 429 2208 455 coram
2235 415 2357 455 nobis

165 471 413 515 Willelmus
458 474 717 515 venerabilis
765 475 1116 532 archiepiscopus
1160 476 1477 518 Bisuntinensis
1527 479 1710 520 dilectus
1757 483 1954 537 princeps
2000 488 2159 530 noster,
2201 498 2294 524 cum
2335 501 2359 525 a

165 541 289 582 nobis
323 542 621 584 investituram
657 544 863 599 regalium
898 546 1159 600 recepisset,
1206 547 1431 601 proposuit
1463 548 1574 602 quod
1610 563 1796 590 marcam
1830 552 1921 591 auri
1956 566 2030 606 pro
2068 553 2155 593 iure
2191 553 2356 608 capelle

164 615 308 652 nostre
350 612 519 653 solvere
560 626 644 653 non
685 612 878 655 deberet.
942 614 1046 655 Cum
1092 615 1221 669 igitur
1260 615 1371 656 idem
1405 617 1757 673 archiepiscopus
1793 620 1992 675 princeps
2027 620 2076 660 sit
2115 621 2279 676 imperii
2316 627 2357 662 et

168 679 317 720 civitas
340 679 570 722 Bisuntina
602 682 848 724 immediate
872 683 925 724 ad
960 684 1186 739 imperium
1222 685 1438 739 pertinere
1464 692 1678 731 noscatur,
1715 690 2022 729 sententiatum
2049 691 2209 730 extitit:
2247 691 2357 745 quod

163 748 256 804 ipse
288 748 447 791 dictam
480 751 571 792 auri
606 766 814 798 marcam,
847 753 957 793 sicut
990 758 1032 793 et
1063 753 1135 793 alii
1170 753 1483 810 archiepiscopi
1518 756 1745 811 principes,
1781 772 1854 812 pro
1890 758 1980 798 iure
2014 760 2180 813 capelle
2217 766 2357 800 nostre

163 818 333 860 solvere
367 813 567 861 teneatur
599 820 798 877 dictoque
832 823 1062 877 capellario
1107 828 1252 864 nostro
1292 824 1402 864 sicut
1435 824 1584 865 debuit
1619 827 1888 867 satisfacere.
1952 827 2020 867 Ad
2056 828 2178 869 liuius
2215 830 2357 884 itaque

167 888 378 930 sententie
412 890 662 930 memoriam
696 898 920 946 presentes
955 892 1118 932 litteras
1152 892 1240 933 fieri
1272 893 1451 934 fecimus
1487 900 1529 934 et
1561 895 1688 949 sigilli
1724 896 1856 936 nostri
1892 896 2117 937 karae-tere
2154 897 2356 939 roborari.

306 956 467 999 Datum
500 958 813 1012 Nuremberch‚
849 960 968 1001 XVI.
1005 961 1119 1002 Maii.
1155 962 1280 1003 tertie
1316 962 1575 1004 indictionis.

805 1396 938 1466 342.
998 1396 1128 1468 CO
1141 1395 1212 1466 N
1226 1395 1272 1467 S
1285 1397 1344 1467 T
1362 1396 1390 1466 12
1400 1397 1460 1466 T
1472 1396 1543 1467 U
1554 1397 1613 1467 T
1634 1396 1658 1465 l
1671 1397 1733 1468 O

292 1507 434 1578 DE
489 1508 763 1580 [ΗΒΕ
813 1510 1649 1583 HAEREDITARIO
1708 1512 2239 1585 NEPOTUM.

1105 1637 1247 1684 1951.
1287 1637 1425 1685 Mart.

306 1781 436 1824 Dedit
464 1782 647 1825 Bo'lmzer
678 1783 714 1826 b.
736 1798 786 1826 m.
827 1798 846 1825 c
882 1784 1079 1839 Copiario
1116 1784 1298 1826 civitatis
1332 1784 1630 1827 Gclnlmsanac
1672 1798 1778 1826 saec.
1805 1784 1932 1834 XIV,
1972 1786 2045 1838 que
2077 1789 2174 1827 lmzc
2198 1787 2361 1838 primuli

160 1851 269 1892 iuris
298 1854 410 1903 e›·at,·
440 1853 558 1894 cuius
587 1853 816 1908 ezemplari
845 1854 998 1895 nititur
1029 1854 1153 1895 editio
1182 1854 1228 1894 in
1249 1854 1369 1896 Actis
1398 1855 1565 1906 ‘inaperta‘
1596 1855 1755 1896 selectis
1775 1856 1860 1895 „291
1891 1868 1956 1895 nr.
1980 1857 2076 1896 341.
2143 1855 2364 1907 Cepisti-lus

157 1921 233 1962 iste
269 1924 371 1963 certe
409 1921 516 1963 idem
553 1925 613 1964 cst
642 1925 775 1975 (mmo
805 1923 986 1964 consulis
1019 1922 1175 1964 Becker
1210 1922 1511 1976 Gelnlcusam'),
1550 1937 1569 1963 c
1601 1937 1679 1975 (sno
1711 1923 2041 1964 constitutionem
2072 1937 2205 1975 nuper
2237 1924 2363 1965 edidit

159 1989 327 2032 Reimer
358 1989 714 2034 ίῑῘνῘισίιηάεπΖίἰισῖι
753 2005 830 2034 zm·
865 1992 1009 2034 Gesch.
1050 1991 1124 2033 der
1154 1991 1322 2033 Herren
1360 2005 1438 2033 von
1476 1992 1650 2034 Hanaa'
1686 1992 1723 2043 I,
1747 1994 1832 2033 200
1864 1994 2049 2035 7272271‘3.
2083 2018 2136 2022 —
2169 1993 2363 2043 Bobium,

158 2059 258 2116 Rey.
292 2061 388 2114 imp.
420 2061 465 2112 V,
485 2062 609 2102 4537.
1983 2061 2052 2113 (P.
2075 2062 2219 2113 deest.)

307 2187 534 2231 Conradus
566 2188 650 2231 Dei
683 2189 828 2245 gracia
858 2188 1154 2230 Romanorum
1186 2189 1228 2229 in
1261 2202 1408 2244 regem
1441 2189 1607 2230 electus
1642 2203 1815 2244 semper
1847 2194 2076 2244 augustus,
2124 2190 2359 2232 Ierusalem

160 2262 204 2301 et
236 2258 384 2301 Sicilie
418 2273 508 2301 rex.
627 2258 712 2300 Per
744 2273 925 2315 presens
959 2259 1168 2314 scriptum
1201 2263 1349 2299 notum
1381 2258 1565 2300 facimus
1604 2259 1829 2311 universis,
1867 2258 1980 2314 quod
2013 2273 2087 2300 nos
2120 2259 2172 2300 ad
2198 2260 2359 2316 suppli-

160 2329 342 2370 cationis
383 2328 639 2369 instanciam
682 2328 853 2370 sculteti
892 2333 934 2370 et
979 2327 1136 2369 civium
1179 2331 1424 2369 nostrorum
1457 2328 1510 2369 de
1545 2328 1830 2383 Geylnhusen
1863 2329 2216 2370 constitutionem
2251 2330 2363 2371 inter

158 2398 275 2454 ipsos
318 2398 498 2440 fecimus
538 2398 806 2453 generalem,
852 2397 1055 2440 videlicet
1095 2397 1209 2453 quod
1242 2411 1543 2453 quemcunque
1584 2398 1775 2453 ipsorum
1821 2399 1965 2453 plures
2007 2399 2220 2452 legitimos
2253 2399 2361 2439 filios

160 2467 320 2510 habere
354 2468 624 2523 contingerit,
656 2468 768 2510 inter
799 2482 903 2523 quos
936 2467 1052 2509 bona
1085 2482 1162 2509 sua
1196 2466 1389 2509 dividere
1422 2471 1635 2518 teneatur,
1672 2473 1714 2509 et
1739 2468 1895 2522 aliquis
1919 2467 2154 2509 eorundem
2178 2468 2359 2509 filiorum

162 2551 334 2579 suorum
381 2537 422 2578 in
467 2537 555 2579 fata
598 2537 857 2589 decesserit,
902 2537 1116 2592 aliquibus
1163 2537 1368 2592 legitimis
1416 2537 1562 2592 pueris
1609 2541 1706 2592 post
1754 2551 1875 2578 suum
1921 2537 2083 2578 obitum
2127 2537 2357 2578 derelictis.

161 2605 416 2648 tantundem
459 2621 570 2662 equa
608 2607 893 2663 proporcione
935 2607 1016 2662 ipsi
1058 2606 1181 2662 pueri
1223 2606 1425 2661 consequi
1468 2605 1628 2647 debent
1661 2610 1705 2647 et
1745 2607 1940 2661 optinere
1975 2606 2026 2648 dc
2060 2606 2182 2647 bonis
2217 2606 2359 2657 avitis,

163 2680 369 2731 quantum
417 2680 585 2732 patrem
632 2691 779 2718 eorum
818 2676 918 2717 dum
957 2675 1097 2717 adhuc
1137 2676 1301 2717 viveret
1341 2676 1458 2716 facta
1510 2675 1718 2716 divisione
1768 2675 1820 2716 de
1864 2675 1989 2716 bonis
2029 2675 2220 2731 paternis
2264 2689 2358 2716 cum

161 2744 364 2788 fratribus
397 2746 486 2787 suis
520 2745 798 2801 contingebat
831 2745 1011 2795 habere,
1045 2744 1087 2786 id
1119 2744 1235 2786 idem
1267 2744 1319 2786 de
1353 2744 1524 2785 filiabus
1558 2758 1706 2785 corum
1740 2744 1962 2786 observari
1997 2745 2211 2786 iubentes.
2274 2744 2356 2784 Pro

163 2815 281 2857 cuius
312 2816 376 2857 rei
407 2816 616 2857 memoria
649 2820 691 2857 et
724 2815 894 2857 cautela
927 2814 1162 2856 eorundem
1197 2815 1354 2856 civium
1387 2819 1629 2856 nostrorum
1662 2819 1889 2869 presentes
1922 2814 2086 2855 litteras
2121 2814 2222 2868 ipsis
2256 2812 2353 2854 inde

163 2883 255 2926 fieri
285 2885 466 2927 fecimus
499 2885 641 2940 sigillo
672 2888 820 2925 nostro
852 2884 1055 2925 munitas.

306 2954 468 2996 Datum
502 2954 667 3010 Spire³‚
697 2969 809 2996 anno
842 2954 1055 2996 dominice
1089 2954 1395 2995 incarnationis
1428 2953 1655 2994 millesimo
1679 2951 1973 2993 ducentesimo
1998 2950 2356 3006 quinquagesimo

163 3024 312 3079 primo,
345 3038 493 3066 mense
526 3024 691 3074 Marcii,
726 3038 838 3065 nona
870 3023 1111 3065 indictione.
1856 3028 1858 3030 '

300 3137 387 3174 34⁶3.
421 3140 453 3182 θ’)
479 3142 595 3184 Spiree
620 3141 662 3174 R.

302 3764 352 3788 LL.
378 3764 661 3789 CONSTITUTIONES
680 3765 715 3788 11.
2038 3745 2081 3780 57
