2558 3970
66 1764 146 1790 Mart.
164 1768 206 1791 20.

66 1836 149 1862 Mart.
167 1838 208 1861 24.

219 134 299 172 295
748 126 992 160 FRwEfflCl
1022 125 1064 158 ll.
1090 122 1518 158 UONSTITUTIONES.
1573 123 1669 157 1239.
1719 123 1877 157 N1·.‘215.

221 257 261 286 et
296 246 335 284 in
371 243 685 283 confussioneni
719 242 905 294 ipsorum
940 239 1012 280 G.¹
1037 238 1088 278 de
1115 238 1405 291 Montclongo,
1439 251 1565 291 quem
1598 237 1792 291 primitus
1825 237 1877 277 ad
1903 252 1979 278 nos
2002 238 2201 278 nuncium
2227 238 2403 278 miserat

222 319 263 354 et
296 317 441 353 contra
476 325 550 350 nos
590 308 862 364 postmodum
895 307 948 347 ad
982 307 1245 347 eversionem
1278 306 1608 346 Mantuanorum
1643 309 1685 345 et
1716 306 1897 346 aliorum
1938 305 2128 346 fidelium
2161 309 2402 346 nostrorum

222 386 449 422 statuerat.
484 379 523 418 in
556 376 839 418 Lombardia*¹
873 376 1103 430 legationis
1137 375 1324 415 officium
1358 374 1483 428 plene
1516 374 1706 425 comisit,
1738 373 1990 425 arbitratus,
2024 377 2071 414 ut
2102 377 2288 428 quantoe
2323 373 2403 414 sibi

221 450 354 490 maior
377 448 552 488 daretur
575 444 838 494 auctoritass,
862 448 980 484 tanto
1002 445 1168 484 maiora
1190 443 1311 483 nobis
1332 448 1374 483 et
1396 442 1554 482 nostris
1578 441 1883 497 impedimenta
1899 445 2085 497 pararet.
2136 441 2403 489 Quibusdam

222 523 415 572 preterea
449 514 711 570 principibus
751 513 927 559 nostris,
968 513 1145 566 prelatis
1178 511 1342 552 Italicis
1388 515 1429 551 et
1462 510 1736 562 Germanisg,
1778 510 2001 551 nobiscum
2033 511 2076 551 in
2109 511 2228 551 curia
2258 514 2405 551 nostra

222 584 492 626 manentibus
543 583 688 623 literas
732 581 963 622 destinavit
1013 581 1343 635 subgilationem
1394 580 1505 619 fame
1555 582 1698 620 nostre
1740 593 1824 620 non
1864 579 2075 620 modicam
2120 579 2402 631 continentes,

222 655 346 694 certis
394 650 613 692 articulish
659 649 938 690 interclussisi
979 653 1021 690 ct
1063 649 1307 703 specialiter
1349 647 1401 688 de
1444 647 1763 701 gravaminibus
1803 661 1885 701 que
1918 647 2175 702 quibusdam
2210 647 2404 689 ecclesiis

223 722 340 775 regni
378 720 509 761 nostri
549 719 799 759 dicebantur
839 718 975 759 illata:
1019 732 1149 772 super
1191 716 1346 771 quibus
1388 715 1606 756 mandavit
1638 730 1712 756 nos
1752 730 1828 771 per
1861 716 2038 757 eosdem
2080 717 2296 771 principes
2329 715 2404 757 ad-

223 790 395 830 moneri.
460 788 649 835 Quorum
682 787 966 841 capitulorum
1001 786 1188 826 omnium
1223 790 1265 826 et
1297 784 1646 839 responssionum
1686 788 1928 825 nostrarum
1961 784 2015 825 ad
2050 785 2218 838 singula
2253 784 2407 825 seriem

224 857 372 899 nobisk
404 856 463 897 in1
506 857 748 897 testimonio
789 855 958 910 publico
991 854 1190 895 duximus
1228 852 1533 894 reservandam
1546 860 1588 895 ¹¹¹.
1707 852 1800 907 (15)
1835 853 1999 900 Quibus
2032 853 2228 894 omnibus
2261 866 2405 894 coram

226 926 489 982 principibus
525 930 567 966 et
600 925 777 980 prelatis
810 938 859 965 ac
892 923 1104 977 religiosis
1128 936 1255 977 quam
1277 920 1475 976 pluribus
1500 920 1733 962 cuiuslibet
1754 921 1915 962 ordinis
1939 921 2160 976 sigillatim
2185 921 2408 973 ostenssis‚

225 1009 480 1050 quamquam
513 993 563 1034 dc
607 997 724 1033 tanta
763 992 896 1047 patris
937 991 1220 1032 instabilitate
1253 990 1478 1031 confussos
1511 1003 1556 1030 se
1589 990 1664 1030 filii
1696 993 1948 1045 reputarent
1988 994 2030 1031 et
2063 989 2114 1031 de
2147 988 2410 1031 verecundia

226 1065 376 1119 capitis
417 1063 681 1118 presencium
725 1075 794 1101 ora
837 1061 991 1101 rubor-¹¹
1023 1059 1320 1115 perfunderet,
1366 1058 1701 1099 nichilhominus
1743 1063 1882 1100 tamen
1916 1058 1968 1100 de
2007 1059 2195 1113 ipsorum
2229 1057 2408 1099 consilio

226 1133 440 1187 predictos
466 1131 817 1171 Panormitanum
851 1129 1236 1184 archiepiscopum,
1270 1128 1519 1181 magistrum
1552 1126 1620 1167 T.0
1645 1131 1687 1168 ct
1710 1128 1962 1182 magistrum
1985 1126 2036 1168 R.
2061 1126 2408 1168 Porcastrelamp

227 1201 476 1242 exrclcncie
510 1204 655 1240 nostre
688 1199 880 1253 legatos‘l
914 1212 1008 1238 cum
1042 1197 1207 1238 nunciis
1241 1197 1461 1237 civitatum
1484 1200 1726 1236 nostrarum
1748 1196 1940 1237 fidelium
1963 1195 2016 1236 ad
2040 1195 2185 1236 sedem
2209 1199 2408 1250 apposto-

226 1270 350 1309 licam
383 1269 582 1309 duximus
615 1267 909 1317 remittendos,
943 1281 1020 1322 per
1051 1280 1159 1321 quos
1192 1265 1245 1306 ad
1278 1265 1620 1306 satisfactionem
1652 1279 1824 1306 omnem
1856 1279 1975 1306 mora
2006 1264 2199 1319 qualibet
2234 1269 2276 1305 et
2299 1263 2410 1304 diffi-

227 1338 384 1378 cultate
418 1337 618 1390 sepositis
658 1336 888 1377 obtulimus
930 1350 1006 1376 nos
1047 1338 1237 1390 paratos.
1356 1332 1450 1389 (16)
1492 1332 1579 1375 Sed
1612 1347 1692 1374 nec
1724 1333 1767 1374 in
1809 1333 1873 1374 his
1907 1334 2103 1374 omnibus
2136 1347 2314 1374 aversus
2347 1336 2412 1373 est

228 1407 344 1446 furor
377 1406 487 1446 eius:
527 1405 628 1459 quin
667 1404 805 1445 dictus
847 1404 1185 1459 evangelizantis
1228 1416 1379 1458 pacem
1412 1402 1570 1443 Christi
1601 1402 1807 1454 vicarius,
1852 1402 1930 1444 sed
1962 1406 2082 1443 actor
2121 1402 2337 1443 scismatis
2370 1404 2414 1443 et

228 1474 527 1515 disscnssionis
574 1474 735 1514 amicus
780 1478 928 1514 contra
970 1473 1221 1513 traditiones
1263 1475 1511 1512 sanctorum
1551 1475 1742 1526 patrum,
1792 1471 1973 1512 audiens
2019 1471 2198 1512 nuncios
2246 1474 2413 1511 nostros

228 1548 447 1598 portantes
481 1541 743 1583 omnimoder
775 1544 916 1582 nostre
949 1540 1196 1582 devocionis
1229 1540 1428 1580 xeniumS
1459 1553 1538 1595 per
1569 1539 1726 1580 dietam
1756 1540 1864 1581 Urbi
1896 1540 2085 1590 vicinos,
2126 1543 2170 1581 et
2201 1543 2412 1591 metuens,

228 1627 280 1652 nc
326 1611 728 1666 supervenientibus
774 1611 898 1666 ipsis,
942 1610 1065 1651 obice
1107 1609 1241 1650 vallot
1280 1609 1469 1659 iusticie,
1517 1608 1608 1649 sine
1651 1608 1821 1662 publico
1867 1608 2067 1650 scandalo
2115 1609 2222 1649 forte
2265 1621 2414 1664 proce-

228 1680 329 1721 dere
363 1694 446 1720 non
480 1680 659 1723 valeret,
701 1679 1036 1734 prefestinaneia
1067 1678 1198 1718 nimia
1230 1681 1485 1732 conceptum
1517 1676 1649 1718 edidit
1680 1677 1950 1718 abortivumu
1982 1678 2025 1718 in
2056 1691 2134 1718 nos
2168 1691 2416 1732 supremum

231 1749 553 1789 christianorum
587 1748 824 1803 principem
857 1747 925 1788 die
958 1747 1172 1788 dominica
1204 1747 1440 1801 palmarum
1474 1750 1623 1787 contra
1653 1746 1919 1800 solempnem
1950 1760 2113 1788 morem
2137 1749 2412 1787 sacrosancte

230 1818 376 1858 matris
422 1817 622 1868 ecclesie,
672 1821 714 1858 et
753 1818 794 1857 in
834 1830 940 1858 cena
971 1815 1142 1857 Domini
1173 1814 1449 1870 postmodum
1479 1815 1804 1870 precipitandov
1837 1816 2122 1868 sentenciam,
2162 1829 2240 1870 per
2271 1828 2412 1869 quam,

228 1888 337 1928 sieut
370 1901 448 1942 per
479 1886 635 1927 famam
659 1886 913 1937 audivimus,
946 1886 1048 1926 lieet
1079 1885 1159 1926 hoc
1183 1884 1360 1926 credere
1384 1884 1557 1925 minime
1581 1884 1867 1937 debeamusw,
1901 1885 2220 1926 contradicente
2244 1884 2415 1925 saniore

228 1965 348 2010 parte
372 1956 550 1996 fratrum
577 1969 762 2003 suorum,
788 1955 839 1996 de
864 1953 1131 2010 quorundam
1155 1952 1433 1995 cardinalium
1456 1952 1801 1995 Lombardorum
1826 1954 2001 1994 consilio
2024 1967 2100 1995 nos
2125 1953 2417 1995 excommuni-

231 2025 442 2065 cationisx
466 2025 663 2065 vinculoy
685 2024 840 2065 dicitur
863 2023 1152 2075 astrinxisseZ,
1184 2022 1446 2078 prepeditisa
1472 2022 1638 2063 nunciis
1662 2023 1818 2063 nostris
1842 2036 1918 2077 per
1938 2021 2130 2064 fautores
2155 2026 2198 2064 et
2223 2022 2418 2063 satelites

232 2107 330 2133 suos
364 2093 416 2134 de
449 2093 704 2148 patrimonio
738 2106 975 2147 pauperum
1008 2091 1229 2142 solidatos,
1263 2090 1363 2146 qui2
1393 2091 1478 2132 iam
1501 2091 1784 2146 aplicuerant,
1817 2105 1872 2132 ne
1896 2090 1950 2132 ad
1973 2090 2263 2145 alegandamb
2297 2090 2421 2131 iusti-

232 2162 339 2202 ciam
388 2167 430 2202 et
476 2161 772 2202 innocenciam
815 2164 1033 2201 nostram‘3
1079 2175 1128 2201 ac
1173 2160 1344 2201 demum
1388 2159 1441 2200 ad
1483 2160 1822 2201 satisfactionem
1860 2159 2147 2211 offerendam,
2196 2159 2327 2199 etiam
2368 2157 2422 2200 ad

233 2231 466 2281 cautelam,
513 2230 567 2271 ad
606 2230 877 2285 presenciam
927 2243 1048 2270 suam
1090 2234 1132 2270 et
1170 2233 1372 2284 aspectus
1414 2228 1609 2283 publicos
1657 2227 1973 2284 pervenirentd.
2093 2227 2188 2283 (17)
2228 2228 2295 2269 De
2336 2241 2419 2283 quo

234 2300 333 2339 licct
371 2313 446 2339 nos
480 2300 685 2353 singulari
719 2298 924 2353 quadame
957 2303 999 2339 et
1031 2298 1204 2353 propria
1237 2296 1425 2339 rationef
1454 2301 1630 2352 propter
1661 2301 1853 2338 nostram
1884 2297 2100 2338 iusticiam
2134 2301 2177 2338 et
2200 2296 2421 2337 infamiam

235 2367 536 2422 procedentisg
568 2367 695 2408 malle
737 2368 888 2408 merito
921 2367 1194 2417 debeamush,
1236 2366 1351 2421 quod
1388 2380 1614 2421 perperam
1647 2370 1690 2407 et
1730 2366 1970 2408 inordinate
2002 2366 2285 2421 processerit,
2326 2378 2421 2406 cum

235 2437 477 2490 nequiciam
501 2437 641 2477 suami
673 2435 863 2476 editurus
886 2436 1041 2477 fuisset
1063 2436 1249 2487 omnino,
1281 2434 1394 2476 nisik
1417 2435 1596 2476 forsitan
1618 2439 1746 2476 antea
1770 2436 2022 2490 crepuisset,
2057 2435 2253 2477 dolemus
2275 2438 2422 2475 tamen

234 2508 275 2543 et
316 2518 369 2544 ex
409 2504 535 2546 corde
568 2504 764 2546 dolemus
804 2509 980 2560 propter
1021 2504 1324 2546 verecundiam
1364 2504 1622 2545 universalis
1666 2505 1850 2545 ecclesie
1895 2505 2043 2545 matris
2082 2507 2250 2554 nostre,
2294 2516 2422 2558 quam

235 2572 446 2613 dominusl
480 2572 603 2614 Iesus
638 2573 833 2614 Christus
866 2573 944 2614 sub
979 2573 1124 2629 specie
1148 2573 1324 2628 virginis
1358 2573 1568 2627 gloriosse
1600 2573 1643 2613 in
1676 2573 1887 2628 passionis
1910 2576 2173 2615 testamento
2199 2571 2422 2627 discipulis

236 2641 564 2682 commendavit.
626 2642 749 2683 Alias
789 2642 912 2682 nobis
957 2656 1033 2697 per
1074 2642 1227 2693 talem,
1272 2655 1399 2696 quem
1442 2642 1594 2682 merito
1634 2645 1827 2683 nostrum
1869 2641 2053 2683 iudicem
2084 2655 2168 2682 non
2202 2641 2421 2692 habemus,

236 2710 393 2750 nullam
426 2725 550 2765 posse
583 2711 675 2752 fieri
709 2715 957 2766 reputamus
990 2711 1236 2765 iniurianvn,
1270 2714 1419 2765 utpote
1452 2724 1547 2751 cum
1581 2723 1626 2751 se
1658 2711 1777 2765 prius
1801 2711 2021 2752 inimicum
2045 2710 2274 2765 capitalem
2297 2722 2422 2764 quam

237 2778 418 2820 iudicem
451 2784 643 2820 nostrum
676 2785 718 2821 et
751 2794 877 2834 opere
910 2780 1041 2821 fuerit
1062 2771 1286 2835 professi‘is
1311 2784 1380 2821 et¹¹
1403 2779 1550 2831 verbo,
1583 2779 1768 2821 rebelles
1792 2784 1959 2821 nostros
1983 2783 2028 2821 et
2049 2779 2223 2820 hostes⁰
2256 2777 2424 2833 imperii

237 2847 406 2900 publice
441 2848 721 2888 confovendo.
842 2849 930 2903 (18)
965 2849 1194 2903 Indignum
1226 2853 1424 2903 preterea
1456 2862 1501 2889 se
1534 2849 1666 2888 tantil'
1699 2849 1956 2890 cohercione
1988 2847 2191 2903 principis
2224 2851 2267 2888 et
2288 2859 2420 2900 gene-

238 2916 383 2955 raliter
415 2916 608 2969 qualibet
639 2916 919 2971 pontificalis‘1
952 2917 1232 2957 auctoritates
1263 2916 1410 2957 iudicii
1443 2916 1640 2967 reddidit,
1676 2916 1775 2956 dum
1799 2916 2166 2957 Mediolanensem
2191 2915 2421 2966 civitatem,

374 3041 460 3076 ⁶215.
493 3041 526 3083 d)
554 3044 788 3075 Lombanliam
815 3044 846 3076 2.
941 3043 970 3085 e)
997 3045 1133 3086 quando
1158 3044 1189 3076 2.
1302 3043 1332 3084 f)
1359 3045 1548 3086 augtoritas
1577 3043 1604 3075 1.
1700 3041 1732 3085 8)
1757 3044 1868 3076 Ytalie
1892 3049 1925 3076 et
1949 3043 2128 3077 Germanic
2152 3041 2183 3075 3.
2277 3040 2312 3083 h)
2336 3041 2426 3084 capi-

239 3100 316 3131 tuli>
343 3100 373 3131 53.
493 3099 515 3141 ἰ)
542 3101 746 3133 interclusus
772 3100 802 3132 3.
942 3099 974 3137 k)
1003 3102 1098 3133 vobis·
1123 3101 1154 3134 3.
1181 3101 1221 3139 5;
1259 3102 1349 3133 dees-t
1372 3100 1401 3133 4.
1545 3100 1569 3143 l)
1596 3101 1684 3133 deest
1711 3100 1746 3139 13
1779 3102 1843 3133 sub
1869 3100 1968 3134 3—5.
2087 3099 2130 3142 ΠΙ)
2157 3100 2249 3142 publ.
2275 3099 2426 3132 misimus

240 3157 433 3189 intuendam
460 3158 496 3189 3:
533 3159 624 3199 publ.
650 3159 813 3190 mittimus
839 3159 1037 3191 intuendam
1063 3157 1092 3190 4.
1119 3158 1150 3191 ἴ).
1290 3157 1324 3200 11)
1350 3159 1422 3190 rub.
1450 3169 1508 3190 ora
1533 3158 1564 3190 3.
1683 3158 1716 3199 υ)
1742 3159 1895 3190 'radeum
1921 3157 1952 3190 5.
2069 3156 2102 3200 Ρ)
2128 3157 2218 3190 deest
2242 3155 2278 3197 2;
2303 3158 2424 3189 Porca-

240 3214 371 3245 stellam
397 3214 431 3245 3:
460 3215 717 3246 I'orcastrellam
742 3214 780 3253 43
808 3216 1051 3248 Porcastellum
1076 3227 1116 3248 ac
1141 3216 1223 3247 alios
1249 3214 1280 3247 5.
1402 3214 1434 3256 (1)
1460 3216 1552 3248 deest
1575 3214 1605 3247 3.
1701 3215 1730 3254 Υ)
1757 3215 1987 3247 omnimodum
2012 3213 2042 3247 3.
2070 3214 2101 3247 5.
2173 3214 2199 3254 Β)
2225 3214 2376 3246 cscnium
2394 3211 2424 3244 1.

239 3273 263 3309 t)
291 3271 367 3301 valo
395 3270 423 3301 1.
565 3277 597 3312 Π)
634 3272 810 3304 arbitrium
838 3272 867 3303 2.
1008 3276 1038 3312 V)
1077 3273 1289 3315 precipitavit
1313 3272 1344 3305 3.
1486 3272 1524 3312 w)
1566 3272 1792 3304 debueramus
1817 3271 1849 3304 3.
1989 3271 2023 3313 x)
2053 3271 2368 3304 communicationis
2391 3267 2422 3301 2.

239 3333 256 3355 5
299 3328 443 3359 vinculis
469 3326 498 3359 3.
617 3328 645 3370 Ζ)
672 3330 845 3361 astrixisse
874 3329 901 3361 1.
1043 3329 1073 3371 a)
1100 3330 1257 3372 predictis
1283 3329 1314 3361 2.
1454 3327 1487 3370 b)
1514 3329 1732 3372 allegandum
1758 3328 1789 3361 3.
1917 3329 1946 3369 c)
1973 3328 2063 3361 deest
2086 3326 2117 3360 4.
2143 3328 2174 3361 5.
2294 3325 2327 3369 d)
2352 3336 2425 3370 per-

240 3391 411 3415 currerent
437 3382 467 3416 2.
563 3390 592 3423 0)
619 3386 708 3417 deest
732 3385 762 3417 3.
857 3384 885 3423 f)
912 3396 950 3418 ac
968 3387 1105 3428 puplica
1122 3387 1257 3419 notione
1275 3386 1355 3418 add.
1374 3385 1405 3418 ἵ).
1500 3387 1532 3426 ἕ)
1558 3386 1778 3428 procedentes
1798 3384 1837 3424 2;
1867 3386 2102 3428 procedentem
2119 3383 2151 3417 4.
2245 3382 2278 3426 h)
2304 3384 2425 3416 debue-

241 3452 355 3472 ramus
381 3440 416 3472 3:
443 3441 639 3474 deberemus
665 3442 701 3480 4;
728 3443 900 3475 dolvamus
925 3442 955 3475 5.
1072 3441 1095 3483 i)
1123 3443 1213 3475 deest
1236 3442 1266 3474 2.
1384 3441 1418 3483 k)
1445 3443 1637 3475 omnimodo
1663 3454 1730 3474 non
1757 3439 1789 3475 3]
1884 3440 1911 3484 l)
1937 3446 2050 3474 noster
2076 3441 2156 3474 add.
2175 3439 2206 3473 3.
2300 3437 2342 3482 ῃ1)
2367 3439 2424 3472 ini.

242 3509 310 3539 rep.
337 3496 366 3529 ·2.
485 3503 515 3538 Π,
544 3500 560 3529 ἱ·
591 3498 617 3530 l.
712 3504 743 3541 0)
771 3500 875 3531 nostri
902 3498 932 3531 3.
1049 3502 1080 3538 1¹)
1108 3505 1199 3532 tante
1226 3499 1255 3532 1.
1373 3500 1406 3541 (1)
1432 3499 1615 3542 pontificali
1640 3498 1671 3531 3.
1696 3498 1727 3531 5.
1845 3498 1873 3540 r)
1899 3499 2104 3540 augtoritate
2131 3498 2160 3530 1.

383 3600 413 3640 1)
446 3598 629 3642 Gregorio.
723 3600 758 3642 2)
786 3599 919 3633 Scilicet
946 3599 1074 3632 nuntii.

2444 866 2476 890 10

2448 1203 2479 1229 15

2450 1550 2483 1576 20

2453 1888 2485 1914 25

2457 2230 2490 2256 30

2458 2583 2544 2609 35-

2458 2923 2492 2949 40

2459 3273 2489 3299 45

2459 3600 2492 3627 50
