2558 3970
196 172 275 210 31ss
675 166 911 200 FRIDEfflCl
944 167 985 199 ll.
1010 164 1436 200 s‘oNS'rlTUTIONES.
1488 164 1585 199 1240.
1634 164 1906 198 Numa—231.

196 290 336 323 autem
370 296 422 322 cx
456 281 683 322 discordia.
717 294 797 335 que
831 280 939 321 inter
970 294 1044 320 vos
1075 283 1116 319 et
1148 279 1365 320 dominum
1399 279 1701 333 imperatorem
1734 282 1800 318 est
1830 278 2001 330 oborta,
2034 279 2136 320 talia
2167 280 2379 334 pullulare

197 351 419 391 videantur
452 356 493 390 et
527 350 741 404 principes
765 349 993 390 Alemanie
1026 348 1078 389 de
1108 352 1251 389 vestra
1283 347 1433 389 confisi
1456 346 1685 388 clementia
1715 359 1791 401 pro
1815 346 2031 388 discordia
2053 348 2149 402 ipsa
2172 348 2382 403 sopienda

196 419 370 459 fratrem
410 417 457 457 O.
497 418 536 457 in
577 419 827 472 magistrum
876 416 1025 457 domus
1067 416 1311 471 Hospitalis
1357 419 1504 457 sancte
1544 414 1680 456 Marie
1722 414 2057 456 Teutonieorum
2101 416 2285 458 electum
2328 417 2382 459 ad

197 492 382 527 vestram
415 486 729 527 transmiserint
762 485 1039 540 presentiam,
1073 485 1324 525 estimantes
1357 498 1455 525 eum
1486 483 1618 524 filium
1650 482 1771 523 vobis
1804 483 1846 523 in
1877 483 2046 524 Christo
2081 485 2313 539 specialem
2337 489 2381 526 et

196 564 281 595 tam
314 568 473 609 genere
506 569 632 609 quam
656 555 861 608 religione
887 558 929 594 et
952 567 1118 594 morum
1148 553 1375 593 honestate
1399 552 1659 603 decoratum,
1693 552 1886 606 supplico
1910 565 2005 592 cum
2028 552 2130 607 ipsis
2153 553 2381 595 clementie

198 628 354 665 vestre.
389 624 589 678 quatinus
624 624 761 678 ipsum
796 622 985 677 gratiose
1019 636 1149 677 super
1181 621 1373 676 generali
1406 621 1644 676 principum
1676 624 1718 661 et
1741 620 1872 660 totius
1894 620 2153 662 Alemannie
2175 622 2383 676 petitione

196 691 381 732 audiatis
414 698 456 732 et
488 690 819 732 misericorditer
851 690 1110 732 discordiam
1144 689 1434 745 supradictam
1468 689 1598 743 sopiri
1628 689 1790 740 sinatis,
1824 689 2076 743 petitionem
2099 690 2220 731 vobis
2245 695 2384 732 trans-

196 761 369 800 missam
404 765 445 801 et
479 761 667 800 omnium
701 759 889 800 fidelium
923 758 1084 800 Christi
1118 759 1469 814 deprecationem
1502 757 1800 798 exaudientes.
1863 756 2002 812 Super
2034 771 2115 813 quo
2149 762 2192 800 et
2213 759 2383 801 domino

197 829 446 883 imperatori
480 843 574 869 cum
618 829 882 884 principibus
917 829 1074 869 ceteris
1107 829 1274 869 litteras
1308 827 1545 878 transmisi,
1585 825 1893 867 commonendo
1926 829 1968 867 et
1999 826 2212 880 rogando,
2253 831 2300 869 ut
2331 827 2385 870 ad

196 898 332 952 ipsam
366 896 622 938 discordiam
656 897 994 952 extinguendam
1027 897 1158 951 digna
1189 897 1421 938 devotione
1455 910 1501 937 se
1535 899 1656 937 curet
1687 895 1904 935 inclinare.

526 1067 628 1110 230.
668 1068 967 1110 EPISTOLA
1011 1067 1270 1109 OTTONIS
1305 1066 1495 1109 DUGIS
1531 1066 2064 1110 BRUNSWIGENSIS.

340 1149 796 1191 llue'llard-Bre'lzollcs
826 1148 869 1199 V,
893 1150 989 1188 989.
1050 1148 1243 1198 Bo'lemcr,
1275 1147 1373 1201 Rcy.
1406 1148 1503 1200 imp.
1536 1147 1580 1198 V,
1604 1148 1757 1189 11265.
2030 1147 2101 1201 (P.
2126 1148 2244 1196 336.)

339 1253 502 1293 Littere
541 1252 748 1307 Osttonis)
783 1252 902 1293 ducis
935 1252 988 1293 de
1022 1251 1247 1292 Brunswic
1280 1251 1333 1292 ad
1366 1251 1584 1292 dominum
1617 1265 1773 1306 papam
1806 1265 1937 1306 super
1969 1250 2137 1293 eodem.

342 1321 625 1362 Sanctissimo
659 1322 768 1377 patri
801 1336 850 1362 ac
884 1321 1054 1361 domino
1089 1335 1165 1361 suo
1199 1320 1250 1361 Gr.
1285 1334 1451 1361 summo
1484 1320 1681 1361 Romano
1713 1320 1904 1375 pontifici
1935 1319 2019 1361 Dei
2050 1320 2191 1374 gratia
2223 1318 2272 1361 O.
2298 1318 2387 1360 dux

199 1388 250 1429 de
284 1389 506 1431 Brunswic
541 1396 738 1445 paratum
771 1404 943 1444 semper
975 1404 1069 1430 cum
1104 1389 1250 1430 debita
1280 1389 1526 1430 reverentia
1558 1389 1824 1430 famulatum.

340 1459 519 1513 Antiqui
563 1459 698 1499 hostis
732 1459 921 1499 versutia
963 1463 1123 1499 tantam
1157 1459 1200 1498 in
1234 1473 1279 1499 se
1313 1458 1505 1499 continet
1544 1459 1818 1513 pravitatem,
1863 1458 1974 1499 sicut
2006 1461 2149 1499 vestra
2181 1457 2388 1498 sanctitas

198 1542 282 1568 non
330 1528 513 1582 ignorat,
562 1527 675 1583 quod
719 1532 913 1583 tempore
959 1528 1173 1569 scismatis
1216 1531 1260 1568 et
1299 1526 1613 1568 discordiarum
1657 1526 1852 1567 insidiari
1894 1531 2107 1582 temptare
2150 1527 2310 1582 pariter
2347 1529 2390 1567 et

199 1611 354 1638 nocere
389 1598 612 1638 consuevit
645 1611 694 1638 eo
737 1597 941 1652 amplius,
985 1611 1066 1652 quo
1099 1597 1236 1651 magis
1276 1596 1515 1637 faciliorem
1548 1596 1710 1651 reperit
1741 1595 1903 1636 aditum
1936 1596 2213 1650 malignandi.
2273 1595 2389 1637 Ecce

200 1666 410 1721 siquidem
460 1681 514 1707 ex
556 1666 824 1707 dissensione
867 1669 909 1706 et
951 1665 1244 1706 controversia
1290 1664 1549 1706 excellentie
1590 1669 1731 1705 vestre
1771 1679 1826 1706 ex
1865 1670 1987 1720 parte
2024 1679 2110 1706 una
2156 1669 2198 1707 et
2230 1664 2392 1706 domini

199 1736 331 1776 nostri
364 1735 637 1790 imperatoris
673 1749 727 1775 ex
760 1735 897 1776 altera
930 1738 1218 1775 excreverunt
1240 1734 1324 1774 iam
1349 1738 1392 1775 et
1417 1734 1617 1789 pululant
1643 1738 1762 1774 tanta
1782 1734 1908 1785 mala,
1942 1734 2055 1789 quod
2078 1738 2169 1776 tota
2191 1734 2388 1776 christia-

199 1805 309 1845 nitas
342 1805 384 1844 in
417 1805 617 1844 continuo
641 1817 807 1844 merore
831 1803 971 1858 posita
1004 1802 1159 1843 exinde
1183 1802 1391 1857 affligitur
1413 1803 1590 1844 nimium
1613 1806 1656 1844 et
1678 1803 1894 1851 turbatum
1928 1808 1970 1844 et
1992 1817 2092 1845 vere
2114 1803 2391 1844 metuendum

201 1878 285 1914 est.
319 1872 430 1927 quod
464 1873 543 1913 nisi
575 1872 718 1913 divina
749 1872 887 1927 pietas
921 1871 974 1912 ad
1006 1872 1166 1913 bonum
1200 1872 1318 1927 pacis
1351 1876 1394 1913 et
1427 1871 1656 1914 concordie
1690 1873 1879 1914 breviter
1910 1872 2215 1927 interposuerit
2246 1875 2391 1928 partes

2423 910 2455 934 10

2425 1401 2457 1426 15

2427 1745 2460 1770 20

199 1956 311 1984 suas.
345 1941 515 1982 duriora
548 1941 768 1996 preteritis
800 1941 924 1981 malis
958 1941 1070 1982 mala
1102 1945 1144 1982 et
1174 1942 1323 1997 peiora
1345 1940 1531 1983 debeant
1560 1941 1774 1997 prioribus
1798 1942 1985 1983 evenire.
2036 1941 2143 1983 Inde
2167 1946 2245 1994 est,
2279 1940 2392 1996 quod
2429 1968 2432 1971 -

198 2011 486 2066 supplicamus
534 2010 740 2052 attentius
795 2011 1037 2052 reverentie
1083 2014 1227 2052 vestre
1278 2014 1340 2062 et⁷
1393 2011 1435 2051 in
1482 2014 1688 2066 quantum
1733 2010 1797 2051 fas
1845 2014 1910 2052 est
1958 2016 2001 2052 et
2045 2024 2124 2051 nos
2167 2009 2389 2062 audemus,

199 2079 470 2121 clementiam
505 2084 692 2121 vestram
724 2079 933 2120 habemus
965 2079 1225 2134 propensius
1260 2083 1497 2131 exoratam,
1530 2079 1730 2134 quatinus
1757 2078 1898 2120 Deum
1922 2079 2132 2120 habentes
2155 2093 2231 2135 pre
2253 2079 2388 2120 oculis

200 2155 242 2189 et
275 2149 583 2190 necessitatem
617 2149 748 2189 totius
781 2147 898 2189 orbis
931 2147 1160 2190 salubriter
1190 2149 1421 2200 intuentes,
1455 2149 1691 2190 venerabili
1711 2148 1832 2189 fratri
1854 2147 1900 2190 O.
1923 2147 2127 2202 magistro
2150 2147 2391 2203 Hospitalis

201 2224 348 2258 sancte
382 2217 519 2258 Marie
553 2216 700 2258 domus
733 2216 1069 2257 Teutonicorum
1100 2217 1143 2257 in
1174 2216 1412 2259 Ierusalem
1446 2218 1488 2258 in
1520 2221 1665 2258 vestra
1697 2217 1836 2271 gratia
1868 2221 1910 2258 et
1941 2217 2114 2258 licentia
2145 2215 2390 2258 concedatis

200 2287 507 2327 internuntium
551 2291 592 2327 et
633 2285 911 2327 mediatorem
945 2298 1041 2326 esse
1074 2285 1126 2327 de
1161 2286 1468 2341 compositione
1511 2287 1625 2327 inter
1655 2291 1844 2327 vestram
1878 2285 2185 2326 sublimitatem
2218 2289 2261 2326 et
2291 2298 2389 2340 pre-

200 2354 358 2395 dictum
400 2354 617 2395 dominum
656 2355 959 2409 imperatorem
998 2355 1285 2396 amicabiliter
1323 2355 1534 2398 facienda.
1607 2355 1716 2396 Aliis
1758 2355 1871 2396 enim
1911 2354 2176 2410 principibus
2215 2367 2391 2396 securus

201 2438 285 2465 non
328 2428 444 2479 patet
484 2437 685 2465 accessus
729 2423 783 2464 ad
816 2437 890 2464 vos
924 2423 992 2465 vel
1030 2423 1085 2464 ad
1129 2424 1270 2479 ipsum
1308 2424 1387 2466 hoc
1419 2430 1613 2480 tempore
1646 2423 1865 2472 veniendi;
1910 2427 1953 2465 et
1985 2423 2020 2464 si
2052 2422 2227 2464 tandem
2260 2422 2392 2478 aliqui

202 2506 346 2533 corum
389 2507 538 2534 secure
581 2492 635 2533 ad
667 2506 740 2533 vos
781 2497 960 2548 possent
1004 2492 1212 2534 accedere
1244 2494 1313 2534 vel
1344 2493 1399 2534 ad
1441 2494 1602 2549 ipsum,
1645 2493 1770 2535 alteri
1801 2493 1988 2548 partium
2019 2492 2126 2534 forte
2160 2491 2394 2534 redderent

203 2575 247 2602 se
291 2567 533 2616 suspectos:
575 2566 618 2602 et
662 2561 757 2602 ideo
799 2561 1009 2603 mediator
1046 2565 1088 2602 et
1129 2562 1416 2603 internuntius
1459 2563 1599 2617 magis
1642 2561 1821 2604 idoneus
1868 2575 1995 2617 quam
2033 2560 2148 2603 idem
2186 2561 2394 2616 magister

203 2630 354 2670 domus
389 2630 723 2671 Teutonicorum
756 2645 839 2671 non
872 2632 1011 2686 potuit
1043 2646 1153 2673 nunc
1187 2632 1351 2673 haberi.

636 2789 739 2832 231.
778 2791 1082 2833 EPISTOLA
1116 2791 1398 2833 ALBERTI
1426 2791 1614 2833 DUGIS
1643 2791 1968 2834 SAXONIAE.

346 2870 802 2913 Hmllard-Brciholles
832 2871 877 2922 V,
903 2873 997 2915 990.
1059 2872 1252 2922 Bahman
1284 2872 1384 2925 Rey.
1417 2873 1512 2926 imp.
1544 2872 1588 2922 V,
1612 2874 1763 2914 11266.
2037 2870 2107 2924 (P.
2130 2872 2249 2924 336.)

348 2973 511 3015 Littere
545 2974 752 3029 A(lberti)
787 2975 907 3015 ducis
942 2974 1130 3017 Saxonie
1163 2975 1216 3016 ad
1249 2975 1467 3016 dominum
1500 2989 1656 3030 papam
1689 2988 1820 3030 super
1852 2975 2015 3017 eodem.

348 3042 714 3084 Reverentissimo
748 3043 918 3084 domino
953 3058 1028 3085 suo
1062 3048 1105 3084 et
1135 3045 1245 3098 patri
1278 3045 1320 3084 in
1355 3043 1523 3085 Christo
1557 3044 1783 3084 karissimo
1817 3043 1868 3084 Gr.
1902 3047 2175 3084 sacrosancte
2198 3042 2392 3084 Romane

206 3110 384 3151 ecclesie
429 3125 594 3151 summo
635 3112 825 3166 pontifici
858 3112 908 3153 A.
944 3112 1026 3153 Dei
1058 3114 1198 3167 gratia
1230 3112 1318 3153 dux
1351 3112 1542 3153 Saxonie
1581 3126 1675 3153 cum
1710 3112 1918 3167 obsequio
1951 3111 2068 3153 fideli
2101 3111 2318 3152 orationes
2350 3115 2394 3152 et

208 3178 361 3233 pedum
396 3181 541 3220 oscula
575 3180 811 3222 beatorum.

355 3248 461 3289 Cum
495 3264 549 3290 ex
581 3249 809 3300 discordia,
842 3263 922 3303 que
956 3250 1165 3291 intervos
1199 3264 1254 3291 ex
1286 3264 1372 3291 una
1404 3254 1447 3291 et
1469 3249 1686 3291 dominum
1708 3249 2012 3303 imperatorem
2036 3262 2092 3289 ex
2113 3251 2234 3303 parte
2257 3248 2393 3288 altera

207 3317 386 3356 vertitur
432 3322 473 3357 et
518 3317 717 3368 habetur,
762 3322 850 3359 tota
897 3319 952 3359 sit
997 3319 1286 3360 christianitas
1333 3318 1604 3374 perturbata,
1652 3317 1867 3358 sanctitati
1912 3321 2054 3358 vestre
2102 3316 2391 3371 supplicamus

209 3384 434 3425 humiliter.
466 3392 589 3439 pater
622 3390 790 3436 sancte2
824 3387 1024 3440 quatinus
1056 3387 1340 3428 consideratis
1372 3386 1542 3427 casibus
1574 3386 1782 3426 universis
1815 3385 1887 3440 qui
1921 3398 1976 3426 ex
1998 3385 2073 3425 tali
2101 3387 2284 3439 possunt
2304 3382 2391 3423 dis-

210 3452 353 3492 cordia
386 3455 630 3507 provenire2
672 3468 765 3495 cum
800 3456 889 3509 ipso
922 3455 1090 3496 domino
1123 3456 1402 3510 imperatore,
1436 3460 1524 3495 tum
1558 3468 1633 3509 pro
1666 3451 1838 3495 nomine
1870 3452 1971 3493 Iesu
2004 3451 2165 3493 Christi
2197 3456 2286 3492 tum
2316 3464 2391 3506 pro

209 3522 344 3561 nostri
377 3521 568 3575 obsequii
601 3523 858 3570 interventu,
893 3524 1100 3565 accedere
1134 3524 1368 3579 dignemini
1401 3524 1454 3564 ad
1486 3522 1710 3564 concordie
1742 3522 1964 3573 unionem,
1998 3526 2040 3562 et
2072 3521 2248 3562 fratrem
2281 3519 2390 3561 Con-

209 3589 358 3629 radum
400 3589 614 3642 quondam
655 3591 941 3645 lantgravium
983 3592 1261 3634 mediatorem
1294 3593 1405 3633 inter
1433 3606 1508 3633 vos
1543 3592 1730 3633 existere
1763 3590 2038 3646 permittatis;
2080 3590 2160 3631 hoo
2192 3588 2392 3644 precipue

211 3657 500 3707 considerato,
534 3658 646 3712 quod
679 3660 768 3700 sine
802 3673 932 3713 regno
967 3665 1008 3701 et
1041 3661 1281 3702 sacerdotio
1313 3661 1534 3716 prevalere
1567 3645 1651 3701 non
1684 3662 1826 3714 potest
1857 3658 2010 3712 religio
2044 3657 2287 3699 christiana.

2426 2091 2459 2116 25

2429 2431 2462 2458 30

2427 2889 2459 2916 ³5

2427 3265 2461 3290 40

2427 3606 2459 3632 45
