2558 3970
93 906 125 932 10

92 1251 124 1276 15

92 1594 125 1620 2⁰

93 1944 124 1969 25

93 2294 127 2320 ³0

97 2636 128 2662 ³⁵

97 2980 131 3006 40

100 3322 132 3349 45

103 3631 136 3656 50

712 151 953 186 FRIDERICI
981 151 1022 186 ΙΙ.
1050 150 1480 186 CONSTITUTIONES.
1533 151 1631 185 12:20.
1682 151 1744 185 Nr.
1762 153 1817 185 ⁸5.
2288 158 2362 194 100

160 278 379 323 perpetuam
413 274 506 309 vel¹¹¹
548 273 793 318 temporalem
835 275 1060 318 assumptus,
1106 273 1175 307 hoc
1218 276 1392 307 tencatur
1433 272 1638 317 capitulum
1682 273 1890 307 iuramento
1935 276 2090 308 lii-marc.
2159 268 2361 322 Alioquin

160 351 300 394 neque
346 351 421 393 pro
464 335 752 392 potestatibus
794 349 935 390 neque
977 349 1053 390 pro
1087 335 1337 375 consulibus
1378 336 1630 379 habeantur.
1675 350 1907 391 eorumque
1942 337 2180 377 sententias
2215 336 2359 377 dccci·-

160 408 300 449 nimuS
342 410 501 447 extunc
541 405 683 445 irritas
725 409 769 444 et
810 404 975 445 inanes·
1049 404 1112 443 Si¹
1148 422 1233 443 vcro
1275 409 1447 443 dominus
1491 410 1708 454 temporalis
1752 410 1953 454 requisitus
1993 414 2025 444 vt
2069 411 2284 445 amonitus¹¹
2317 412 2363 444 ali

160 480 340 518 ecclesia⁰
381 482 519 515 terram
568 479 697 514 suaml'
735 490 895 524 purgare
942 477 1151 523 neglexerit
1189 478 1235 512 ab
1276 478 1439 512 heretica
1486 473 1719 527 pravitate.
1768 481 1863 527 post
1903 488 2060 514 annum
2104 490 2128 514 a
2168 479 2362 529 tempore

159 544 405 586 monitionis
448 543 645 597 elapsum
689 550 827 582 terram
870 541 1002 596 ipsius
1046 541 1303 595 exponimus
1344 547 1539 581 catholicis
1573 548 1844 592 occupamlam;
1885 548 1947 591 qui
1991 561 2070 582 cam
2104 548 2363 582 exterminatis

159 618 334 654 hereticis
364 617 505 662 absque
537 610 631 652 ullai
663 615 961 652 contradictione
993 615 1210 660 possideant
1242 617 1306 650 ct*¹
1340 615 1375 649 in
1411 615 1493 649 lidci
1523 616 1688 660 piu-itan¹
1712 620 1944 657 conservent,
1978 618 2080 651 salvo
2116 618 2192 651 iurn-
2223 617 2362 651 domiui

159 686 395 734 principaliS‚
429 686 515 721 dum
546 686 657 720 modo
690 696 801 730 super
833 685 902 719 hoc
934 684 1077 719 nullum
1111 686 1251 729 prestet
1286 684 1519 719 obstaculum
1560 697 1626 718 nec
1661 685 1811 729 aliquod
1844 686 2148 730 iuipcdiiucntuiu
2179 690 2362 731 opponat:

161 756 290 792 eadem
334 755 599 790 nichilominus
640 755 722 799 lege
769 756 917 789 servata
962 756 1093 789 contra
1136 766 1198 788 cos
1235 754 1298 797 qui
1338 766 1410 788 non
1453 753 1589 787 hahent
1625 754 1794 788 dominos
1834 755 2069 799 principalcs.
2133 751 2363 789 ‹avalone-⁸²¹

159 827 341 871 preterea,
374 824 663 870 receptatores‘,
706 823 920 859 defensores
953 816 1007 858 eti
1040 824 1206 858 fautores
1244 822 1493 857 hereticorum
1537 816 1779 863 bannimus.
1821 823 1976 857 fimum·
2007 826 2228 866 statuentes,
2264 828 2298 858 ul
2336 825 2362 857 si

160 896 360 940 postquam
390 893 550 938 quilibet
582 893 712 928 talium
748 893 862 928 fuerit
893 891 1281 928 excommunicat-ione
1314 894 1478 933 notatus,
1512 891 1753 926 satisfacere-³
1787 892 2053 937 contempserit
2090 893 2184 927 infra
2215 905 2364 929 annum.

158 965 294 1000 extunc
325 962 407 1008 ipso
439 962 518 998 iure
551 962 599 997 sit
631 963 751 997 factus
784 961 934 996 infamis
967 973 1033 997 nec
1065 961 1110 996 ad
1143 960 1293 1006 publica
1326 961 1449 996 officia
1481 973 1545 995 scu
1577 960 1733 995 consilia
1758 961 1812 995 vel
1847 961 1893 994 ad
1921 961 2112 1005 eligendos
2143 962 2288 1005 aliquos
2321 962 2365 995 ad

156 1032 368 1068 huiusmodi
414 1043 482 1067 nec
523 1031 570 1066 ad
608 1031 867 1066 testimonium
907 1030 1141 1066 admittatur.
1213 1029 1269 1064 Sit
1310 1029 1422 1065 etiam
1470 1029 1718 1071 intestabilis,
1766 1032 1806 1063 ut
1846 1042 1912 1064 nec
1955 1031 2173 1065 testamenti
2212 1030 2364 1064 liberam

156 1103 296 1138 habeat
334 1101 535 1137 factionem
575 1113 642 1136 nee
680 1101 726 1136 ad
759 1101 982 1136 hereditatis
1015 1100 1287 1135 successionem
1320 1099 1486 1134 accedat.
1549 1098 1680 1133 Nullus
1719 1101 1890 1143 preterca
1924 1099 1955 1132 ci
1990 1112 2100 1144 snper
2133 1112 2366 1143 quocumqu«¹

159 1171 322 1217 negotio,
355 1173 414 1206 set
454 1160 546 1216 ipse
573 1170 638 1205 alii
681 1170 905 1215 respondere
946 1171 1112 1215 cogatur.
1183 1168 1288 1210 Quod
1321 1169 1351 1202 si
1391 1170 1487 1203 forte
1520 1168 1629 1202 iudex
1669 1167 1855 1209 extiterit,
1896 1168 1975 1202 cius
2007 1168 2192 1203 sententia
2228 1169 2365 1202 nullam

161 1240 332 1276 obtineat
362 1240 590 1282 firmitatem,
632 1251 700 1275 nec
740 1250 849 1274 cause
891 1239 1015 1283 alique
1048 1238 1095 1273 ad
1127 1238 1205 1273 eius
1238 1237 1470 1272 audientiam
1503 1239 1753 1282 perferantur.
1816 1237 1852 1271 Si
1886 1236 1999 1272 fuerit
2031 1238 2246 1279 advocatus,
2290 1238 2367 1271 cius

157 1309 409 1356 patrocinium
449 1309 665 1344 nullatenus
705 1308 946 1350 admittatur;
991 1307 1021 1342 si
1065 1307 1232 1349 tabellio,
1275 1306 1528 1342 instrumenta
1566 1308 1737 1342 confecta
1777 1318 1843 1351 per
1882 1306 2003 1351 ipsum
2041 1307 2179 1342 nullius
2219 1307 2367 1352 penitus

158 1378 233 1414 sint
262 1378 455 1414 momenti.

301 1443 340 1484 8.
383 1439 599 1496 Navigia³
642 1453 913 1495 quocumque
967 1441 1157 1482 locorum
1206 1440 1496 1495 perveniant‘,
1553 1440 1586 1480 si
1633 1453 1715 1494 quo
1761 1453 1865 1480 casu
1915 1440 2190 1494 contingente
2242 1446 2365 1494 rupta

157 1511 316 1553 fuerint
357 1511 425 1552 vel
467 1509 601 1550 alias¹¹
643 1509 698 1550 ad
739 1514 898 1550 terram
939 1509 1234 1564 perveniantv,
1278 1513 1364 1548 tam
1406 1507 1581 1562 navigia
1624 1509 1717 1562 ipsa
1755 1521 1880 1562 quain
1922 1509 2212 1563 navigantium
2255 1509 2365 1549 bona

160 1580 244 1621 illis
284 1580 453 1634 integre
492 1583 770 1620 reserventur
802 1577 856 1619 ad
889 1592 995 1633 quos
1028 1577 1299 1634 spectabant,
1333 1581 1566 1631 antequam
1600 1577 1817 1631 navigium
1852 1577 2094 1618 huiusmodi
2127 1578 2366 1633 periculum

159 1649 423 1700 incurrisset,
455 1648 629 1690 sublata
660 1648 834 1703 penitus
869 1648 985 1688 omni
1018 1646 1333 1688 consuetudine
1366 1647 1559 1687 locorum
1584 1660 1666 1701 que
1692 1645 1790 1687 huic
1814 1646 2102 1687 adversaturw
2137 1648 2368 1688 sanctioni:

158 1718 239 1760 nisi
270 1718 376 1760 talia
414 1718 500 1759 sint
539 1717 713 1772 navigia
745 1731 827 1772 que
868 1717 1096 1772 piraticam
1139 1720 1375 1758 exerceant
1415 1720 1490 1756 aut
1521 1716 1606 1756 sint
1644 1715 1766 1756 nobis
1810 1716 1875 1756 vel
1919 1716 2166 1756 Christiano
2207 1717 2365 1756 nomini

157 1787 343 1829 inimica.
395 1787 762 1842 Transgressores
794 1791 939 1828 autem
972 1786 1130 1827 huiusx
1164 1790 1308 1826 nostre
1338 1785 1656 1826 constitutionis
1688 1784 1896 1826 bonorum
1929 1784 2223 1840 publicatione
2257 1786 2366 1825 mul-

159 1861 370 1908 ctenturf,
415 1861 482 1898 etZ
525 1857 559 1897 si
603 1871 672 1898 res
714 1856 932 1911 exegerit,
980 1869 1129 1897 eorum
1177 1854 1384 1896 audaciaa
1431 1855 1553 1895 iuxta
1594 1853 1843 1895 mandatum
1877 1859 2072 1895 nostrum
2104 1854 2239 1895 modis
2275 1855 2370 1894 aliis

163 1929 474 1982 compescatur.

302 1997 340 2037 9.
375 1993 601 2036 Omnesb-4
632 1994 848 2050 peregrini
882 1998 925 2034 et
956 1993 1124 2035 advene
1157 1993 1292 2035 libere
1327 1993 1601 2049 hospitentur
1632 1993 1706 2034 ubi
1735 1993 1971 2040 voluerint;
2007 1997 2050 2034 et
2082 1992 2298 2047 hospitati,
2333 1992 2367 2032 si

160 2064 334 2107 testaric
364 2064 592 2115 voluerint,
625 2063 678 2105 de
711 2063 840 2105 rebus
865 2063 953 2104 suis
977 2063 1206 2105 ordinandi
1227 2063 1410 2105 liberam
1434 2063 1626 2105 habeant
1646 2062 1918 2110 facultatem;
1952 2075 2134 2116 quorum
2157 2060 2369 2101 ordinatio

159 2133 414 2175 inconcussa
456 2137 667 2176 servetur.
730 2132 775 2174 Si
809 2147 909 2174 vero
952 2133 1146 2174 intestati
1179 2132 1460 2182 decesserint,
1504 2132 1556 2173 ad
1597 2132 1810 2187 hospitem
1848 2131 1979 2172 nichil
2022 2130 2261 2186 perveniat,
2304 2134 2370 2170 set

160 2202 273 2244 bona
304 2201 525 2258 ipsorumd
556 2215 633 2258 per
663 2216 817 2243 manus
851 2201 1045 2257 episcopi
1078 2201 1161 2243 loci
1195 2200 1423 2243 tradantur
1455 2201 1491 2242 si
1524 2200 1617 2241 fieri
1650 2205 1794 2256 potest
1826 2199 2074 2245 heredibus,
2110 2198 2177 2240 vel
2202 2198 2242 2239 in
2277 2199 2368 2253 pias

162 2285 316 2313 causas
358 2276 605 2326 erogentur.
673 2271 849 2326 Hospes
881 2285 984 2312 vero
1018 2271 1053 2311 si
1086 2270 1245 2326 aliquid
1279 2270 1332 2311 de
1364 2270 1487 2311 bonis
1520 2270 1668 2311 talium
1705 2275 1854 2311 contra
1896 2270 2006 2310 hanc
2040 2273 2232 2309 nostram
2267 2281 2367 2307 con-

162 2341 427 2382 stitutionem
452 2341 665 2390 habuerit,
696 2341 874 2396 triplum
897 2341 1105 2396 episcopo
1130 2341 1346 2392 restituat,
1371 2340 1528 2395 quibus
1552 2340 1713 2380 visum⁰
1736 2339 1867 2380 fuerit
1897 2336 2220 2392 assignandum.
2274 2336 2369 2377 Non

162 2413 361 2455 obstante
391 2414 554 2451 statuto
587 2409 731 2464 aliquo
764 2414 838 2450 aut
860 2409 1176 2451 consuetudine
1211 2423 1289 2450 seu
1323 2409 1453 2450 etiam
1486 2409 1727 2465 privilegio,
1758 2422 1840 2464 que
1875 2408 2085 2448 hactenus
2111 2406 2369 2447 contrarium

161 2480 432 2522 inducebant.
506 2479 552 2520 Si
592 2478 663 2534 qui
703 2483 850 2520 autem
889 2483 1038 2520 contra
1077 2478 1437 2534 presumpserint,
1484 2476 1571 2518 eisf
1609 2477 1662 2518 dc
1705 2477 1834 2518 rebus
1877 2477 1967 2518 suis
2008 2475 2197 2517 testandi
2240 2475 2369 2515 inter-

162 2549 342 2592 dicimus
373 2548 646 2600 facultatem,
686 2552 733 2589 ut
769 2548 812 2588 in
845 2561 896 2590 eo
928 2542 1164 2603 puniantur
1196 2548 1238 2588 in
1271 2561 1354 2602 quo
1388 2547 1681 2603 deliquerunt,
1725 2547 1830 2588 alias
1863 2550 1991 2601 prout
2023 2545 2148 2599 culpe
2183 2543 2367 2599 qualitas

165 2617 364 2674 exegerit
395 2616 647 2674 puniendis.

308 2690 373 2729 10.
406 2685 735 2742 Agricultores⁵
768 2690 812 2726 et
844 2685 959 2727 circa
993 2699 1083 2727 rem
1107 2685 1312 2726 rusticam
1337 2685 1535 2740 occupati
1560 2684 1659 2725 dum
1691 2683 1802 2724 villis
1834 2682 2066 2733 insident¹¹,
2101 2682 2200 2722 dum
2233 2695 2361 2735 agros

163 2756 320 2808 colunt,
353 2755 497 2798 securi
529 2755 615 2796 sint
647 2768 918 2810 quacumque
963 2758 1087 2810 parte
1120 2759 1347 2804 terrarum,
1388 2754 1444 2794 ita
1479 2758 1526 2794 ut
1557 2753 1700 2794 nullus
1733 2753 1978 2794 inveniatur
2012 2756 2098 2791 tam
2132 2750 2291 2794 audax,
2325 2754 2370 2789 ut

163 2824 426 2880 personami,
468 2825 614 2876 boves,
649 2838 852 2879 agrorum
886 2824 1186 2875 instrumenta,
1229 2827 1302 2864 aut
1335 2823 1370 2863 si
1403 2822 1502 2878 quid
1536 2822 1652 2863 aliud
1686 2822 1742 2862 sit
1774 2820 1885 2876 quod
1919 2820 1971 2861 ad
2005 2817 2208 2874 operamk
2242 2818 2368 2858 rusti-

165 2907 314 2936 canam
354 2893 585 2950 pertineat,
628 2893 850 2944 invadere,
894 2892 1070 2949 capere¹
1112 2898 1186 2934 aut
1227 2892 1438 2933 violenter
1477 2891 1648 2932 auferre
1692 2894 1928 2946 presumat.
1999 2887 2042 2929 Si
2087 2888 2181 2942 quis
2226 2892 2369 2927 autem

167 2967 372 3005 statutum
407 2962 654 3004 huiusmodi
676 2977 785 3004 ausu
817 2963 1046 3004 temerario
1070 2962 1231 3003 violare
1260 2961 1591 3017 presumpserit,
1624 2961 1666 3001 in
1689 2959 1975 3015 quadruplum
1999 2958 2146 2998 ablata
2170 2957 2370 2998 restituat

163 3034 241 3072 et'n
262 3031 436 3073 infamie
459 3034 606 3072 notam
627 3030 721 3086 ipso
750 3031 844 3073 iure
869 3031 1074 3083 incurrat,
1109 3030 1321 3086 imperiali
1345 3029 1720 3071 animadversione
1744 3027 2047 3069 nichilominus
2082 3024 2369 3081 puniendus¹¹.

299 3133 359 3169 85.
390 3136 423 3177 ¹¹)
450 3136 598 3168 monitus
624 3135 668 3169 A.
689 3133 762 3168 02.
780 3133 812 3167 3.
953 3135 986 3176 0)
1012 3135 1055 3167 ab
1080 3135 1223 3167 ecclesia
1248 3134 1315 3167 (les.
1337 3134 1365 3169 O
1380 3132 1412 3166 2.
1430 3133 1463 3167 3.
1593 3133 1625 3174 1‘)
1650 3144 1746 3165 suam
1772 3138 1896 3164 terram
1924 3131 1952 3163 0
1967 3130 1997 3163 2.
2015 3130 2046 3163 3.
2167 3135 2199 3171 q)
2229 3136 2265 3161 ut
2288 3130 2314 3160 A
2341 3128 2368 3161 l.

164 3192 192 3234 ¹²)
217 3198 405 3236 receptores
430 3193 463 3225 B
479 3191 537 3226 21).
566 3193 596 3226 0
607 3192 640 3226 2.
657 3191 691 3225 3.
809 3191 836 3234 s)
863 3197 896 3225 ct
920 3193 1113 3225 satisfacere
1141 3193 1170 3224 0
1182 3190 1214 3224 2.
1232 3190 1264 3225 3.
1392 3191 1418 3234 t)
1446 3191 1661 3234 pervenerint
1686 3190 1727 3221 11¹.
1847 3190 1881 3230 Π)
1907 3189 2005 3221 aliter
2026 3186 2147 3220 (12.3.
2244 3192 2274 3225 v)
2302 3198 2370 3229 per-

169 3251 324 3284 venerint
348 3250 381 3283 B
406 3249 438 3283 2.
603 3249 643 3292 w)
681 3251 905 3283 adversantur
929 3250 963 3282 B
988 3249 1017 3282 1.
1044 3248 1106 3283 2a.
1131 3248 1163 3282 3.
1326 3250 1360 3288 x)
1398 3249 1592 3281 huiusmodi
1619 3248 1661 3280 A.
1680 3248 1712 3279 12
1739 3248 1766 3280 1.
1791 3247 1852 3280 21].
2016 3247 2047 3287 5)
2084 3246 2271 3278 multentur
2299 3244 2370 3276 (11.

167 3305 198 3349 ⁸)
221 3312 261 3340 ut
283 3307 316 3339 B
334 3307 362 3340 l.
458 3306 490 3350 ²²)
517 3318 634 3340 eorum
657 3308 803 3341 audacia
828 3309 896 3341 des.
917 3307 946 3341 0
961 3307 992 3341 2.
1010 3307 1042 3340 3.
1137 3305 1169 3349 b)
1196 3318 1275 3340 vero
1302 3306 1383 3340 add.
1403 3306 1476 3339 01.
1586 3306 1614 3346 c)
1642 3310 1767 3338 testare
1794 3304 1824 3336 A
1845 3304 1874 3336 1.
1905 3305 1933 3337 (J
1949 3304 1976 3336 1.
1998 3303 2029 3335 3.
2125 3301 2158 3339 (¹)
2185 3313 2299 3335 eorum
2327 3301 2368 3334 B.

167 3361 198 3406 θ)
222 3364 351 3397 iustum
375 3364 419 3398 A.
440 3363 512 3398 02.
531 3363 564 3400 3.
681 3363 711 3407 f)
738 3365 828 3398 deest
855 3362 930 3398 02.
949 3364 980 3398 3.
1121 3364 1154 3406 8)
1181 3365 1363 3408 puniendis
1390 3364 1432 3396 A.
1455 3362 1527 3396 02.
1544 3362 1576 3395 3.
1718 3361 1752 3405 ¹¹)
1777 3363 1925 3394 resident
1953 3361 1981 3392 A
2004 3361 2040 3402 1;
2073 3361 2151 3393 dum
2179 3361 2296 3392 vincas
2323 3359 2372 3390 in-

167 3421 280 3454 cident
306 3422 335 3455 0
350 3420 380 3455 2.
398 3421 430 3455 3.
523 3421 546 3463 i)
572 3433 733 3466 personas
758 3423 801 3456 Β.
910 3421 943 3464 k)
971 3427 1128 3465 operatus
1155 3422 1186 3454 A
1205 3421 1236 3455 2.
1344 3420 1367 3462 l)
1393 3432 1511 3464 rapere
1537 3420 1579 3453 A.
1601 3418 1674 3452 02.
1769 3418 1812 3460 ¹¹¹)
1839 3420 1928 3452 deest
1947 3419 1975 3450 A
1995 3418 2027 3451 2.
2056 3417 2127 3450 01.
2222 3422 2255 3457 ¹²)
2282 3418 2370 3448 Dat.

168 3488 274 3512 anno
311 3480 522 3513 dominice
558 3481 879 3513 incarnationis
916 3480 1148 3512 millesimo
1185 3479 1485 3511 ducentesimo
1523 3479 1727 3510 vicesimo
1765 3478 1914 3519 primo,
1960 3486 2096 3508 mense
2137 3476 2284 3506 Decem
2299 3474 2370 3513 bri,

168 3535 312 3569 indict.
337 3540 418 3570 nofi
444 3535 644 3579 (indictione
669 3539 729 3571 IX.
749 3537 814 3577 2b;
842 3538 1034 3570 indictionis
1060 3548 1147 3570 none
1173 3535 1264 3569 2ac.
1282 3535 1318 3578 3)
1345 3536 1425 3568 add.
1446 3535 1486 3568 B.

305 3616 339 3660 1)
365 3615 472 3651 Auth.
498 3616 529 3659 I,
546 3621 576 3659 5,
592 3621 634 3650 4:
667 3615 706 3651 Si
732 3627 827 3651 vero.
967 3617 1003 3661 2)
1036 3615 1140 3651 ibid:
1176 3615 1386 3651 Credentes.
1503 3616 1539 3657 3)
1566 3613 1674 3648 Auth.
1701 3612 1762 3655 VI,
1778 3616 1809 3654 2,
1828 3615 1883 3646 18:
1921 3610 2092 3655 Navigia.
2202 3609 2238 3651 4)
2265 3606 2370 3640 Auth.

177 3670 239 3716 VI,
255 3676 306 3716 59,
324 3678 383 3708 10.-
409 3673 543 3708 Omnes
568 3674 768 3718 peregrini.
886 3675 921 3716 ὃ)
948 3674 1059 3709 Auth.
1086 3674 1191 3716 VIII,
1208 3679 1260 3717 16,
1278 3678 1316 3708 8:
1342 3672 1606 3717 Agricultores.
