2558 3970
54 1335 86 1359 10

54 1680 85 1704 15

52 2045 85 2071 20

56 2738 89 2763 30

55 3081 87 3106 35

638 167 877 201 Fltllfflltlvl
907 168 948 200 11.
976 168 1404 203 ooNs'rl'rU'fflOijs.
1458 171 1556 204 1:223.
1606 171 1668 205 Nr.
1687 172 1740 205 98.
1767 172 1820 205 99.
2251 177 2325 213 125

125 280 389 322 Northusam
436 286 478 322 et
522 282 696 336 quidam
739 281 905 324 Hallis.
954 282 1109 323 abinde
1159 298 1241 323 non
1293 285 1448 324 exituri
1492 285 1569 324 nisi
1613 285 1666 324 dv
1707 287 1928 326 voluntate
1970 287 2137 326 comitis
2182 286 2236 327 ll.
2270 286 2324 326 de

125 350 294 391 Zwerin
328 356 370 391 et
403 365 577 392 suorum
610 352 861 392 amicorum.

266 420 422 460 Actum
455 419 568 474 apud
602 419 887 470 Northusmm
921 434 1032 461 anno
1068 421 1375 461 incarnationis
1411 421 1579 462 Domini
1617 423 1915 464 waxlll.
1952 424 2074 464 wll.
2110 423 2205 464 Kal.
2240 427 2323 464 Oc-

125 487 273 535 tobris,
308 488 540 528 indictione
574 488 676 528 Xll.

394 806 487 874 99.
544 802 944 875 FOEDUs
990 805 1047 874 (J
1101 803 1208 874 lM
1254 804 1799 875 11U11)‹)V1(¹‹<›
1852 806 2057 876 Vlll.

760 906 1054 977 REGE
1114 907 1692 978 FRANUIAE.

1075 1033 1216 1080 1293.
1258 1032 1380 1079 Nov.

260 1179 524 1234 Proscrimus
561 1193 580 1219 e
632 1179 669 1232 l)
702 1178 833 1219 codiee
872 1178 1074 1220 tabularii
1115 1177 1311 1218 Parlsini
1342 1178 1407 1219 JJ
1436 1181 1512 1227 230¹,
1555 1177 1627 1229 sol.
1652 1183 1695 1227 δ’,
1734 1177 1806 1217 ‘aba'
1839 1179 2081 1220 inserimini·
2113 1180 2327 1221 Consede-

123 1250 233 1291 ratio
266 1249 541 1305 imperatoris
574 1248 794 1290 Frederici
827 1247 1087 1289 Alemannie
1121 1251 1164 1288 et
1197 1246 1357 1287 domini
1390 1247 1505 1301 regis
1538 1246 1746 1287 Ludovici
1780 1246 1957 1289 Erana:
1991 1249 2162 1289 contulit
2194 1249 2258 1288 ἰ’ίν
2289 1249 2326 1288 (Ι.

121 1318 346 1367 Μοῖίηὶωη
389 1318 431 1372 2)
468 1330 626 1369 paucas
665 1317 854 1358 lectiones
885 1317 1028 1357 varias
1059 1315 1252 1357 editionis
1284 1315 1508 1356 Haillardi
1538 1315 1839 1365 mlnotcwimzcs,
1879 1317 1951 1367 qni
1982 1317 2151 1357 codicem
2186 1318 2328 1358 biblio-

122 1387 257 1429 thecae
289 1386 516 1428 Par-ismae
552 1385 678 1438 fonds
714 1385 909 1437 franfais
939 1387 1063 1434 (3406,
1094 1386 1132 1425 κ2.
1164 1386 1210 1434 2,
1243 1384 1285 1425 Β
1318 1384 1523 1436 (Colbcrt)
1564 1398 1666 1426 sace.
1692 1384 1832 1426 XIII.
1866 1400 1928 1426 αι’.
1961 1386 2172 1435 adhibuit,
2206 1386 2329 1439 layd-

118 1459 251 1497 strum
290 1455 485 1508 Philippi
516 1455 698 1509 Auyusti
742 1455 850 1507 reyc's
885 1469 911 1495 α
958 1454 1044 1494 uiro
1083 1454 1132 1496 cl.
1164 1453 1350 1495 Dulsslc‘
1384 1453 1419 1494 E
1452 1456 1738 1505 mmmpatam
1776 1454 2061 1497 continentem.
2131 1455 2328 1496 Istoaederis

121 1526 244 1567 istius
274 1526 397 1567 verba
428 1527 736 1577 usmpaverunt
762 1523 924 1579 foedus,
962 1523 1071 1576 qnod
1092 1522 1321 1564 Ilemricns
1352 1537 1427 1564 rea:
1457 1537 1496 1565 a.
1522 1524 1645 1563 1:226.
1679 1523 1775 1563 [em.
1803 1526 1853 1562 11
1885 1536 1974 1563 eum
2005 1538 2096 1576 ‘resse
2118 1524 2329 1565 Γνιωιιςὶαν

120 1594 320 1645 condidit,
351 1595 525 1647 itemque
558 1596 695 1646 pacta,
727 1608 832 1646 quae
861 1594 914 1635 ab
945 1594 1034 1645 ipso
1066 1594 1312 1645 imperatore
1342 1607 1382 1636 α.
1409 1594 1530 1635 1:327.
1565 1607 1616 1634 m.
1639 1593 1748 1646 Any.
1781 1596 1818 1633 et
1851 1596 1975 1634 1:232.
2008 1607 2059 1634 m.
2083 1594 2204 1635 ῙΙΙαίο
2234 1608 2324 1634 eum

121 1663 328 1706 Ludovico
358 1664 444 1706 IX.
481 1664 562 1706 icta
593 1666 704 1705 smzt.
737 1688 790 1692 —
824 1662 1272 1705 Haz'llarcl-Bre‘lwlles
1303 1660 1369 1712 II,
1391 1664 1488 1704 462.
1551 1661 1744 1712 Boleneer,
1777 1660 1876 1714 Πομ.
1911 1663 2004 1714 imp.
2034 1662 2076 1713 Γ,
2101 1664 2222 1704 1509.

1971 1730 2041 1782 (P.
2065 1734 2184 1780 2353.)

258 1827 349 1868 Fr.a
381 1825 465 1868 Dei
506 1826 646 1881 gratia.
677 1825 970 1867 Romanorum
1012 1825 1246 1880 imperator
1288 1838 1461 1879 semper
1506 1828 1717 1878 augustus
1750 1828 1791 1864 et
1824 1838 1902 1864 rex
1935 1822 2082 1865 Sicilie
2115 1824 2328 1864 universis

120 1901 369 1952 presentem
400 1897 605 1952 paginam
639 1895 900 1950 inspecturis
935 1895 1136 1936 salutem.
1254 1893 1476 1934 Noveritis
1510 1892 1623 1947 quod
1657 1897 1834 1948 propter
1867 1892 2167 1943 dilectionem„
2201 1906 2328 1947 quam

122 1979 201 2006 nos
235 1970 278 2006 et
309 1966 614 2021 progenitores
647 1965 782 2006 nostri
815 1963 1044 2005 habuimus
1079 1968 1121 2004 et
1152 1962 1362 2003 habemus
1397 1976 1500 2017 erga
1532 1962 1809 2002 karissimum
1841 1962 2026 2002 amicum
2060 1967 2251 2002 nostrum
2287 1969 2329 2002 et

122 2036 299 2076 fratrem
331 2034 599 2076 Ludovicum
633 2034 846 2074 illustrem
880 2046 1029 2088 regem
1062 2032 1329 2073 Francorum
1362 2036 1405 2072 et
1438 2031 1575 2086 ipsius
1608 2031 1909 2086 progenitores
1942 2036 1984 2072 et
2016 2037 2328 2079 antecessorcs‚

120 2104 232 2147 hanc
275 2103 667 2146 confederationem
703 2117 799 2144 cum
833 2101 985 2144 eodem
1009 2115 1113 2156 rege
1138 2101 1249 2142 bona
1271 2100 1356 2142 fide
1380 2100 1582 2141 duximus
1605 2099 1848 2140 iniendam:
1883 2100 1996 2154 quod
2030 2114 2108 2141 nos
2132 2099 2328 2139 homines

120 2174 241 2230 regni
290 2174 357 2215 sui
401 2174 471 2216 vel
519 2173 572 2214 ad
621 2187 802 2228 regnum
852 2185 976 2212 suum
1025 2170 1296 2226 pertinentes
1340 2175 1617 2211 contumaees
1658 2168 1729 2210 etb
1771 2168 1911 2210 eidem
1953 2168 2217 2210 rebellantes
2252 2182 2329 2208 seu

121 2248 346 2285 moventes
391 2256 593 2298 guerram
639 2246 788 2283 contra
829 2241 970 2296 ipsum
1002 2254 1152 2294 regem
1187 2239 1256 2280 vel
1289 2239 1598 2280 forisbannitos
1632 2238 1757 2293 regni
1791 2238 1857 2278 sui
1891 2251 1973 2278 non
2007 2236 2328 2292 receptabimus

121 2326 201 2354 nec
233 2312 448 2368 receptari
481 2310 790 2353 sustinebimus
823 2310 867 2351 in
899 2309 1077 2364 imperio
1102 2313 1262 2359 nostro,
1294 2307 1369 2348 ubi
1398 2311 1663 2363 potestatem
1688 2306 1940 2357 habeamus,
1974 2320 2115 2362 neque
2139 2306 2327 2360 aliquam

124 2381 523 2423 confederationem
557 2394 654 2422 cum
684 2380 745 2421 eis
767 2379 992 2431 faciemus,
1025 2383 1253 2434 postquam
1285 2376 1327 2417 id
1360 2377 1501 2432 ipsum
1535 2376 1588 2417 ab
1622 2375 1774 2418 eedem
1808 2390 1911 2431 rege
1945 2376 2069 2417 nobis
2102 2376 2231 2416 fuerit
2264 2375 2326 2414 in-

121 2451 333 2492 timatum.
395 2450 453 2491 Et
485 2450 598 2491 hane
631 2449 831 2490 similiter
854 2447 1257 2489 confederationem
1281 2446 1387 2487 feeit
1409 2446 1520 2487 bona
1542 2445 1627 2487 fide
1651 2445 1876 2486 nobiscum
1900 2444 2013 2486 idem
2037 2458 2116 2485 rex
2137 2443 2327 2484 Ludovi-

123 2533 217 2560 cus:
251 2519 365 2575 quod
397 2519 594 2560 homines
627 2518 794 2574 imperii
825 2518 961 2559 nostri
997 2517 1062 2557 vel
1095 2516 1365 2571 pertinentes
1399 2514 1452 2557 ad
1487 2515 1714 2569 imperium
1749 2519 1942 2555 nostrum
1976 2518 2251 2555 contumaces
2285 2519 2327 2552 et

121 2588 245 2631 nobis
277 2588 542 2630 rebellantes
577 2601 654 2629 seu
685 2591 912 2629 moventes
945 2585 1071 2627 nobis
1104 2598 1306 2640 guerram
1340 2588 1383 2625 et
1412 2583 1718 2625 forisbannitos
1752 2584 1871 2638 regni
1901 2583 2037 2623 nostri
2065 2596 2151 2623 non
2174 2595 2326 2636 recep-

122 2658 233 2699 tabit
264 2658 334 2699 vel
365 2657 583 2714 receptari
615 2657 838 2712 permittet
870 2655 983 2697 bona
1016 2653 1100 2696 fide
1134 2654 1177 2694 in
1209 2667 1344 2708 regno
1379 2666 1478 2704 suo,
1516 2652 1589 2693 ubi
1622 2656 1883 2707 potestatem
1918 2651 2101 2701 habeat,
2135 2665 2213 2691 nec
2247 2650 2325 2690 ali-

125 2740 252 2782 quam
293 2726 690 2768 confederationem
729 2740 825 2767 eum
868 2726 932 2766 eis
978 2724 1128 2776 faciet,
1162 2727 1393 2778 postquam
1435 2722 1477 2763 id
1518 2722 1655 2777 ipsum
1699 2721 1831 2762 fuerit
1863 2720 2151 2775 significatum
2186 2717 2325 2759 cidem

120 2796 226 2851 regi.
287 2795 356 2837 De
396 2809 499 2851 rege
540 2796 700 2850 Anglie
740 2795 800 2836 sic
842 2794 944 2836 erit:
985 2792 1100 2849 quod
1141 2792 1303 2833 nullam
1345 2805 1440 2833 cum
1473 2804 1524 2832 eo
1567 2790 1774 2831 faciemus
1818 2789 2213 2831 confederationem
2248 2800 2325 2827 nec

121 2879 217 2907 eum
251 2865 486 2908 heredibus
520 2866 608 2906 suis
640 2879 720 2906 nec
753 2879 778 2906 a
809 2863 968 2905 nostris
998 2863 1091 2904 fieri
1122 2862 1450 2917 permittemus,
1483 2860 1747 2915 ubicumque
1789 2857 2054 2914 impediendi
2087 2856 2327 2897 habeamus

119 2938 397 2990 potestatem.
458 2933 584 2975 Hane
623 2939 768 2975 autem
810 2932 1206 2974 confederationem
1246 2930 1550 2986 precepimusc
1590 2935 1633 2970 et
1676 2928 1942 2969 iniunximus
1982 2925 2207 2967 iurandani
2249 2939 2324 2979 pro

121 3003 243 3044 nobis
288 3009 330 3045 et
375 3004 419 3044 in
465 3004 609 3044 anima
654 3008 801 3044 nostra
848 3017 872 3043 a
914 3001 1110 3042 Renaldo
1154 3000 1263 3042 duce
1309 2999 1475 3055 Spoleti
1519 2998 1676 3039 dilecto
1713 2997 1915 3038 familiari
1961 3000 2002 3037 et
2047 2994 2238 3035 Iohanne
2273 2993 2325 3034 de

123 3071 324 3114 Traiecto
357 3073 474 3114 curie
507 3078 652 3114 nostre
684 3072 876 3123 notario,
908 3071 1110 3112 fidelibus
1143 3070 1319 3120 nostris,
1359 3082 1504 3109 eoram
1538 3067 1744 3122 magistro
1786 3063 1985 3106 Simone‘l
2027 3063 2080 3104 de
2114 3062 2325 3103 Domibus

125 3141 282 3182 clerico
316 3147 359 3182 et
390 3140 640 3183 Guillielmo
672 3141 725 3182 de
758 3140 997 3189 Balneolis‚
1032 3139 1135 3180 dicti
1167 3138 1284 3193 regis
1316 3137 1487 3192 legatis.

260 3209 419 3252 Actum
453 3210 689 3262 Cathene⁹,
723 3223 833 3251 anno
866 3208 1177 3250 incarnationis
1210 3206 1426 3248 dominice
1460 3203 1755 3254 MOOXXIII,
1789 3216 1936 3244 mense
1970 3200 2205 3242 Novembr.

259 3323 321 3358 99.
359 3324 390 3366 ²²)
416 3325 610 3359 Fridericus
633 3325 666 3359 2.
807 3324 839 3367 b)
865 3325 920 3357 vel
945 3323 977 3357 2.
1118 3323 1148 3365 c)
1174 3323 1379 3366 precipimus
1404 3320 1436 3353 2.
1577 3318 1610 3361 d)
1636 3320 1715 3352 Sim.
1742 3318 1774 3350 2.
1917 3323 1947 3359 e)
1973 3318 2127 3350 Catbane
2153 3314 2185 3348 2.

260 3415 295 3457 1)
322 3414 526 3459 ‘Gatalofflcc
549 3414 605 3450 des
629 3419 723 3451 actes
747 3414 788 3448 dc
814 3414 1173 3458 Philippe-Auyuste,
1193 3412 1364 3457 pmif'ace'.
