2558 3970
170 177 222 216 96
719 166 957 201 FRIDERICI
984 165 1028 199 II.
1056 161 1486 199 CONSTITUTIONES.
1536 162 1632 196 1220.
1685 161 1746 195 Nr.
1766 161 1819 195 76.

314 290 403 341 tli'Jl
443 293 478 327 Si
511 292 634 335 aliqua
670 287 882 334 pignoratio
924 287 961 320 in
1001 286 1093 319 silva
1136 284 1214 319 lieri
1251 282 1438 324 debuerit,
1481 282 1560 316 sine
1597 281 1798 317 homicidio
1836 283 1915 322 fiat-3
1958 283 1996 315 et
2033 281 2082 322 si,
2121 281 2218 324 quod
2250 280 2358 322 absit,

170 362 408 397 homicidium
440 362 578 395 factum
611 358 732 399 fuerit,
767 368 832 401 pro
855 355 971 389 libero
1004 353 1152 388 homine
1175 353 1446 397 componantur
1475 350 1584 385 solidi
1605 350 1687 384 auri
1709 349 1792 384 CCC
1822 352 1860 385 et
1883 361 1949 394 pro
1973 361 2077 384 servo
2100 349 2137 384 L.
2190 349 2228 384 Si
2249 349 2360 394 plaga

171 433 267 466 facta
301 430 423 466 fuerit.
455 432 498 463 ut
527 439 602 461 nou
632 425 823 465 moriatur,
856 435 922 468 pro
954 423 1070 457 libero
1101 421 1252 456 homine
1284 420 1394 455 solidi
1424 420 1462 462 L,
1494 430 1561 464 pro
1593 430 1699 453 servo
1729 418 1842 453 XXX.

312 491 406 541 <165
444 497 634 531 Statutum
667 495 760 534 est-q,
803 495 844 527 ut
886 486 927 526 in
960 491 1069 526 rebus
1108 492 1321 525 sanctarum
1359 487 1597 523 ecclesiarum
1628 486 1696 522 Dei
1732 486 1856 521 nullus
1894 485 2195 531 pignorationem
2232 485 2358 528 faciat,

170 570 325 612 excepto
369 567 397 600 si
440 578 521 600 cum
559 562 812 598 sacerdotibus
845 571 993 595 causam
1034 559 1189 600 habeat;
1234 560 1272 593 et
1312 559 1399 592 ante
1438 555 1676 601 compellatio
1707 555 1773 589 fiat
1804 554 1917 589 semel
1949 554 2029 589 velr
2058 554 2115 588 bis
2126 568 2134 596 ;
2179 565 2265 589 nam
2296 553 2361 598 qui

169 636 300 671 aliterS
332 632 610 679 presumpserit,
651 631 805 675 duplum
836 630 1046 674 componat,
1089 630 1127 662 et
1159 627 1189 661 si
1220 626 1388 661 nesciens
1422 623 1690 670 pignoraverit,
1733 623 1889 668 prebeat
1920 624 2203 665 sacramentum,
2244 624 2282 658 et
2313 622 2362 657 sit

171 705 313 739 solutus
346 702 554 748 pignusque
586 701 728 734 salvum
759 698 946 733 restituat.

314 763 406 820 (17)
440 769 485 804 Et
519 769 587 803 hoc
620 767 727 803 stetit
758 768 802 802 de
834 767 977 811 capulo,
1010 765 1110 809 quod
1134 758 1424 805 Rivoaltenses‘,
1451 762 1788 802 Metamaucenses,
1817 759 2073 802 Albionenses,
2098 759 2361 801 Torcellenses‚

172 842 440 878 Ᾱιιιίιηιθῐιεεέιι
472 841 636 875 fecerunt
669 841 768 873 retro
800 838 846 872 ab
886 837 993 871 annis
1024 835 1168 870 multis:
1208 834 1373 869 habeant
1404 831 1596 867 licentiam
1628 828 1789 865 faciendi
1821 828 2021 863 secundum
2052 827 2245 872 antiquam
2278 839 2360 862 con-

172 911 416 946 suetudinem.
451 909 526 943 sivo
559 920 624 952 per
655 907 807 942 flumina
839 906 915 940 sive
947 916 1013 949 per
1044 915 1155 938 mare.

313 972 406 1027 (15)
438 977 655 1021 Equilenses
689 988 774 1010 vero
808 973 972 1019 capulari
1005 971 1143 1007 debent
1173 970 1212 1004 in
1243 970 1324 1014 ripa
1357 967 1476 1002 sancti
1508 966 1690 1002 ZenonisV
1722 977 1838 1010 usque
1870 965 1909 999 in
1940 964 2077 999 fossam
2107 963 2363 1000 Metamauriw

171 1053 204 1083 et
247 1047 441 1083 «contionis
486 1045 685 1080 seeundum
729 1041 1035 1078 consuetudinem
1082 1051 1228 1075 omnem
1266 1038 1436 1072 arborem
1474 1038 1511 1071 et
1555 1037 1716 1081 vegei-eX
1750 1042 1842 1069 cum
1879 1044 1982 1068 carro
2025 1034 2092 1068 aut
2129 1033 2176 1067 ad
2216 1032 2362 1075 collum,

172 1118 352 1160 quantum
385 1114 454 1148 sibi
487 1111 685 1157 placuerit:
719 1114 755 1145 et
787 1110 951 1145 habeant
982 1108 1174 1143 licentiam
1206 1107 1365 1151 pecudes
1397 1105 1435 1139 in
1467 1104 1558 1149 ipsis
1590 1102 1724 1138 finibus
1755 1114 1908 1147 pascere
1940 1102 1997 1137 vel
2028 1100 2210 1147 pabulari.

317 1177 405 1230 &¹¹³3
448 1182 500 1215 De
539 1180 671 1215 finibus
704 1178 876 1213 Civitatis
916 1188 1009 1212 nove
1042 1176 1252 1217 statuimus,
1294 1176 1337 1209 ut
1373 1172 1601 1214 terminatio,
1634 1183 1705 1216 que
1737 1183 1759 1205 a
1790 1172 1957 1216 tempore
1987 1169 2234 1215 Liutprandiy
2265 1169 2363 1215 regis

174 1256 268 1287 faeta
312 1255 363 1286 est
404 1251 502 1285 inter
532 1248 823 1284 Paulucionem‘
865 1247 994 1280 ducem
1036 1247 1073 1279 et
1103 1244 1321 1278 Marcellum
1352 1242 1572 1287 magistrum
1611 1240 1783 1282 militum,
1822 1238 1996 1284 deinceps
2035 1249 2185 1274 manere
2216 1238 2361 1282 debeat,

172 1322 207 1355 id
241 1324 294 1355 est
327 1320 370 1354 de
405 1319 513 1353 Plave
555 1317 692 1352 maiore
731 1328 846 1360 usque
887 1315 925 1348 in
957 1314 1107 1347 Plavem
1140 1312 1292 1353 siccam3
1333 1310 1493 1356 pecudes
1524 1321 1672 1354 quoque
1705 1310 1743 1343 et
1772 1319 1905 1353 greges
1937 1319 2019 1342 cum
2051 1306 2252 1342 securitate
2282 1318 2363 1352 pas-

173 1402 253 1425 cere
285 1389 432 1424 debent.

317 1451 406 1504 (20)
440 1454 639 1500 Caprulani
672 1464 758 1488 vero
790 1453 829 1486 in
861 1452 953 1486 silva
986 1451 1234 1492 Foroiuliana,
1267 1449 1331 1484 ubi
1362 1459 1507 1493 semper
1538 1446 1819 1491 capulaverunt,
1852 1445 2026 1490 capulare
2059 1444 2231 1480 debeant.

317 1517 410 1567 (21)
442 1523 621 1559 Similiter
662 1521 869 1557 Gradenses
910 1519 1111 1555 secundum
1156 1518 1350 1562 antiquam
1396 1515 1702 1552 consuetudinem
1743 1514 1781 1549 in
1829 1513 1931 1548 silvis
1972 1512 2151 1549 Foroiulii
2193 1513 2366 1558 capulum

175 1595 324 1630 saciant.

315 1656 408 1711 (223
448 1662 714 1697 confirmamus
756 1665 924 1708 quoque
959 1657 1174 1698 Lauretum,
1218 1658 1258 1690 ut
1300 1656 1482 1699 quantum
1521 1664 1618 1697 aqua
1659 1652 1756 1686 salsa
1795 1650 1973 1692 continet,
2016 1661 2141 1686 eorum
2174 1649 2367 1685 subiaceat

175 1731 366 1777 potestati.

318 1792 411 1847 [23]
450 1797 495 1832 Et
535 1797 657 1831 nullus
696 1796 867 1840 princeps
910 1794 967 1829 vel
1006 1805 1148 1838 pauper
1179 1793 1342 1836 aliquem
1375 1791 1637 1826 Veneticorum
1669 1789 1892 1834 distringere
1924 1790 1989 1822 aut
2019 1787 2140 1833 legem
2170 1787 2292 1822 faeere
2323 1786 2367 1821 dc

174 1869 298 1912 aliqua
330 1867 457 1902 habita
492 1864 700 1900 substantia
734 1865 797 1898 aut
830 1863 875 1897 ad
906 1863 1089 1908 placitum
1110 1863 1254 1904 ducere,
1287 1861 1358 1896 nisi
1388 1861 1426 1895 in
1448 1859 1639 1905 presentia
1660 1859 1809 1893 illorum
1831 1857 1945 1900 ducis,
1979 1858 2044 1892 aut
2065 1856 2209 1892 fodrum
2233 1855 2366 1891 tollere

171 1938 215 1972 ‹le
248 1937 395 1971 illorum
428 1935 547 1976 terris,
581 1945 651 1978 que
683 1933 721 1967 in
752 1934 880 1967 nostro
909 1934 996 1966 sunt
1025 1930 1183 1976 imperio
1207 1928 1276 1964 (31:³¹
1307 1937 1454 1977 regno,
1488 1930 1554 1963 aut
1583 1928 1748 1963 bannum
1780 1926 1931 1962 mittere
1963 1927 2040 1961 tam
2071 1924 2230 1960 dominis
2261 1923 2364 1959 habi—

171 2005 338 2041 tantibus
370 2005 406 2038 in
440 2002 599 2037 Venetia
630 2012 740 2045 quam
774 2001 817 2035 de
848 2000 996 2035 illorum
1027 1999 1240 2034 hominibus
1262 1998 1485 2042 ubicumque
1513 1996 1772 2031 habitantibus
1800 1994 1987 2030 iusticiam
2009 1994 2174 2039 aliquam
2199 1992 2367 2038 accipere

172 2077 372 2121 presumat.
406 2072 477 2107 nisi
509 2072 547 2105 in
580 2070 770 2115 presentia
802 2069 1035 2104 dominorum
1068 2080 1229 2103 suorum.

314 2135 408 2190 (245
447 2140 723 2180 Confirmamus,
765 2140 804 2172 ut
844 2149 929 2182 pars
968 2137 1066 2182 parti
1098 2137 1142 2172 de
1174 2137 1294 2171 causis
1326 2135 1565 2171 ecclesiarum
1597 2131 1640 2170 et
1670 2133 1979 2169 monasteriorum
2015 2132 2227 2169 omnimodo
2259 2132 2364 2168 iusti-

174 2212 264 2246 tiam
297 2211 420 2246 faciat.

315 2272 407 2327 (25)
440 2278 638 2318 Yolumm,
682 2279 721 2310 ut
762 2287 828 2321 pro
866 2286 939 2310 una
974 2275 1067 2309 libra
1103 2275 1337 2310 denariorum
1380 2274 1439 2309 vel
1474 2285 1547 2309 uno
1580 2273 1728 2309 homine
1768 2267 2078 2314 sacramentmub,
2120 2273 2158 2307 ct
2189 2271 2219 2306 si
2249 2283 2366 2316 usque

173 2348 217 2382 ml
257 2348 320 2382 ΧΗ
367 2347 480 2381 libras
521 2345 758 2380 denariorum
790 2344 1053 2379 Veneticorum
1090 2344 1158 2377 XII
1199 2343 1309 2378 electi
1350 2342 1533 2377 iuratores
1573 2342 1774 2383 addantur;
1820 2353 1907 2376 nam
1949 2341 1980 2375 si
2018 2341 2118 2376 ultra
2147 2340 2216 2375 XII
2253 2339 2367 2375 libras

173 2417 319 2460 questio
352 2418 448 2450 facta
482 2414 605 2455 fuerit,
638 2414 821 2448 iuratores
852 2413 952 2447 ultra
983 2413 1049 2447 XII
1083 2424 1158 2447 non
1189 2412 1379 2447 accedant.

321 2478 414 2521 (in')
447 2483 652 2518 Statuimus
685 2482 798 2516 etiam
829 2482 873 2516 (le
906 2480 1134 2526 pignoribus,
1176 2492 1246 2524 que
1278 2479 1377 2514 inter
1406 2481 1532 2524 partes
1564 2480 1666 2514 facta
1696 2478 1845 2519 fuerint,
1878 2481 1930 2521 ut,
1963 2478 1994 2513 si
2025 2489 2099 2523 qua
2129 2479 2173 2514 de
2201 2478 2253 2514 eis
2283 2489 2366 2514 con-

173 2553 292 2587 tentio
325 2555 406 2587 orta
439 2551 560 2592 fuerit,
594 2550 649 2584 illi
681 2550 868 2585 tribuatur
900 2549 1096 2584 arbitrium
1127 2549 1284 2590 iurandi,
1317 2548 1380 2592 qui
1412 2547 1546 2593 pignus
1579 2547 1764 2590 habuerit,
1799 2547 1870 2582 soli
1901 2547 1980 2582 sine
2013 2547 2151 2582 electis.

318 2614 410 2669 (27)
444 2621 495 2655 De
529 2619 763 2655 cautionibus
796 2630 882 2654 vero
915 2618 1028 2653 simili
1058 2618 1167 2653 modo
1200 2619 1344 2663 agatur.

318 2683 409 2727 (28)
444 2688 617 2723 Promisit
658 2690 810 2722 cunctus
853 2688 1008 2722 ducatus
1048 2687 1307 2721 Veneticorun]
1348 2685 1455 2721 nobis
1488 2687 1525 2720 et
1556 2684 1829 2720 successoribus
1868 2684 2005 2720 nostris
2045 2697 2112 2729 pro
2144 2684 2252 2719 huius
2284 2696 2366 2730 pac-

175 2758 287 2793 tionis
326 2758 447 2792 federe
488 2756 700 2791 annualiter
739 2756 838 2791 omni
881 2768 1006 2791 mense
1039 2755 1174 2790 Martio
1214 2755 1424 2800 persolvere
1466 2754 1579 2788 libras
1621 2765 1768 2789 suorum
1810 2753 2046 2789 denariorum
2078 2753 2104 2787 L
2143 2754 2180 2788 et
2211 2752 2367 2788 totidem

176 2827 287 2860 libras
321 2826 460 2871 piperis
494 2827 531 2859 et
562 2837 676 2859 unum
707 2825 872 2869 pallium.

319 2895 355 2929 Si
387 2894 469 2938 quis
501 2893 617 2939 igitur
647 2894 720 2927 dux
754 2894 809 2928 vel
843 2893 1018 2935 marchio,
1049 2904 1181 2935 comes,
1214 2892 1418 2927 vicecomes
1450 2893 1516 2926 aut
1548 2891 1675 2935 aliqua
1696 2902 1833 2936 magna
1854 2891 1913 2925 vel
1934 2901 2050 2935 parva
2077 2900 2236 2935 persona
2256 2889 2366 2924 huius

176 2968 300 2998 nostre
334 2963 466 3008 regalis
499 2962 634 3007 pagine
659 2962 819 2996 violator
851 2961 1029 2996 extiterit.
1063 2961 1161 3005 quod
1192 2960 1343 3013 minime
1376 2960 1541 2994 futurum
1573 2959 1765 3002 credimus,
1799 2958 1893 2994 sciat
1924 2970 1961 2994 se
1993 2970 2059 3003 pro
2090 2969 2187 3003 pena
2219 2968 2364 3002 compo-

177 3032 332 3066 <iturum
365 3031 443 3065 auri
478 3030 609 3075 optimi
642 3030 753 3064 libras
783 3030 894 3071 mille,
928 3029 1168 3064 medietatem
1201 3030 1286 3063 fisco
1318 3027 1503 3072 imperiali
1535 3029 1572 3062 et
1603 3027 1844 3063 medietatem
1876 3027 1960 3062 duci
1992 3026 2266 3063 Veneticorum.

319 3099 421 3139 Quod
457 3102 492 3132 ut
530 3099 648 3133 verius
681 3099 853 3133 credatur
884 3102 921 3133 ct
952 3098 998 3132 ah
1031 3097 1201 3132 omnibus
1233 3096 1450 3141 diligentius
1483 3096 1709 3137 observetur,
1749 3097 1845 3131 hanc
1875 3096 2051 3141 paginam
2083 3095 2366 3130 corroborantes

179 3168 289 3213 sigilli
324 3167 439 3201 nostri
463 3167 691 3211 inpressione
715 3167 886 3202 iussimus
915 3166 1096 3212 insigniri,
1130 3161 1207 3200 sul)
1231 3159 1476 3200 testimonio
1502 3159 1738 3213 principum
1763 3158 2101 3213 subscriptorum
2124 3162 2167 3199 et
2188 3157 2366 3198 aliorum

181 3230 386 3270 baronum
422 3233 675 3269 nostrorum.
717 3230 883 3270 scilicet
915 3229 1134 3270 Bertoldic
1165 3228 1473 3283 Aquilegensis
1507 3227 1763 3282 patriarche,
1798 3226 1930 3267 Vlrici
1963 3226 2238 3267 Patauiensis
2272 3225 2364 3280 epi-

179 3298 307 3352 scopi,
344 3297 486 3338 Sifridi
510 3298 797 3351 Augustensis
832 3298 1036 3353 episcopi,
1070 3297 1265 3338 Hainrici
1288 3296 1507 3350 Augensis
1542 3295 1727 3346 abbatis,
1762 3294 1907 3336 Iacobi
1939 3294 2127 3349 episcopi
2151 3292 2366 3343 Astensis‚

180 3365 328 3406 Iacobi
362 3365 640 3406 Taurinensis
675 3367 875 3420 episcopi,
918 3365 1090 3406 Iordani
1122 3363 1317 3405 Paduani
1350 3363 1554 3418 episcopi,
1594 3362 1804 3404 Loduuici
1843 3363 2021 3418 palatini
2054 3362 2222 3403 comitis
2255 3361 2367 3402 Reni

318 3489 375 3523 76.
411 3497 441 3529 ‘ly
469 3492 555 3523 enim
584 3491 662 3523 add.
682 3492 713 3523 52’.
808 3497 835 3531 Γ)
861 3497 891 3523 et
917 3491 942 3523 l.
1048 3490 1074 3531 θ’)
1100 3491 1327 3532 supplendum
1344 3496 1391 3524 est
1409 3492 1535 3531 sacere3
1563 3491 1626 3533 cfr.
1647 3490 1788 3523 Pae-amn
1810 3489 1938 3522 Othonis
1956 3489 2010 3521 ΙΙ.
2038 3494 2112 3521 lom.
2133 3488 2164 3529 J,
2182 3500 2219 3530 1).
2236 3490 2279 3520 42
2294 3499 2327 3520 n.
2346 3487 2367 3520 i.

180 3551 203 3577 ¹»
230 3548 439 3580 Rivoltenses
468 3548 494 3579 l.
589 3547 623 3589 Π)
650 3550 904 3580 Ammiaueuses
934 3548 957 3579 1.
1056 3548 1085 3589 v)
1113 3548 1280 3579 Zennonis
1298 3546 1328 3578 2.
1425 3547 1464 3586 w)
1492 3547 1701 3579 Metarnauci
1723 3545 1751 3577 1.
1769 3546 1800 3578 2.
1871 3544 1904 3587 x)
1929 3546 2082 3578 arborem
2107 3555 2249 3587 evegere
2271 3543 2365 3576 1-3,

178 3609 211 3644 5)
239 3605 457 3636 Lintebranrli
488 3605 513 3636 l.
540 3606 570 3636 2.
689 3606 717 3645 2)
744 3606 970 3637 l’aulitiouem
1000 3604 1026 3635 l.
1053 3605 1083 3636 2.
1202 3603 1233 3646 ὃ)
1260 3609 1320 3635 aut
1344 3602 1375 3635 2.
1401 3602 1431 3635 3.
1529 3601 1560 3645 b)
1586 3603 1812 3645 supplendum
1837 3607 1883 3635 est
1907 3603 1983 3640 fiat;
2009 3603 2072 3645 cfr.
2092 3601 2233 3633 Pactum
2258 3600 2364 3634 Hein-

181 3661 241 3691 rici
268 3661 300 3691 Γ.
328 3667 402 3692 toni.
424 3661 453 3701 I,
473 3672 509 3702 p.
532 3665 593 3694 155
613 3674 643 3693 ιι.
663 3675 690 3694 (ι.
810 3666 838 3701 c)
867 3661 1038 3693 Bartholdi
1064 3661 1092 3692 ⁶2.
1121 3660 1152 3692 3.

2398 899 2431 923 10

2401 1239 2431 1264 15

2401 1587 2434 1612 20

2400 1930 2431 1955 25

2403 2278 2436 2302 30

2403 2610 2441 2645 35'

2400 3293 2443 3324 45'

2401 3645 2444 3686 ω’

2481 3879 2506 3970 2⁶0.-
