2558 3970
0 588 9 635 ν-
0 532 4 571 -
0 469 8 517 -Η
0 329 7 452 -ν-«ννν

90 896 123 920 10

95 1239 124 1264 15

92 1583 125 1609 20

92 1928 124 1955 25

94 2273 128 2298 30

95 2617 128 2643 35

95 3005 130 3031 40

687 149 932 184 FRIDERICI
961 150 1003 185 Il.
1031 149 1460 186 CONSTITUTIONES.
1511 151 1608 186 1236.
1659 152 1721 186 Nr.
1739 152 1816 186 201.
2270 156 2343 195 271

156 263 299 306 fecitm
331 263 564 315 offendere,
597 265 799 306 auferens
832 264 922 305 eis¹¹
955 265 1046 305 iura
1079 270 1121 305 et
1155 266 1370 315 redditus.
1405 280 1513 321 quos
1550 267 1589 306 in
1625 267 1798 307 Austric
1833 272 1875 306 et
1909 267 2065 307 Stirie⁰
2098 266 2354 308 ducatibus—¹·

159 331 454 388 possidebant.
516 332 586 374 Ad
627 334 748 374 cuius
786 333 997 373 ulcionem
1041 338 1159 374 tanta
1199 336 1331 375 moles
1375 336 1614 390 principum
1662 336 1873 380 irruisset.
1917 336 1995 376 nisi
2042 335 2155 390 quod
2199 351 2350 391 pacem

159 401 327 456 imperii
359 401 533 442 turbare
566 402 750 447 vitantes
783 401 904 441 nobis
937 406 979 441 et
1012 402 1191 456 imperio
1224 402 1491 448 detulerunt,
1537 418 1637 458 sepe
1671 418 1812 443 coram
1847 404 1969 444 nobis
2003 419 2078 459 per
2111 405 2278 446 litteras
2312 410 2355 445 et

158 469 338 510 nuncios
387 469 703 524 querimonias‘¹
751 469 1032 524 deponentes.
1162 471 1229 525 (7)
1276 471 1431 511 Delatc
1475 477 1571 512 sunt
1605 472 1739 512 ceiam
1773 474 1949 526 querele
1986 473 2241 528 multiplices
2278 488 2353 529 pro

158 542 280 593 parte
314 537 531 578 hominum
564 542 678 580 terre
711 552 801 588 sue,
835 538 948 592 quod
980 537 1189 579 iusticiam
1225 543 1267 579 et
1301 539 1502 579 iudicium
1536 540 1588 580 dc
1623 545 1735 580 terra
1759 555 1833 581 sua
1858 542 2171 595 proscripserat
2194 547 2236 581 et
2260 556 2353 582 eum

157 606 381 661 iniquitate
431 605 553 646 fedus
602 606 740 647 iniens
794 620 968 662 prorsus
1010 607 1230 648 abiecerat
1271 608 1530 662 equitatem,
1576 608 1711 648 viduis
1758 614 1800 649 et
1848 609 2069 663 orphanis,
2112 624 2216 664 quos
2262 611 2350 651 iure

157 675 306 717 fovere
338 674 561 726 debuerat,
594 676 803 717 molestus
826 676 1034 726 existens,
1069 675 1223 716 divites
1247 676 1509 731 opprimens,
1544 677 1798 717 conculeans
1823 691 2035 732 pauperes
2061 684 2102 718 et
2128 678 2354 719 humilians

158 744 343 795 nobiles,
375 743 604 785 destruens
636 744 886 799 populares,
919 743 1105 785 diversis
1139 744 1320 799 flagiciis
1354 745 1572 786 afficiensr
1605 745 1818 795 subditos,
1853 746 2010 786 nullam
2045 746 2251 787 adversus
2284 762 2354 787 eos

159 813 287 855 aliam
335 826 507 853 causam
552 812 738 862 habens,
792 813 874 854 nisi
923 812 1036 868 quod
1084 812 1218 853 credit
1267 813 1349 853 sibi
1399 813 1515 868 pium
1565 826 1659 853 csse
1706 818 1748 854 et
1790 814 1953 854 licitum
1995 814 2194 868 ‹prii-quid
2239 814 2353 854 libet.

160 881 464 922 Ministeriales
497 887 541 922 et
578 881 684 922 alios
717 881 1039 937 impheudatos,
1073 895 1180 936 quos
1214 882 1267 922 ab
1301 882 1480 936 imperio
1515 886 1651 931 tenet,
1691 887 1809 923 tanto
1843 882 2053 936 graviori⁸
2086 883 2355 937 prosequitur

160 950 397 1001 voluntate,
429 954 589 1005 quanto
622 951 664 991 in
697 950 841 992 odium
876 955 1148 992 nostrum‘et
1180 951 1346 1005 imperii
1379 949 1431 991 de
1464 951 1568 1005 ipsis
1602 951 1791 1004 cogiturt
1825 950 2034 992 dubitare.
2144 951 2209 1004 (S)
2244 951 2354 991 Data

161 1018 294 1074 igitur
324 1032 403 1074 per
435 1033 532 1061 eum
565 1019 745 1061 effreniu
782 1019 965 1061 licencia
997 1019 1118 1060 luxui
1152 1023 1195 1061 et
1227 1022 1372 1060 mente
1406 1019 1538 1074 ipsius
1575 1019 1615 1059 in
1649 1033 1817 1060 omnem
1843 1020 1953 1059 vium
1988 1019 2155 1059 malicie
2180 1021 2359 1074 turpiter

160 1087 403 1143 inquinata,
435 1088 617 1130 deflorat
649 1089 837 1143 virgines
870 1093 914 1130 et
949 1089 1052 1130 facit
1084 1103 1109 1130 a
1141 1089 1230 1130 suis
1264 1088 1543 1143 complicibus
1577 1087 1797 1137 deflorari,
1832 1092 2047 1129 matronas
2084 1088 2355 1128 honorabiles

161 1156 430 1208 dehonestat,
465 1158 665 1199 auferens
697 1158 805 1199 filias
838 1158 1031 1213 patribus
1065 1161 1107 1198 et
1140 1158 1242 1198 viris
1274 1171 1351 1212 per
1383 1157 1637 1198 violenciam
1671 1157 1936 1210 coniugatus.
2000 1156 2055 1197 Et
2087 1157 2249 1197 utinam
2276 1156 2356 1196 hiis

165 1230 392 1268 contentus
439 1241 522 1268 non
566 1228 840 1282 excogitaret
880 1228 921 1268 in
963 1232 1131 1282 patrum
1171 1227 1336 1267 animas
1370 1230 1412 1267 et
1444 1226 1649 1274 virorum,
1691 1226 1730 1265 in
1765 1239 1943 1279 quorum
1978 1240 2127 1266 necem
2161 1225 2356 1265 diversas

161 1295 363 1350 speciesv
394 1295 511 1337 necis
544 1300 833 1351 exaggeratw,
880 1296 1036 1351 quibus
1073 1295 1287 1337 trucidetx
1327 1294 1645 1336 miserabiliusy
1678 1294 1944 1335 innocentes.
2007 1294 2116 1334 l’roz
2151 1302 2358 1349 (μωι-ιιιιιἌ

159 1363 366 1405 ineffabili
398 1364 604 1406 malorum
638 1365 808 1406 cumulo
840 1370 955 1407 mota
986 1365 1067 1406 fuit
1099 1378 1201 1420 sepe
1233 1368 1428 1405 nostrc³'
1464 1363 1781 1418 preeminencia
1813 1363 2055 1417 dignitatis:
2090 1368 2154 1403 set
2188 1363 2356 1417 paterni

161 1433 329 1474 servicii
362 1447 576 1475 memores
607 1434 802 1475 volumus
836 1448 931 1475 cum
954 1434 1132 1476 lenitate
1165 1433 1414 1489 procedere,
1449 1432 1721 1474 intendentes
1745 1447 1769 1471 a
1794 1432 1861 1472 via
1884 1433 1996 1472 mala
2021 1433 2154 1472 virum
2183 1432 2357 1486 impium

161 1516 377 1544 revocare.
498 1503 562 1557 (9)
604 1502 880 1559 Quapropter
921 1503 1162 1544 monuimus
1197 1517 1293 1544 eum
1329 1506 1371 1543 ct
1403 1501 1589 1556 benigne
1623 1501 1886 1556 rogavimus,
1932 1506 1978 1540 ut
2011 1500 2061 1541 ad
2097 1501 2356 1554 colloquium

162 1571 369 1626 preterito
411 1572 554 1614 curieb
593 1573 800 1627 preterita
830 1587 955 1627 yeme
990 1572 1195 1613 indictum
1230 1571 1453 1625 Augustc¹
1487 1571 1673 1621 veniret,
1716 1570 1787 1610 ubi
1823 1569 1873 1610 de
1909 1569 2184 1610 restitucione
2219 1575 2355 1609 status

161 1640 227 1681 sui
259 1641 573 1696 comparandac
607 1655 703 1683 cum
734 1641 938 1697 predictis
972 1641 1237 1696 principibus
1270 1645 1312 1681 ct
1344 1639 1515 1681 tecumd
1549 1644 1617 1680 et⁰
1649 1638 1864 1679 abolenda
1905 1638 2079 1678 infamia
2113 1637 2359 1692 supradicta

163 1722 262 1751 eum
293 1709 456 1765 alloqui
500 1714 543 1752 et
574 1724 670 1752 cum
703 1724 753 1751 eo
793 1710 1025 1766 disponere
1060 1709 1334 1757 volebamus3
1378 1709 1551 1764 provisa
1584 1708 1623 1749 ei
1657 1708 1778 1749 iuxta
1812 1706 2139 1761 requisicionem
2175 1711 2217 1747 et
2250 1706 2360 1746 velle

162 1793 287 1820 suum
311 1779 544 1821 securitate
568 1779 804 1821 conductus
827 1779 880 1821 de
906 1779 1102 1835 personis
1121 1793 1224 1833 quas
1248 1782 1290 1818 et
1313 1783 1415 1832 quot
1433 1777 1569 1817 voluit
1592 1777 1855 1831 exegisse0·;
1881 1775 1997 1815 illam
2018 1774 2154 1816 eidem
2179 1775 2358 1826 gratiani

160 1847 417 1889 exhibentes
449 1848 582 1904 quod,
624 1849 724 1904 quia
757 1848 984 1890 dubitabat
1017 1862 1091 1904 pro
1127 1846 1368 1888 huiusmodi
1401 1845 1680 1901 querimoniis
1713 1844 1808 1885 dius
1839 1845 2016 1893 morari,
2057 1844 2360 1899 promisimusss

164 1916 204 1958 ei
245 1931 322 1972 per
361 1918 560 1969 nuncios,
602 1918 716 1972 quod
757 1932 920 1960 moram
961 1922 1003 1959 et
1046 1917 1232 1958 reditum
1266 1915 1319 1957 ad
1353 1929 1474 1956 suam
1507 1914 1858 1969 permitteremus
1893 1915 1983 1954 fieri
2019 1914 2280 1954 voluntatem
2320 1919 2363 1954 ct

163 1985 276 2041 quod
317 2000 416 2028 eum
455 2001 584 2042 super
622 1987 801 2029 obiectis
844 1987 898 2028 ad
939 1987 1148 2027 iusticiam
1196 1985 1446 2026 nullatenus
1480 1997 1754 2037 cogeremus,
1798 1982 1859 2023 si¹¹
1893 1982 2151 2024 deberemus
2186 1982 2362 2022 offensis

163 2055 421 2111 principumi
466 2056 719 2098 satisfacere
767 2071 844 2112 per
890 2070 967 2096 nos
1015 2057 1144 2111 ipsos.
1275 2053 1369 2108 (10)
1402 2051 1572 2093 Deinde
1617 2052 1715 2106 quia
1764 2056 1868 2106 aput
1900 2050 2174 2105 Augustamk
2217 2051 2362 2092 vcnirc

163 2124 320 2177 noluit,
361 2125 723 2180 supplicantibus¹
763 2125 884 2166 nobis
924 2139 999 2180 pro
1038 2124 1230 2165 iteratam
1270 2123 1478 2163 citacione
1520 2134 1597 2161 sua
1628 2119 1787 2160 dilecto
1820 2120 2013 2175 principe
2047 2124 2194 2160 nostro
2232 2134 2362 2160 vene-

165 2193 290 2234 rabili
337 2193 654 2249 Salisburgensi
705 2195 1032 2250 archiepiscopo
1078 2197 1121 2234 et
1162 2192 1256 2233 aliis
1308 2191 1474 2231 nunciis
1521 2190 1610 2230 suis
1657 2192 1728 2229 et¹¹
1772 2188 2119 2243 acceptantibus,
2174 2193 2219 2228 ut
2260 2193 2363 2243 aput

164 2262 447 2318 Hagenowe⁰
487 2263 567 2305 adp
610 2267 801 2305 nostram
846 2263 1143 2320 presenciamq
1181 2260 1420 2308 citareturr,
1470 2258 1725 2299 indiximus⁵
1767 2257 1869 2298 sibit
1913 2257 2097 2298 cundem
2139 2258 2274 2297 locum
2321 2263 2364 2297 et

163 2333 394 2373 terminum
427 2337 745 2389 competentem
758 2334 787 2383 2,
820 2333 861 2373 in
894 2346 976 2387 quo
1008 2335 1114 2386 aput
1147 2330 1433 2385 Hagenoweu
1466 2327 1520 2368 ad
1553 2331 1743 2368 nostram
1771 2327 2038 2381 presenciam
2062 2341 2107 2367 se
2132 2327 2363 2375 conferret,

162 2400 323 2443 ibidem
354 2401 407 2443 de
440 2402 550 2443 bono
583 2406 725 2443 statuv
758 2406 800 2444 et
833 2401 1178 2456 reintegracionc
1210 2399 1324 2440 fame
1349 2411 1424 2438 sue
1446 2397 1678 2452 disponere
1701 2399 2043 2450 proponentcsw.
2135 2396 2229 2449 (11)
2266 2395 2361 2450 Ipse

163 2483 264 2512 vero
298 2485 395 2512 cum
428 2485 513 2512 non
547 2477 697 2527 posset
729 2472 952 2513 vulnerate
985 2469 1257 2512 consciencie
1291 2466 1521 2523 nephanda
1554 2470 1796 2519 contegere,
1833 2465 1914 2506 etsi
1944 2465 2088 2519 sepius
2114 2463 2364 2518 exposuerit

163 2553 209 2581 se
242 2544 492 2592 venturum,
536 2555 708 2597 semper
738 2541 876 2582 illusit
918 2545 960 2581 et
990 2539 1283 2595 patienciamX
1316 2540 1507 2578 nostram
1547 2535 1591 2575 in
1634 2533 1837 2589 superbia
1870 2538 1912 2575 ct
1944 2535 1986 2574 in
2020 2533 2228 2574 abusione
2262 2546 2360 2572 con-

164 2613 405 2665 tempnens,
438 2610 562 2652 datus
594 2612 637 2652 in
659 2625 833 2652 sensum
858 2609 1089 2665 reprobum
1113 2613 1156 2649 et
1178 2607 1351 2663 penitus
1376 2606 1557 2647 effeetus
1579 2604 1786 2658 ingratus,
1821 2603 1935 2657 cepit
1960 2607 2109 2643 contra
2132 2615 2361 2656 personam

163 2683 354 2720 nostram
395 2680 527 2721 verbo
574 2684 618 2721 et
654 2694 784 2735 opere
825 2678 1085 2729 machinari,
1132 2681 1179 2717 ut
1218 2680 1366 2732 preter
1403 2673 1606 2723 insidias,
1654 2686 1758 2728 quas
1798 2671 1840 2711 in
1885 2671 2090 2726 capcione
2123 2671 2196 2710 filii
2231 2670 2362 2710 nostri

163 2748 323 2790 dudum
353 2749 397 2790 in
427 2739 867 2792 itinerey'manifeste
900 2751 1169 2804 paraveratz,
1203 2760 1299 2787 cum
1330 2741 1732 2786 Mediolanensibus
1766 2744 1809 2781 et
1840 2741 1938 2781 aliis
1969 2739 2154 2780 inimicis
2181 2739 2362 2779 nostris*¹

164 2821 315 2859 contra
345 2818 552 2859 honorem
583 2822 774 2859 nostrum
807 2823 850 2859 et
887 2817 1055 2872 imperii
1088 2816 1322 2856 moliretur.
1384 2812 1469 2853 Etb
1502 2811 1702 2866 nequiter
1741 2813 1889 2850 contra
1927 2809 2113 2848 animam
2147 2811 2363 2847 nostramc

165 2887 419 2941 excogitans
451 2888 567 2928 misit
599 2888 776 2928 nuncios
810 2901 911 2927 suos
944 2886 998 2926 ad
1033 2884 1254 2926 Seniorem
1288 2882 1493 2924 Montane
1528 2880 1598 2935 qui
1632 2879 1787 2919 dicitur
1810 2876 2074 2921 Assisinuse.
2109 2876 2362 2929 promittens

300 3001 389 3036 201.
421 3002 464 3045 ¹¹³)
490 3004 723 3047 multiplieiter
747 3003 837 3046 cepit
860 3002 937 3035 2—
953 2999 985 3034 4.
1126 2999 1160 3043 ¹¹)
1186 3000 1216 3032 ei
1242 2996 1355 3030 1—3.
1496 2995 1529 3038 ⁰)
1556 2996 1652 3039 Syrie
1678 2994 1708 3026 1.
1734 2993 1770 3031 33
1810 2993 1922 3025 Sicilie
1948 2990 1979 3024 4.
2121 2993 2152 3028 Ρ)
2177 2990 2307 3022 ducatis
2336 2989 2363 3022 1.

164 3059 197 3102 ⁴1)
222 3061 451 3103 querimonias
476 3061 567 3094 deest
588 3059 688 3094 2—4.
808 3060 837 3102 r)
863 3060 1020 3103 affligens
1045 3057 1078 3091 4.
1190 3057 1217 3098 Β)
1242 3056 1383 3100 gratiori
1411 3053 1441 3087 1.
1536 3053 1562 3095 t)
1589 3053 1743 3096 cogimur
1769 3050 1856 3082 male
1885 3049 1993 3081 Huill.
2088 3048 2120 3087 ¹¹)
2146 3048 2308 3080 effrenata
2332 3045 2363 3078 4.

163 3117 196 3159 v)
220 3130 328 3162 penas
345 3118 377 3152 2.
395 3118 427 3152 3.
521 3118 563 3161 w)
589 3123 751 3162 exagerat
769 3118 799 3151 1.
817 3116 848 3150 3.
867 3116 899 3150 4.
994 3117 1028 3157 x)
1055 3116 1202 3148 trucidat
1225 3113 1326 3146 2-4.
1396 3113 1428 3154 y)
1455 3111 1691 3144 miserabiliter
1708 3107 1807 3142 2-4.
1903 3111 1931 3147 Ζ)
1957 3106 2044 3138 deest
2063 3104 2093 3137 4.
2191 3105 2221 3144 ²)
2248 3116 2314 3146 quo
2334 3104 2363 3136 1.

164 3174 217 3218 ⁸⁵)
241 3181 358 3209 nostra
376 3175 406 3209 1.
425 3175 457 3208 4.
575 3176 608 3218 b)
635 3181 717 3220 pret.
743 3177 836 3209 curie
860 3175 928 3208 des.
946 3172 1063 3207 2—4.
1159 3173 1189 3213 c)
1216 3171 1445 3214 compacauda
1467 3180 1543 3201 eum
1569 3166 1609 3205 2;
1635 3166 1874 3209 compaciando
1900 3175 1976 3196 eum
2002 3162 2042 3201 3;
2070 3162 2305 3205 complacandi
2333 3160 2363 3192 4.

165 3230 198 3276 d)
228 3234 269 3266 de
293 3234 385 3266 omni
409 3232 523 3267 2-4.
663 3233 694 3275 e)
732 3238 766 3266 et
790 3233 881 3266 deest
906 3231 923 3264 1
939 3231 1027 3263 -4.
1169 3228 1220 3271 0⁴⁶)
1246 3229 1393 3271 exigisse
1423 3226 1448 3259 1.
1589 3223 1619 3265 f)
1657 3225 1715 3256 diu
1741 3224 1831 3255 deest
1857 3221 1886 3254 1.
2028 3220 2060 3261 8)
2097 3220 2307 3262 premisimus
2337 3218 2364 3251 l.

164 3288 198 3332 h)
235 3292 264 3323 si
287 3292 488 3324 deberemus
512 3291 580 3325 des.
599 3290 631 3323 2.
655 3290 686 3323 3.
816 3289 840 3332 i)
879 3289 1089 3333 principibus
1113 3287 1146 3319 2.
1171 3286 1201 3319 3.
1320 3283 1355 3327 k)
1389 3289 1573 3327 augustum
1603 3282 1630 3313 l.
1656 3280 1688 3314 4.
1805 3278 1829 3321 l)
1863 3279 1934 3311 loce
1967 3278 2241 3320 supplicantibus
2267 3277 2363 3307 nohis

165 3358 224 3390 pro
248 3346 285 3380 4:
311 3350 402 3391 quod
425 3349 472 3381 in.
611 3348 655 3389 t¹¹)
680 3352 775 3381 tanta
803 3347 831 3379 l.
856 3346 888 3379 4.
1033 3344 1067 3387 n)
1093 3345 1183 3377 (least
1205 3342 1238 3375 4.
1378 3341 1410 3384 0)
1436 3342 1482 3373 sic
1505 3340 1544 3377 3;
1579 3341 1740 3381 hagenow
1766 3336 1804 3377 2;
1837 3339 1972 3379 agauefl
2002 3335 2029 3367 1.
2165 3340 2197 3374 1))
2224 3339 2308 3375 aput
2336 3332 2363 3364 1.

166 3406 198 3447 q)
221 3407 429 3450 provinciam
456 3406 486 3440 1.
602 3405 630 3447 r)
655 3407 760 3439 citare
784 3410 835 3438 ter
866 3405 892 3436 l.
1010 3403 1038 3445 S)
1064 3402 1261 3435 induximus
1290 3399 1317 3431 1.
1343 3398 1375 3430 2.
1494 3397 1519 3438 t)
1545 3397 1609 3429 sihi
1635 3415 1676 3418 -
1703 3399 1948 3436 competentem
1974 3393 2041 3425 des.
2060 3391 2092 3424 4.
2197 3391 2231 3430 υ)
2257 3391 2303 3421 sic
2323 3389 2361 3425 3;

165 3463 333 3506 hagenow
357 3463 394 3504 2;
431 3465 500 3507 hag
527 3463 555 3496 l.
695 3463 727 3502 v)
753 3463 885 3505 imperii
910 3461 991 3493 add.
1008 3459 1040 3492 2.
1065 3459 1097 3492 3.
1238 3457 1278 3499 w)
1312 3460 1536 3500 preponentes
1560 3453 1592 3487 3.
1748 3451 1782 3494 x)
1809 3452 1999 3494 potenciam
2027 3449 2055 3482 1.
2195 3448 2225 3489 y)
2252 3452 2364 3479 nostro

168 3521 249 3553 add.
267 3520 299 3554 2.
323 3521 354 3554 3.
473 3520 504 3564 z)
530 3521 577 3553 sic
601 3519 632 3553 2.
657 3519 678 3553 3
687 3532 695 3559 ;
721 3520 856 3563 paravit
879 3517 921 3557 43
947 3518 1104 3562 provenit
1130 3516 1159 3548 1.
1300 3513 1332 3557 a)
1359 3514 1482 3546 nostris
1507 3512 1597 3544 deest
1624 3510 1653 3543 1.
1771 3508 1803 3550 ¹³)
1829 3511 1870 3542 Et
1896 3509 1985 3541 deest
2011 3507 2040 3540 1.
2161 3505 2191 3546 0)
2217 3509 2362 3536 nostram

100 3580 134 3606 50
166 3589 270 3620 usque
293 3579 469 3611 Assisinus
493 3578 561 3611 des.
581 3577 616 3616 1;
642 3578 760 3610 asinus
785 3575 886 3610 2-4.

307 3668 341 3712 1)
368 3667 494 3701 Mense
521 3666 656 3701 Octobri
681 3669 825 3700 exeunte
848 3677 882 3700 a.
902 3669 992 3699 1235.
1111 3664 1145 3706 2)
1171 3662 1294 3697 Mense
1320 3659 1498 3694 Ianuario
1525 3658 1670 3692 ineunte
1694 3669 1726 3690 a.
1747 3660 1838 3690 1236.
