2558 3970
41 1360 124 1386 Mart.
141 1361 183 1384 31.

201 175 280 213 340
672 168 909 202 FHIDERICI
936 168 980 201 ΙΙ.
1007 164 1435 201 CONSTITUTIONES.
1485 165 1582 199 1244.
1632 165 1695 199 Nr.
1712 165 1903 199 249—251.

201 286 380 341 paretis.
429 283 540 338 quod
585 283 636 324 ad
683 287 911 336 sequentes
956 284 1100 322 nostre
1150 277 1415 320 celsitudinis
1458 278 1604 333 apices
1651 278 1703 318 ad
1751 279 1989 320 sollennem
2030 281 2210 333 curiam,
2262 296 2386 336 quam

202 354 348 394 vobis¹¹
383 358 424 393 ct
456 352 579 392 aliis⁰
610 350 873 406 principibus
906 349 1064 390 nostris
1096 348 1267 390 Veronc
1300 346 1530 388 tenendam
1562 347 1833 398 indiximusv,
1866 353 2010 389 nostro
2034 362 2108 390 vos
2140 352 2386 405 conspectui

201 423 422 464 alacriter‘l
454 421 726 476 presentetis.

276 589 378 632 250.
419 588 795 631 INNOCENTH
820 589 850 629 Ι
856 588 900 629 V.
934 587 1236 630 EPISTOLA
1267 586 1357 628 AD
1388 585 1691 628 LANDGRA
1704 586 1872 629 VIUM
1901 586 2311 631 THURINGIAE.

1121 657 1241 697 1244.
1273 656 1379 709 Apr.
1402 656 1468 695 30.

342 738 496 780 Ecstat
533 739 578 778 in
616 737 800 791 Reyistri
835 739 938 777 tomo
965 736 1002 785 I,
1025 737 1106 775 100
1148 735 1216 777 lib.
1248 734 1284 784 I,
1307 736 1400 785 645,
1443 748 1461 774 c
1498 747 1576 786 quo
1616 734 1744 775 edidit
1774 734 2025 787 Raynaldus
2063 737 2110 777 in
2149 736 2391 778 Annalibus

201 807 480 849 ecelesiasticis
511 821 548 847 a.
574 808 684 848 1:244
713 806 742 860 ἕ
756 806 811 846 21
828 806 853 845 ¹.
894 829 947 834 —
989 803 1230 856 Rodenberq
1259 803 1324 852 ΙΙ,
1346 815 1411 844 ur.
1433 804 1498 843 63.
1550 801 2002 846 Huillard-Bre'hollcs
2030 804 2101 855 VI,
2121 806 2217 848 189.
2278 804 2392 846 Pou-

201 877 292 917 hast
326 878 476 917 11:359.
538 876 697 926 Rerqer
720 876 812 915 (546.
875 873 1070 922 Bbhmcr,
1099 872 1196 925 Req.
1233 872 1327 925 imp.
1359 871 1550 921 147464.
2041 872 2110 925 (P.
2133 875 2249 926 346.)

344 1002 491 1043 Nobili
516 1003 603 1042 viro
638 1035 645 1044 .
672 1035 679 1043 .
713 1000 955 1054 lantgravio
979 998 1225 1052 Thuringie.
1330 997 1389 1038 Ut
1410 1011 1492 1052 que
1516 997 1682 1038 noviter
1703 997 1926 1039 nobiscum
1949 1003 2044 1040 acta
2066 1002 2178 1050 sunt,
2210 1000 2253 1040 in
2275 1003 2393 1041 tuam

203 1082 244 1111 et
277 1071 464 1112 omnium
498 1071 736 1125 principum
760 1069 936 1110 veniant
968 1068 1199 1118 notionem,
1234 1066 1410 1120 dignum
1443 1065 1644 1107 duximus
1677 1066 1890 1117 intimare,
1924 1067 2134 1122 quomodo
2156 1071 2255 1123 post
2276 1072 2390 1110 trac-

203 1147 315 1180 tatus
348 1140 607 1195 multiplices
647 1139 766 1193 pacis
805 1137 928 1178 nobis
961 1141 1003 1178 et
1041 1137 1189 1178 amicis
1225 1135 1408 1177 ecclesie
1446 1135 1712 1176 honorabilis
1746 1140 1789 1177 et
1820 1149 1970 1177 secure
2002 1151 2055 1178 ac
2087 1137 2393 1192 promissiones

203 1210 338 1249 factas
372 1223 395 1249 a
428 1209 618 1263 principe
652 1207 810 1248 divisas
844 1219 919 1261 per
953 1205 1155 1246 articulos
1189 1208 1231 1244 et
1263 1204 1525 1258 conscriptas
1557 1217 1635 1258 per
1666 1204 1840 1245 nuntios
1873 1218 1993 1254 suos,
2034 1205 2224 1246 nobilem
2255 1206 2393 1247 virum

205 1278 400 1318 comitem
442 1276 723 1325 Tolosanum,
766 1274 992 1329 magistros
1033 1273 1210 1314 Petrum
1253 1272 1304 1313 de
1338 1272 1479 1313 Vinea
1520 1277 1562 1313 et
1594 1272 1815 1314 Thadeum
1855 1273 1906 1314 de
1941 1273 2122 1325 Suessa,
2167 1275 2283 1316 curie
2317 1288 2394 1316 sue

205 1345 384 1387 iudices.
431 1346 471 1386 in
505 1345 571 1386 die
607 1359 711 1387 cene
744 1344 917 1385 Domini
956 1343 1150 1398 proxime
1194 1342 1419 1397 preterita,
1463 1341 1738 1397 presentibus
1771 1342 1994 1383 carissimo
2028 1343 2070 1383 in
2104 1342 2274 1384 Christo
2306 1343 2393 1385 filio

204 1419 348 1455 nostro
391 1413 867 1467 Constantinopolitano
908 1412 1167 1467 imperatore
1206 1410 1392 1452 illustri2
1432 1425 1481 1451 ac
1521 1411 1724 1452 fratribus
1768 1412 1946 1463 nostris,
1990 1411 2188 1453 adstante
2221 1425 2390 1467 quoque

204 1484 325 1524 turba
360 1497 445 1523 non
476 1482 645 1523 modica
676 1482 956 1537 prelatorum,
989 1495 1133 1522 coram
1166 1480 1439 1522 senatoribus
1473 1483 1516 1520 et
1546 1479 1740 1521 Romano
1772 1480 1930 1535 populo
1954 1481 2156 1522 universo
2180 1484 2223 1521 et
2243 1481 2392 1522 multis

205 1552 322 1603 aliis,
365 1552 434 1606 qui
476 1551 527 1593 de
567 1551 744 1592 diversis
788 1550 935 1592 mundi
976 1550 1172 1605 partibus
1206 1548 1259 1590 ad
1293 1548 1405 1590 diem
1437 1549 1596 1590 festum
1630 1553 1919 1590 convenerant
1959 1550 2081 1590 iuxta
2111 1562 2297 1601 morem,
2341 1548 2394 1591 de

207 1620 357 1662 stando
390 1621 605 1662 mandatis
639 1621 797 1662 nostris
831 1623 873 1660 et
896 1619 1081 1661 ecclesie
1107 1633 1235 1674 super
1259 1617 1457 1659 omnibus
1481 1617 1686 1669 articulis,
1720 1631 1796 1672 pro
1821 1617 1974 1672 quibus
1997 1632 2073 1673 per
2095 1618 2164 1673 pie
2189 1618 2392 1659 memorie

206 1689 457 1744 Gregorium
501 1703 655 1745 papam
712 1689 1062 1744 predecessorem
1110 1691 1301 1728 nostrum
1345 1686 1425 1727 fuit
1464 1686 1635 1727 vinculo
1682 1687 2138 1728 excommunicationis
2179 1687 2394 1739 astrictus,

205 1773 253 1799 ac
292 1757 508 1814 dampnis,
555 1758 719 1799 iniuriis
761 1762 804 1798 et
847 1757 1024 1798 offensis
1068 1756 1266 1798 ecclesiis
1307 1760 1350 1796 et
1391 1755 1587 1810 personis
1626 1755 1935 1796 ecclesiasticis
1976 1759 2076 1796 ante
2111 1759 2152 1796 et
2184 1759 2280 1811 post
2312 1769 2388 1796 ex-

206 1827 637 1868 communicationem
682 1826 809 1867 illatis
860 1826 1048 1881 prestitit
1091 1824 1263 1880 publice
1307 1824 1613 1875 iuramentum,
1660 1837 1685 1863 a
1723 1837 1804 1878 quo
1842 1838 1926 1865 non
1968 1828 2067 1879 post
2107 1824 2259 1865 multos
2300 1823 2391 1865 dies

207 1896 339 1950 elegit
372 1896 538 1937 resilire
571 1896 712 1950 potius
745 1909 873 1950 quam
906 1908 1077 1950 parere,
1120 1892 1356 1948 adimplere
1392 1892 1504 1947 quod
1542 1892 1622 1933 sibi
1654 1891 1950 1933 mandavimus
1982 1893 2217 1935 renuendo.
2281 1892 2396 1934 Sane

206 1970 251 2005 ut
283 1963 522 2005 devotionis
556 1964 773 2014 affectum,
807 1977 933 2017 quem
966 1976 1069 2017 erga
1091 1961 1331 2002 Romanam
1366 1961 1593 2002 ecclesiam
1626 1960 1789 2002 habere
1812 1960 1981 2013 diceris,
2015 1961 2223 2003 exhibeas
2245 1961 2395 2002 lauda-

207 2033 350 2075 biliter
381 2033 424 2074 in
457 2033 636 2084 effectu,
681 2031 877 2087 expedit,
922 2037 969 2072 ut
1000 2031 1219 2086 negotium
1258 2029 1360 2071 fidei
1391 2043 1466 2085 per
1498 2034 1539 2071 te
1573 2029 1847 2070 laudabiliter
1877 2030 2124 2071 inchoatum
2157 2030 2397 2086 promptius

207 2102 449 2155 exequaris,
482 2106 528 2141 ut
561 2100 717 2142 exinde
751 2100 923 2141 uberior
955 2099 1034 2140 tibi
1067 2103 1232 2140 crescat
1265 2098 1460 2139 cumulus
1494 2098 1741 2139 meritorum
1776 2102 1819 2139 et
1851 2099 2132 2153 apostolicam
2164 2098 2311 2140 sedem
2340 2097 2395 2139 ad

206 2171 519 2211 incrementum
552 2170 615 2210 tui
656 2170 840 2210 nominis
874 2174 916 2210 et
947 2168 1121 2209 honoris
1160 2167 1314 2208 fortius
1355 2167 1516 2208 habeas
1550 2167 1805 2222 obligatam;
1847 2180 1924 2208 nos
1957 2167 2070 2208 enim
2101 2167 2144 2208 in
2175 2167 2395 2222 proposito

208 2239 409 2289 gerimus,
443 2238 554 2292 quod
589 2246 629 2278 te
665 2238 708 2277 in
741 2237 855 2278 dicto
890 2237 1065 2291 negotio
1100 2236 1272 2277 minime
1305 2236 1569 2277 deseramus.

353 2306 452 2346 Dat.
486 2306 703 2357 Lateran,
738 2306 795 2346 ΙΙ.
828 2305 926 2346 Kal.
960 2305 1079 2355 Maii,
1114 2319 1223 2346 anno
1257 2305 1407 2360 primo.

209 2496 311 2539 251.
344 2497 718 2541 MANDATUM
741 2497 1176 2540 IMPERATORIS
1206 2496 1296 2538 DE
1329 2496 1521 2540 CURIA
1552 2496 1717 2539 PJSIS
1737 2496 2058 2538 HABENDA.
2108 2499 2228 2538 1244.
2250 2497 2333 2539 Iul.
2354 2500 2395 2539 7.

353 2577 480 2619 Dedit
521 2578 780 2620 Huillardus
820 2593 870 2620 ex
918 2579 1119 2631 eoecmplo,
1165 2577 1273 2630 quod
1310 2577 1492 2618 Bblmzer
1530 2576 1635 2631 fecit
1669 2590 1689 2618 c
1730 2576 1999 2618 Cleartulario
2045 2579 2174 2618 vetere
2212 2577 2393 2618 civitatis

208 2646 428 2688 Mantuae.
464 2672 515 2677 ——
547 2647 997 2689 Huillacm-Bre‘holles
1027 2646 1098 2697 VI,
1119 2648 1218 2689 200.
1278 2645 1471 2696 Rumam,
1502 2645 1602 2698 Ray.
1633 2645 1729 2696 imp.
1761 2644 1806 2696 V,
1830 2646 1955 2687 3433.
2045 2644 2113 2698 (P.
2136 2644 2277 2695 deest.)

354 2773 601 2814 Fridericus
653 2772 735 2814 Dei
785 2774 931 2828 gracia
974 2772 1265 2814 Romanorum
1311 2772 1543 2826 imperator
1586 2785 1757 2826 semper
1803 2774 2032 2825 augustus,
2077 2769 2313 2812 Ierusalem
2354 2774 2398 2812 et

212 2841 355 2884 Sicilie
396 2856 472 2883 rex
511 2842 736 2896 potestati,
785 2842 963 2883 consilio
1004 2846 1046 2883 et
1087 2841 1297 2882 communi
1330 2840 1528 2892 Mantue,
1578 2839 1777 2881 fidelibus
1819 2840 1926 2890 suis,
1966 2839 2156 2893 graciam
2195 2853 2316 2880 suam
2355 2843 2398 2880 et

211 2911 366 2951 bonam
399 2910 680 2951 voluntatem.

355 2978 462 3020 Cum
496 2992 627 3033 super
659 2978 752 3030 hiis,
792 2992 873 3033 que
907 2993 980 3033 pro
1013 2979 1231 3033 inopinato
1265 2979 1364 3032 quin
1397 2979 1538 3034 potius
1571 2991 1647 3033 pro
1669 2977 1923 3032 inopinabili
1945 2988 2055 3031 pape
2078 2975 2288 3026 discessu,
2321 2973 2393 3029 qui

212 3047 263 3087 ad
296 3047 480 3088 rebelles
512 3047 679 3101 imperii
714 3060 758 3087 se
792 3046 844 3088 de
877 3061 988 3088 novo
1021 3047 1175 3088 dicitur
1206 3046 1498 3099 transtulisse,
1531 3046 1696 3087 noviter
1727 3049 2017 3095 emerserunt,
2050 3049 2092 3084 et
2125 3057 2255 3098 super
2286 3043 2397 3095 aliis,

347 3160 432 3194 249.
464 3167 496 3197 ¹¹1
523 3163 697 3194 vobiscum
716 3161 745 3194 2.
827 3166 859 3203 θ)
885 3162 984 3194 etiam
1011 3160 1115 3201 (deest
1132 3160 1162 3193 4.
1182 3160 1216 3201 ὖ)
1243 3172 1319 3193 cum
1337 3162 1551 3194 Germanis
1568 3159 1670 3194 2—5.
1741 3159 1774 3202 1))
1800 3160 1960 3192 (luximus
1982 3158 2008 3191 l.
2082 3158 2114 3199 q)
2142 3158 2280 3200 ylariter
2297 3155 2396 3190 2—5.

352 3265 384 3306 1)
421 3262 507 3296 Cum
539 3273 652 3297 mense
683 3263 791 3296 quz'o
821 3265 992 3296 tractatus
1025 3262 1068 3296 de
1099 3272 1188 3305 pace
1217 3261 1379 3296 ineunda
1410 3262 1525 3296 clcuuo
1561 3264 1803 3304 assumeretur,
1833 3261 1984 3294 multum
2017 3259 2059 3293 de
2089 3258 2287 3303 coquitione
2319 3258 2396 3292 eius

214 3320 345 3359 faceret
370 3320 513 3363 epistola
534 3331 654 3364 papae
680 3320 764 3355 Iun.
784 3327 803 3354 9
827 3319 924 3362 data,
948 3320 1049 3353 cuius
1073 3323 1174 3353 tenor
1197 3319 1331 3363 inteqer
1355 3330 1531 3362 nusquam
1556 3318 1673 3353 adhuc
1698 3318 1883 3362 apparuit,
1916 3317 2017 3351 cuius
2039 3315 2273 3350 summarium
2298 3313 2398 3349 modo

215 3373 305 3408 dcclii
337 3375 712 3410 Huillard-Brehollcs
737 3376 798 3419 VI,
818 3381 880 3411 199
915 3386 957 3410 em
992 3375 1116 3410 ‘indice
1148 3376 1253 3410 litter.
1281 3376 1405 3410 quoc.
1426 3375 1496 3418 IV,
1529 3374 1629 3420 apud
1658 3368 1782 3409 collect.
1816 3374 1896 3408 diet.
1923 3373 2077 3417 [ΛΡΜ-ιε
2106 3372 2154 3407 du
2189 3372 2300 3415 Theu,
2333 3371 2397 3405 sub

218 3443 311 3464 num.
339 3433 468 3475 epistol.
494 3437 563 3476 735,
589 3434 647 3475 fol.
667 3435 732 3467 115³
758 3434 811 3467 his
836 3433 959 3467 verbis.-
986 3433 1223 3467 Innocentius
1249 3444 1347 3477 papa
1365 3433 1502 3467 Othoni
1528 3431 1706 3467 cardinali
1733 3431 1905 3476 episcopo
1924 3430 2118 3464 Portuensi
2136 3429 2397 3464 auctoritatem

216 3488 355 3522 confert
381 3489 424 3522 de
450 3490 600 3534 negotio
627 3491 727 3534 pacis
753 3502 834 3524 cum
860 3490 1026 3535 principe
1052 3490 1279 3525 tractandae.
1330 3491 1463 3524 Datum
1488 3489 1584 3534 apud
1613 3489 1811 3523 Civitatem
1836 3488 2093 3528 Castellanam,
2120 3486 2162 3521 V.
2182 3486 2266 3520 Idus
2288 3485 2396 3525 Iunii,

217 3556 313 3579 anno
339 3546 574 3589 pontificatus
600 3547 728 3591 primo.
778 3548 851 3582 Nee
876 3548 975 3581 Perta
998 3558 1061 3582 uec
1087 3548 1292 3592 Rodenbery
1316 3558 1380 3581 uec
1404 3548 1533 3591 Ber-yco-
1556 3547 1598 3580 iu
1625 3546 1785 3589 Reyistro
1810 3544 2014 3579 quoeeutii
2038 3544 2106 3578 IV.
2132 3544 2202 3578 tale
2227 3543 2396 3587 scriptum

219 3602 438 3642 inveneram&
468 3604 512 3645 cf.
540 3604 671 3647 Beryer
695 3616 732 3648 p.
753 3610 814 3638 125
845 3615 899 3638 nr.
922 3609 989 3647 736,
1020 3605 1081 3648 qui
1112 3615 1280 3639 uumerus
1303 3604 1458 3648 quadrat
1482 3614 1560 3638 cum
1590 3614 1645 3637 Μ’.
1667 3608 1724 3638 735
1749 3606 1780 3636 et
1804 3603 1892 3645 folio
1911 3608 1968 3636 115
1993 3601 2151 3645 Reyistri.
2203 3599 2250 3642 C'fi
2277 3603 2396 3634 autem

218 3659 377 3703 Bahmer,
407 3659 492 3705 Rey.
520 3661 599 3704 imp.
625 3661 663 3703 V,
684 3661 800 3695 747571.
918 3662 953 3705 2)
980 3661 1164 3696 Balduiuo
1189 3662 1240 3696 ΙΙ.

2430 1076 2462 1100 10

2430 1424 2462 1448 15

2428 1766 2460 1792 20

2432 2109 2464 2135 25

2431 2590 2464 2616 30

2428 2990 2486 3017 35,

2431 3661 2463 3688 45
