2558 3970
132 964 164 988 10

126 1311 158 1335 15

125 1657 159 1682 20

122 2001 154 2026 25

123 2354 157 2379 30

123 2699 156 2724 35

123 3111 158 3136 40

124 3397 157 3422 45

126 3741 160 3766 50

928 212 1017 245 PAX
1050 211 1319 245 BAWARH'A.
1374 211 1469 245 1244.
1523 211 1582 244 Nr.
1603 211 1678 244 127.
2317 214 2398 251 577

343 329 409 367 63.
442 330 524 375 (60.
544 332 685 375 xmx.)
722 326 789 367 l)e
815 326 971 367 schah
985 341 1034 366 ra
1051 340 1125 381 up.
1181 327 1287 366 ltem
1315 326 1587 382 scliahroup¹
1616 326 1674 381 {et
1700 326 1966 381 strazraup}y
1991 327 2152 367 nullum
2179 331 2398 366 auctorem
2437 339 2489 361 ικῑ

201 395 382 440 habeat:
417 394 492 436 sed
527 395 641 451 apud
675 409 800 450 quem
831 395 1235 451 comprehendatur,
1271 395 1401 436 iudex
1425 402 1599 436 contraz
1635 397 1752 436 illum
1779 395 1985 451 procedat
2011 395 2060 450 {si
2093 396 2237 451 priusy
2271 395 2401 436 fuerit

200 464 386 508 infamis:
420 464 513 504 vela
548 465 706 505 tercius
738 465 1001 520 expurgabit
1034 462 1137 520 se]y.

344 535 411 574 64.
444 537 524 582 (61.
545 538 596 582 L.)
629 533 701 574 De
735 534 877 588 vagis
911 538 961 574 et
993 533 1382 588 hystrionibus.
1449 533 1556 574 Item
1592 534 1772 573 clericos
1798 537 2017 573 tonsuram
2045 533 2251 587 laycalem
2277 533 2394 573 defe-

199 605 357 651 rentes,
381 600 586 643 videlicet
604 616 753 657 vagos,
777 607 821 643 et
843 603 972 643 etiam
997 602 1130 642 laicos
1156 602 1373 652 istrionos,
1399 603 1598 643 mulieres
1622 617 1767 643 secum
1793 617 1869 657 per
1894 603 2155 657 provinciam
2177 602 2402 647 (lucentes,

197 674 241 711 et
271 669 490 725 quoslibet
519 670 776 712 ioculatores
810 671 888 712 nisi
922 671 962 711 in
996 684 1074 711 sua
1107 670 1334 725 parrochia
1367 671 1582 711 innat‹›s²¹‘
1618 672 1813 725 ponimus
1848 677 1972 711 extra
2007 685 2171 726 pacem.

339 741 407 780 65.
439 743 521 788 (62.
542 746 596 788 LI,
620 744 667 789 1.)
700 739 772 780 De
807 740 1241 795 pabulatoribus,
1306 740 1414 781 Item
1450 740 1562 781 servi
1597 739 1881 790 dominorum,
1916 741 1986 794 qui
2024 745 2218 796 tempore
2244 741 2398 781 messis
2438 752 2521 773 ωτι.

197 808 387 850 indebite
422 809 562 850 solent
593 809 801 864 pabulare
833 810 902 850 vel
935 809 988 850 de
1018 808 1088 850 die
1123 812 1293 862 segetes
1328 823 1422 849 eum
1458 809 1580 863 equis
1615 808 1839 856 invadere,
1877 823 2008 849 manu
2044 810 2296 849 mutilentur
2329 814 2403 849 aut

196 877 327 919 iudici
361 877 400 917 V
432 877 597 919 talenta
630 878 814 920 solvant.
933 883 1005 927 (121,
1028 883 1078 927 2.)
1112 877 1198 918 Sed
1233 878 1265 917 si
1300 878 1365 917 cui
1396 876 1574 930 legat‹›¹’
1608 876 1772 918 advene
1800 878 1864 917 vel
1892 878 2144 932 provinviali
2171 894 2221 918 ex
2250 879 2400 918 itinere

201 947 446 1002 equitatura
478 947 690 988 defecerit
723 951 766 988 et
799 947 840 987 in
874 946 1218 1002 quibuscumque
1253 946 1360 986 satis
1393 945 1505 986 idem
1538 960 1693 1000 equum
1719 961 1841 986 suum
1874 948 2148 989 recreaverit.
2185 948 2243 987 ita
2267 961 2397 1002 quau-

199 1020 289 1057 tum
322 1016 415 1057 solo
448 1016 559 1072 pede
593 1016 778 1071 inposito
813 1016 1005 1057 incidere
1039 1016 1208 1071 poterit,
1241 1030 1393 1070 pacem
1429 1030 1513 1055 non
1548 1015 1723 1057 violat2.

343 1087 409 1127 66.
443 1090 524 1134 (63.
544 1090 633 1134 Lll.)
671 1085 746 1126 De
789 1085 1144 1141 possessione.
1207 1085 1252 1126 Si
1298 1085 1393 1140 quis
1435 1084 1488 1126 de
1533 1099 1609 1125 sua
1651 1085 1926 1140 possessione
1973 1086 2137 1125 eiectus
2187 1086 2316 1125 fuerit
2362 1090 2401 1124 et

197 1154 446 1196 violentiam
480 1169 576 1196 cum
609 1154 745 1195 tribus
779 1153 960 1209 ydoneis
992 1154 1191 1210 personis
1226 1154 1487 1210 probaverit,
1521 1158 1619 1196 ante
1643 1155 1786 1195 omnia
1820 1155 2038 1209 possessio
2065 1156 2105 1195 in
2132 1170 2251 1195 suam
2277 1155 2400 1195 resti-

197 1227 345 1266 tuatur
376 1227 650 1279 potestatem.

343 1292 426 1349 [67.
459 1298 691 1343 (64.1.111.)c
724 1294 834 1336 Item
868 1294 909 1334 in
943 1294 1191 1335 civitatibus
1224 1293 1296 1348 qui
1328 1294 1471 1333 lumen
1497 1297 1619 1334 nocte
1652 1308 1735 1334 non
1771 1298 1959 1349 portant,
1994 1293 2171 1348 pacem‘'
2207 1294 2397 1349 violant}
2440 1316 2445 1328 ι

337 1365 406 1405 68.
437 1368 519 1412 (65.
537 1368 646 1412 LIII.)
679 1363 754 1404 De
787 1364 964 1404 armis.
1027 1363 1136 1404 Item
1171 1363 1313 1403 nullus
1347 1363 1544 1409 forensis.
1578 1363 1650 1403 tilii
1684 1363 1839 1403 civium
1874 1363 1940 1403 vel
1974 1363 2083 1403 alius
2117 1363 2272 1416 aliquis
2306 1368 2405 1418 post

195 1432 495 1488 crepusculum
528 1432 668 1473 noctis
703 1433 743 1473 in
777 1433 883 1474 vicis
917 1433 1102 1473 civitatis
1136 1431 1327 1487 gladium
1363 1432 1429 1473 vel
1463 1432 1627 1487 aliquid
1665 1432 1818 1473 hostile
1852 1432 2033 1481 deferat,
2069 1436 2215 1487 preter
2237 1437 2399 1472 eertum

193 1502 408 1559 hospitem
443 1502 510 1543 vel
545 1502 738 1553 militem,
772 1503 843 1558 qui
878 1516 1002 1543 suum
1035 1501 1228 1557 gladium
1261 1515 1387 1543 servo
1414 1501 1638 1542 comitanti
1665 1516 1711 1543 se
1736 1501 1969 1542 contulerit
1990 1500 2299 1547 deferendum;
2333 1502 2402 1542 alii

193 1571 429 1613 violatores
462 1572 580 1627 pacis
614 1571 872 1613 iudicentur.

338 1643 407 1683 69.
439 1645 520 1691 (66.
540 1647 629 1690 LIV,
652 1647 699 1691 1.)
742 1641 817 1683 De
857 1641 1208 1683 vulneribus.
1271 1640 1541 1696 Quicumque
1574 1641 1751 1681 alterius
1785 1641 2096 1695 cuiuscumque
2130 1641 2399 1694 sanguinem.
2439 1660 2463 1678 c.

193 1710 275 1751 nisi
322 1724 367 1751 se
410 1709 707 1762 defendendo,
756 1711 888 1752 infra⁰
932 1725 1084 1766 pacem
1132 1710 1354 1760 effuderit,
1401 1710 1439 1750 V
1473 1710 1660 1751 talentas
1703 1711 1843 1752 solvat
1885 1711 1952 1751 vel
1997 1724 2124 1751 manu
2171 1710 2403 1751 mutiletur.

193 1783 299 1828 (LIV,
320 1784 371 1828 2.)
404 1778 580 1820 Manum
606 1793 681 1835 pro
706 1793 846 1830 mann,
880 1780 1110 1821 articulum
1134 1794 1210 1836 pro
1235 1779 1419 1820 articulo
1454 1779 1685 1820 statuimus
1709 1778 2036 1834 amputandum.
2131 1778 2253 1834 [(LlV‚
2276 1785 2326 1828 3.)
2359 1780 2402 1819 Si

193 1849 284 1890 sine
318 1848 506 1890 deffectu
539 1848 719 1890 membri
751 1848 838 1902 fiat,
873 1848 926 1890 de
959 1848 1153 1904 quolibet
1176 1849 1355 1890 vulnere
1381 1848 1519 1889 solvat
1553 1848 1837 1903 conquerenti
1872 1847 1917 1888 II
1949 1847 2082 1889 libras
2098 1855 2130 1900 8,
2165 1847 2293 1889 iudici
2326 1863 2403 1903 per

194 1923 332 1960 totum
365 1917 386 1959 I
416 1918 569 1959 libram
582 1916 663 1974 ΕΚ]11

338 1986 420 2045 [70.
455 1992 535 2037 (66.
555 1993 662 2038 LVI.)
695 1988 739 2030 Si
772 1988 867 2043 quis
909 1988 1038 2029 alium
1085 1986 1357 2042 capillaverit
1396 1987 1462 2028 vel
1504 1986 1556 2028 ad
1600 1987 1820 2028 maxillam
1868 1986 2133 2042 percusserit
2165 1987 2232 2026 vel
2277 1986 2401 2026 aliter

193 2058 285 2099 sine
318 2058 511 2109 vulnere,
544 2058 636 2099 leso
670 2058 690 2098 Ι
723 2058 932 2099 talentum
966 2063 1009 2098 et
1041 2056 1170 2098 iudici
1202 2056 1374 2097 LXXII
1407 2056 1608 2098 denarios
1639 2054 1862 2112 solvat.]¹¹·

291 2149 294 2152 -
338 2128 404 2167 71.
436 2130 608 2175 (67.LV‚
633 2131 680 2176 1.)
722 2125 795 2167 Dc
839 2126 1082 2168 rusticis.
1145 2126 1257 2167 Item
1296 2125 1446 2166 rustici
1478 2139 1574 2166 cum
1619 2125 1718 2166 filiis
1763 2126 1851 2166 suis
1886 2125 2065 2180 capillos
2098 2125 2150 2166 ad
2185 2126 2402 2166 auriculas

192 2209 330 2251 usque
372 2195 609 2250 procidant.
729 2199 817 2245 (LV,
835 2200 886 2245 2.)
919 2194 1140 2236 Thoraces
1172 2195 1241 2236 vel
1284 2195 1473 2250 ysenhut
1504 2194 1573 2236 vel
1605 2194 1772 2235 colliria
1804 2195 1873 2235 vel
1909 2195 2070 2250 juppas
2105 2195 2156 2236 de
2188 2195 2399 2250 pukramo
2438 2209 2523 2231 «κε».

191 2266 260 2306 vel
291 2266 473 2307 cultrum
506 2266 688 2307 latinum
722 2269 796 2307 aut
826 2265 987 2321 aliquid
1019 2269 1267 2307 catenatum
1290 2265 1357 2306 vel
1379 2265 1538 2306 hostile
1562 2289 1615 2294 —
1639 2264 1744 2305 nisii
1775 2264 1968 2319 gladium
1993 2278 2116 2305 suum
2142 2264 2336 2319 hospites
2361 2267 2403 2305 et

192 2349 278 2377 non
309 2335 382 2376 alii
411 2360 458 2364 -
480 2339 581 2376 ante
615 2349 737 2376 suam
769 2335 968 2377 deferant
1000 2335 1231 2377 ecclesiam
1246 2335 1275 2386 ³,
1309 2334 1487 2390 privatis
1511 2334 1662 2376 diebus
1686 2348 1770 2375 non
1795 2334 1910 2376 aliud
1937 2349 2064 2390 quam
2089 2334 2309 2375 stimulum
2336 2334 2401 2373 vel

194 2404 321 2446 reutil
363 2403 572 2446 deferant.
693 2409 781 2454 (LV,
802 2409 852 2454 3.)
886 2404 983 2446 Hec
1024 2408 1170 2446 autem
1215 2404 1359 2445 omnia
1401 2418 1477 2459 pro
1524 2404 1741 2445 communi
1787 2404 2049 2445 necessitate
2092 2404 2312 2459 provincie
2360 2406 2403 2443 et

192 2472 338 2515 iudicii
387 2472 632 2529 exequendi
684 2478 726 2515 et
771 2474 955 2529 patriam
999 2473 1053 2514 ab
1108 2473 1280 2515 incursu
1330 2473 1516 2513 hostium
1561 2472 1846 2525 defendendi,
1890 2473 1925 2513 si
1970 2473 2126 2524 velint,
2170 2473 2210 2513 in
2254 2487 2399 2514 eorum

193 2543 390 2585 domibus
433 2547 668 2585 reservent.
788 2549 877 2593 (LV,
897 2548 949 2593 4.)
991 2542 1133 2585 Itemk
1173 2543 1376 2585 nobiliori
1416 2557 1545 2598 quam
1585 2544 1730 2598 griseo
1764 2547 1807 2585 et
1839 2543 1977 2584 viliori
2020 2542 2239 2598 plabatico
2275 2546 2395 2583 veste

194 2627 278 2654 non
309 2616 498 2664 utantur,
532 2617 575 2655 et
607 2613 754 2654 calciis
786 2613 969 2662 bovinis,
1003 2617 1189 2668 excepto
1222 2613 1294 2667 qui
1317 2612 1514 2653 innatum
1538 2612 1723 2654 alicuius
1747 2612 1909 2653 domini
1933 2612 2122 2653 officium
2146 2612 2399 2653 obtinuerit.

193 2687 281 2732 (LV,
301 2687 352 2732 5.)
383 2682 556 2738 Reliqui
589 2696 686 2723 cum
718 2682 799 2723 hiis
831 2682 1061 2738 prohibitis
1095 2681 1332 2738 spolientur
1364 2682 1543 2734 inventi,
1577 2686 1621 2724 et
1652 2696 1841 2737 persona
1872 2681 2003 2722 iudici
2036 2680 2289 2722 redimenda
2322 2694 2396 2735 pro

193 2751 355 2793 talento
387 2751 607 2793 offeratur.

339 2823 406 2862 72.
439 2825 520 2870 (68.
538 2826 645 2871 LVI.)
678 2820 754 2862 De
788 2821 915 2862 sale.
977 2820 1090 2862 Item
1122 2834 1207 2861 non
1241 2821 1388 2876 sepius
1421 2834 1551 2876 quam
1584 2820 1650 2862 bis
1683 2821 1725 2861 in
1757 2834 1870 2862 anno
1904 2820 1987 2860 nisi
2010 2818 2179 2860 duobus
2204 2819 2246 2859 in
2271 2832 2398 2859 curru

193 2891 315 2946 equis
357 2890 499 2931 fontes
543 2890 643 2930 salis
685 2889 908 2931 accedant.
971 2889 1028 2930 Et
1059 2904 1143 2931 non
1182 2890 1368 2945 amplius
1402 2890 1526 2945 grani
1559 2904 1687 2944 quam
1721 2904 1844 2931 suum
1879 2888 2117 2944 ponderare
2150 2901 2319 2929 currum
2355 2892 2397 2928 et

192 2959 407 3002 theloneis
440 2963 484 3001 et
515 2959 722 3014 expensis
754 2959 866 3000 benc
899 2958 1163 3014 respondere
1197 2972 1344 3000 secum
1377 2959 1590 3000 deferant.

329 3095 417 3132 427·
449 3099 482 3140 y)
506 3109 615 3140 supra
639 3099 698 3131 lin.
725 3098 798 3130 alia
820 3090 916 3140 post.⁴
931 3109 1039 3130 manu
1063 3098 1144 3131 add.
1171 3110 1198 3132 e.
1355 3097 1385 3140 z)
1411 3093 1459 3132 c&
1477 3110 1502 3131 c.
1623 3096 1654 3138 ³⁴)
1687 3097 1785 3139 prius
1809 3096 1973 3138 scriptum
1997 3101 2072 3128 crat
2097 3096 2149 3128 sin
2174 3100 2301 3136 autem,
2328 3095 2397 3127 iam

191 3156 430 3197 oblitteratum,
453 3161 485 3189 et
507 3167 616 3198 supra
640 3156 700 3189 tin.
726 3155 847 3188 addita
872 3161 950 3188 sune
972 3156 1076 3188 verba
1099 3156 1155 3188 vel
1179 3156 1316 3197 tercius,
1343 3156 1391 3188 ica
1415 3161 1452 3188 ut
1475 3168 1566 3188 nunc
1591 3166 1656 3187 vox
1676 3155 1802 3188 tercius
1820 3155 1868 3187 bis
1886 3154 2009 3195 leyitur
2026 3166 2053 3186 c.
2143 3155 2194 3193 ³⁴)
2223 3153 2351 3185 innatis
2369 3165 2395 3185 c.

191 3211 225 3255 b)
250 3211 266 3245 Ῐ
289 3213 396 3255 (vel)?
420 3213 576 3246 additam
599 3213 743 3254 videtur,
767 3212 826 3245 sed
850 3213 994 3246 deletum
1011 3225 1037 3245 c.
1145 3212 1174 3254 c)
1206 3213 1267 3246 hoc
1292 3219 1397 3257 caput
1420 3213 1456 3246 in
1480 3224 1589 3255 mary.
1615 3213 1688 3245 αἰία
1709 3217 1796 3254 post.
1822 3223 1929 3244 manu
1954 3211 2036 3243 add.
2055 3222 2082 3244 c.
2193 3209 2226 3253 d)
2252 3222 2285 3253 p.
2312 3222 2342 3242 v.
2369 3223 2396 3243 c.

193 3270 224 3313 e)
250 3272 370 3305 infra
393 3283 497 3314 usque
521 3272 668 3305 solvat
692 3271 903 3310 oblitterata5
928 3272 958 3302 V
982 3272 1154 3304 talenta
1179 3272 1327 3305 solvat
1350 3272 1492 3314 iusuper
1523 3272 1739 3313 interpzmcta
1763 3275 1860 3307 sunm
1886 3269 1968 3301 haec
1994 3269 2069 3300 sola
2092 3268 2160 3300 tria
2183 3268 2298 3309 verba,
2323 3279 2398 3300 cum

192 3329 341 3371 sequenti
363 3340 440 3362 voce
464 3329 519 3361 vel
543 3340 613 3361 uon
637 3328 841 3370 oblitterata,
855 3329 952 3370 forte
977 3328 1125 3361 delenda
1148 3335 1248 3362 erant
1271 3341 1298 3362 c.
1402 3327 1431 3367 f)
1457 3331 1478 3361 t-
1496 3340 1523 3361 c.
1626 3327 1659 3369 S)
1684 3328 1723 3366 lh
1749 3339 1776 3360 c.
1871 3324 1904 3368 ¹¹)
1932 3326 2006 3357 alta
2029 3331 2114 3367 post.
2141 3336 2246 3357 manu
2269 3325 2306 3358 in
2330 3326 2395 3358 ἱτηο

193 3387 346 3430 margine
369 3387 508 3428 addita,
540 3386 669 3420 adiecto
693 3387 789 3429 siyno
815 3398 842 3419 c.
948 3384 1003 3427 Ψ)
1028 3386 1102 3419 alia
1120 3392 1209 3428 post.
1234 3398 1342 3419 manu
1365 3386 1488 3419 addita
1511 3398 1540 3418 c.
1648 3383 1672 3426 i)
1708 3385 1793 3417 nisi
1818 3402 1860 3407 —
1887 3383 2119 3416 ecclesiam
2151 3383 2344 3416 oblitterata
2368 3395 2394 3415 c.

192 3442 226 3486 k)
251 3446 337 3478 Item
362 3463 405 3468 —
430 3445 584 3478 deferant
607 3442 651 3485 (e.
673 3443 724 3486 72)
749 3444 959 3482 oblitterata5
982 3445 1118 3486 reliqua
1140 3455 1244 3487 usque
1269 3444 1317 3477 ad
1332 3446 1441 3487 finem
1464 3456 1535 3477 ‘non
1559 3443 1751 3476 oblitterata
1776 3453 1803 3475 c.

334 3559 367 3601 1)
395 3556 449 3600 Cf.
475 3567 532 3592 νυν.
549 3561 619 3592 280
643 3568 672 3592 c.
685 3562 738 3592 10.
842 3557 877 3598 2)
914 3555 966 3595 Of.
991 3567 1048 3591 nr.
1068 3560 1137 3592 280
1160 3567 1187 3591 c.
1212 3561 1251 3598 8;
1275 3561 1407 3592 nr.284
1431 3567 1458 3591 c.
1471 3560 1503 3591 8.
1603 3556 1638 3599 3)
1663 3554 1794 3590 Sensus
1818 3565 1889 3589 esse
1913 3553 2067 3589 videtwr:
2092 3555 2234 3590 rusticis
2258 3555 2396 3590 licitum

195 3620 255 3661 est,
280 3616 440 3651 thoraces
463 3620 493 3651 et
516 3616 593 3651 alia
615 3616 736 3651 diebus
759 3616 860 3659 festis
878 3619 1041 3660 portare,
1061 3616 1216 3659 privatis
1240 3616 1362 3651 diebus
1385 3627 1461 3650 non
1483 3614 1586 3649 aliud
1599 3625 1707 3658 quam
1722 3613 1913 3655 stimulum,
1938 3612 2087 3657 hospites
2106 3616 2223 3648 autem
2236 3613 2396 3657 {stadium

194 3684 327 3718 semper
351 3674 411 3716 (cf.
431 3684 458 3708 c.
474 3674 543 3717 68).
597 3673 812 3709 oblitteratis
834 3674 942 3708 verbis
967 3673 1039 3708 nisi
1064 3693 1106 3698 —
1134 3674 1326 3708 ecclesiam
1350 3674 1424 3708 iam
1444 3672 1664 3717 prohibitum
1689 3682 1757 3707 esse
1780 3670 1930 3715 videtur,
1963 3681 2008 3706 ne
2032 3671 2158 3706 rustici
2181 3671 2340 3706 thoraces
2364 3674 2396 3705 et

195 3731 269 3766 alia
292 3741 455 3775 unquam
471 3730 673 3774 portarint;
696 3732 741 3774 cf.
766 3731 897 3767 Pacem
920 3743 952 3766 α.
973 3736 1058 3766 1256
1081 3742 1107 3766 c.
1121 3736 1172 3767 57.

331 3817 380 3842 u..
407 3815 692 3841 consrrruwonss
709 3816 743 3840 11.
2076 3803 2096 3837 7
2099 3803 2121 3837 3

2437 544 2462 560 Ρ.
2478 541 2519 562 541.

2489 1310 2521 1332 33.

2480 1313 2488 1330 η.

2438 2004 2463 2019 ‹·.
2479 1999 2522 2022 61.
