2558 3970
198 169 277 208 380
730 162 969 197 FRlDERlCl
999 162 1041 195 ΙΙ.
1069 161 1497 196 CONSTITUTIONFJS.
1548 162 1645 196 1248.
1695 150 1757 195 Nr.
1777 148 1853 196 272.

198 287 418 321 libertatem.
480 286 540 320 Set
573 298 639 319 nec
673 284 817 328 exquiri
849 277 996 318 debuit
1028 284 1257 318 extrinsecus
1290 284 1451 329 speciem
1482 279 1620 318 alia-mb

1653 286 1832 326 creature,
1865 283 1923 318 eui
1955 295 1992 317 se
2024 284 2282 328 representata
2312 294 2378 328 per

197 354 382 388 hominem
425 353 570 387 celestis
612 364 747 397 ymago
786 353 986 393 subiceret,
1020 352 1132 386 dumc
1172 352 1209 386 in
1250 352 1459 387 redditione
1491 364 1620 387 census
1659 351 1894 386 numismatis
1924 351 2121 396 imperium
2151 363 2216 396 pre
2248 351 2380 386 ceteris

197 425 310 467 figure
344 422 534 466 fastigium
566 421 798 465 presignivit.
860 413 950 455 Setd
982 420 1092 455 homo
1124 421 1290 464 prelatus
1314 423 1371 455 est
1392 421 1544 462 homini,
1577 423 1619 455 ut
1647 414 1905 469 gratiorem¹
1938 420 2100 455 efficeret
2127 420 2380 465 prelaturam0

1387 483 1405 508 ¹¹
1445 489 1648 534 imperialis
1691 488 1802 523 officii
1842 481 1980 523 nostrii
2012 488 2155 531 debito,
2197 489 2296 533 quod
2336 500 2380 524 ex

196 491 384 525 idemtitas
423 484 589 534 specieif.
708 489 984 524 Attendentesg
1027 489 1152 533 igitur,
1195 490 1293 532 quod
1333 501 1376 524 ex

196 559 324 593 celesti
365 559 647 603 dispensacione
694 558 937 602 suscepimus.
984 557 1228 592 villicacionis
1268 559 1394 592 nostre
1436 557 1623 592 racionem
1665 568 1789 591 sumus
1830 557 1867 591 in
1909 557 1968 591 die
2009 556 2171 591 districti
2201 550 2381 592 iudicisk

197 627 387 664 reddituri.
421 639 513 668 cum,
555 627 738 671 qualitate
771 626 999 660 diversorum
1031 625 1268 671 negociorum
1310 628 1522 661 nostrorum
1553 619 1609 660 etl
1639 625 1787 670 imperii
1822 637 1888 670 per
1919 625 2116 660 nonnullas
2149 627 2187 660 et
2217 625 2381 659 diversas

198 698 321 739 partes
354 696 563 730 maiestatis
596 698 722 730 nostre
755 694 985 739 presenciam
1020 694 1230 729 necessario
1262 694 1493 738 requirente,
1525 695 1563 728 in
1595 688 1787 743 partibus
1820 687 2098 729 Pedemontis
2129 694 2267 729 morari
2298 705 2380 728 con-

196 763 301 797 tinuo
334 763 615 808 presencialiter
648 774 891 807 nequeamus.
930 775 975 797 ne
1008 763 1286 808 magnificencie
1318 765 1443 797 nostre
1475 762 1636 807 presidio
1669 774 1711 797 ae
1741 762 1925 796 iusticiam
1957 764 2082 797 careat
2112 762 2215 808 regio
2246 773 2381 797 memo-

196 834 294 865 rata:
334 825 447 866 cccc*
479 844 545 876 pro
578 832 862 876 recuperacione
896 830 964 866 ctu
997 831 1211 866 defensione
1244 833 1454 866 nostrorum
1487 831 1550 866 et⁰
1581 830 1728 875 imperii
1767 830 1903 865 iurium
1934 832 1971 865 et
2001 831 2200 873 honorum,
2239 842 2382 866 conser-

199 900 377 934 vacionep
409 901 496 935 boni
520 912 561 935 ac
590 901 733 945 pacifici
756 903 875 935 status
898 900 1014 945 ipsius
1037 900 1236 945 provincie,
1271 907 1348 934 nec
1382 902 1492 933 non‘l
1525 899 1683 934 instanti
1705 901 1743 934 et
1765 899 1849 933 viva
1871 910 2005 944 guerra
2025 899 2163 934 nostris
2184 898 2384 934 rebellibus

198 969 405 1004 inferenda.
447 970 491 1004 de
524 969 707 1003 industria
740 971 774 1003 et
808 968 1002 1013 legalitate
1035 967 1132 1002 suar
1163 969 1209 1002 ab
1242 970 1396 1013 experto
1429 968 1573 1010 confisi,
1607 966 1647 1003 te
1680 961 1925 1016 generalem
1961 961 2162 1001 vicarium
2195 975 2220 1002 a
2249 961 2386 1016 Papia

199 1031 395 1085 superius
437 1038 607 1071 duximus
649 1037 904 1078 statuendum,
946 1037 1191 1072 concedentes
1234 1031 1332 1071 tibi¹‘
1363 1048 1505 1071 merum
1537 1038 1575 1070 et
1614 1035 1773 1070 mixtum
1813 1035 2011 1080 imperium
2043 1036 2102 1070 etS
2132 1035 2250 1081 gladii
2280 1037 2383 1080 pote-

198 1108 343 1139 statem.
405 1105 474 1140 Etr
515 1109 554 1140 ut
592 1106 630 1140 in
674 1101 920 1140 facinorosos‘
955 1105 1250 1139 animadvertere
1284 1105 1449 1147 valeas,
1491 1104 1684 1149 purgando
1717 1104 1948 1149 provinciam
1980 1097 2056 1138 tibi
2087 1104 2285 1147 decretam,
2317 1103 2386 1138 inu

199 1185 260 1207 cos
294 1174 508 1218 specialiter
539 1175 603 1218 qui
635 1176 773 1208 stratas
806 1176 841 1207 et
875 1173 1011 1208 itinera
1049 1173 1197 1218 publica
1229 1180 1334 1207 ausu
1367 1166 1623 1208 temerari02
1657 1172 1797 1207 violare
1835 1174 2093 1217 presumuntv.
2154 1171 2384 1215 criminales,

199 1241 325 1276 civiles
358 1244 393 1276 et
433 1243 605 1278 liberales
638 1254 785 1286 quoque
818 1242 964 1276 audias
998 1244 1035 1276 et
1066 1242 1303 1276 determines
1336 1241 1568 1285 questiones,
1610 1253 1767 1285 quarum
1805 1241 1991 1286 cognicio,
2034 1241 2065 1275 si
2094 1252 2161 1276 nos
2192 1242 2384 1286 presentes

198 1322 371 1352 essemus,
404 1312 449 1345 ad
482 1314 648 1346 nostrum
684 1311 859 1345 iudicium
892 1311 1108 1355 pertineret,
1144 1304 1414 1359 puniendosw
1447 1305 1666 1358 inquirens
1700 1308 1740 1344 et
1773 1304 1954 1358 puniens
1987 1303 2256 1357 inquisito-02².
2316 1309 2384 1344 De-

198 1381 297 1412 creta
331 1379 489 1423 utiquex
521 1380 767 1424 interponas,
801 1392 870 1423 que
904 1380 940 1413 in
973 1379 1202 1414 alienatione
1235 1391 1355 1413 rerum
1389 1378 1723 1414 ecclesiasticarum
1756 1379 1820 1413 ety
1850 1378 2035 1413 minorum
2067 1389 2109 1412 ac
2130 1378 2386 1413 transactione

197 1447 460 1482 alimentorum
492 1449 690 1483 secundum
724 1448 910 1483 iusticiam
943 1448 1132 1493 interponi
1163 1449 1352 1492 petuntur.
1414 1447 1488 1482 Ety
1520 1449 1561 1481 ut
1591 1447 1796 1482 minoribus
1829 1449 1866 1482 et
1896 1446 2109 1488 maioribus,
2146 1446 2279 1490 quibus
2307 1447 2386 1482 uni-

199 1515 352 1549 versalia
395 1517 474 1550 iura
515 1520 750 1553 succurrunt.
792 1529 902 1551 causa
941 1517 1090 1562 cognita
1128 1517 1383 1551 restitucionis
1415 1517 1451 1550 in
1485 1517 1673 1561 integrum
1704 1516 1922 1551 beneficium
1955 1515 2172 1561 largi-arm,
2211 1516 2387 1560 plenamZ

199 1583 266 1617 tilii
299 1585 532 1619 concedimus
565 1588 803 1629 potestatem.
867 1586 921 1619 Ad
953 1585 1186 1620 audienciain
1218 1597 1366 1629 quoque
1400 1585 1515 1619 fuam
1548 1585 1821 1629 appellationes
1854 1583 1990 1619 deferri
2023 1584 2209 1626 volumus,
2241 1595 2333 1628 quas
2366 1595 2388 1618 a

199 1653 397 1687 sentenciis
440 1654 709 1689 ordinariorum
750 1655 911 1689 iudicum
951 1657 988 1689 et
1027 1666 1153 1689 eorum
1197 1654 1377 1695 omnium,
1428 1654 1491 1698 qui
1530 1653 1807 1688 iurisdieionem
1847 1654 1916 1687 abs
1953 1653 2109 1697 imperio
2149 1653 2251 1687 nacti
2290 1655 2388 1696 sunt,

198 1721 319 1755 infraa
351 1723 539 1767 regionem
581 1724 700 1768 ipsam
733 1727 769 1758 et
802 1724 880 1758 eius
923 1723 1102 1758 terminos
1135 1717 1363 1768 contigeritb
1396 1723 1602 1767 interponi,
1643 1722 1715 1756 nisi
1753 1723 1849 1756 forte
1882 1722 1961 1756 velr
1993 1732 2101 1756 cause
2133 1721 2296 1765 qualitas
2328 1722 2387 1756 vel

198 1791 496 1834 appellacionum
539 1804 712 1826 numerus
751 1793 819 1827 hoc
858 1792 1026 1826 adimant
1064 1791 1305 1837 appellanti0,
1349 1785 1416 1825 utd
1458 1793 1584 1826 tamen
1616 1792 1658 1825 ar
1691 1790 1890 1826 sentenciis
1930 1784 2038 1824 mise
2076 1791 2122 1824 ad
2155 1790 2388 1825 audienciam

197 1853 386 1894 nostramf
416 1861 530 1895 libero
565 1862 686 1895 valeat
719 1862 926 1906 provocari.
977 1854 1191 1900 Quocirca
1214 1860 1285 1895 tue
1310 1855 1531 1895 devocioni
1564 1854 1837 1909 precipimus,
1872 1853 2072 1907 quatinus
2095 1866 2278 1907 presens
2311 1853 2388 1893 tibi

200 1936 310 1962 nunc
353 1937 430 1976 per
469 1924 779 1964 excellenciam
820 1929 1036 1964 nostramg
1070 1923 1343 1963 commissum
1379 1923 1564 1963 officium
1608 1923 1650 1963 in
1689 1927 1775 1963 tam
1815 1922 2010 1977 preciosa
2042 1921 2207 1976 imperii
2241 1925 2387 1962 nostra

199 1995 319 2044 parte
354 1990 433 2030 ad¹¹
468 1992 738 2032 maiestatem
772 1996 978 2034 nostram.
1012 1992 1121 2031 sic-ut
1153 1991 1205 2031 de
1239 1995 1280 2031 te
1316 1991 1561 2046 specialiter
1593 1990 1866 2031 confidimus.
1901 1990 2150 2045 precipuum
2185 1989 2384 2030 habendo

199 2067 441 2113 respectum
489 2060 761 2102 laudabiliter
805 2060 1055 2115 exequaris,
1100 2064 1145 2100 ut
1192 2060 1447 2100 electionem
1488 2063 1676 2101 nostram
1720 2059 1759 2099 in
1800 2058 1868 2100 te¹¹
1911 2059 2063 2099 merito
2107 2059 2387 2114 comprobare

199 2128 413 2181 possimus
459 2141 499 2168 et
540 2129 600 2169 tei
644 2129 695 2170 de
732 2129 844 2169 bono
886 2129 925 2169 in
970 2129 1121 2169 melius
1166 2128 1368 2183 prosequi
1411 2127 1578 2182 dignisk
1611 2128 1867 2182 augmentis.
1931 2127 2043 2168 Ecce
2086 2127 2258 2181 quidem
2291 2127 2387 2183 per¹

199 2200 437 2250 patentesm
481 2198 646 2237 litteras·
686 2196 870 2237 nostrasi
913 2197 1062 2237 damus
1101 2197 1312 2237 universis
1353 2196 1558 2237 deerete¹¹
1591 2197 1666 2237 tibi
1706 2196 1923 2251 provincie
1966 2195 2159 2237 firmiteri
2190 2197 2232 2236 in
2265 2210 2384 2237 man-

199 2264 328 2305 datis.
366 2271 410 2305 ut
441 2265 534 2306 tibi¹
569 2280 697 2320 super
731 2265 973 2306 exercendo
1007 2265 1101 2319 ipso
1134 2265 1272 2305 officio
1305 2268 1507 2318 tanquam
1543 2279 1724 2319 persone
1757 2268 1901 2305 nostre
1934 2264 2139 2305 obediant
2172 2268 2215 2305 et
2246 2264 2384 2306 inten‘

199 2332 301 2373 dant
344 2338 414 2373 et⁰
459 2338 504 2373 ut
543 2334 735 2388 generali
768 2347 911 2374 eorum
946 2333 1101 2374 vicario
1141 2347 1164 2373 a
1196 2337 1346 2373 nostra
1385 2333 1612 2374 maiestate
1652 2337 1812 2374 statuto
1845 2332 1899 2373 ad
1936 2333 2141 2374 honorem
2175 2337 2219 2374 et
2249 2332 2387 2374 fideli-

199 2406 331 2442 tatem
365 2406 568 2443 nostram.

342 2470 440 2511 Dat.
473 2471 706 2512 Vercellis.
741 2485 851 2512 anno
884 2470 1096 2512 dominice
1130 2469 1436 2511 incarnationis
1468 2469 1698 2510 millesimo
1731 2468 2022 2511 ducentesimo
2056 2469 2386 2525 quadragesimo

201 2544 363 2582 octavo.
398 2553 545 2581 mense
578 2540 852 2589 Novembris,
886 2540 1071 2594 septime
1104 2538 1361 2580 indictionis.

336 2663 421 2698 ‘27⁸2-
454 2664 486 2697 b)
521 2667 643 2708 speties
668 2666 733 2698 alia
757 2665 786 2697 2.
939 2664 967 2705 0)
1001 2665 1079 2696 dum
1106 2683 1147 2687 —
1174 2665 1375 2707 presignivit
1399 2665 1468 2697 des.
1486 2665 1538 2697 hic
1555 2664 1585 2696 2.
1727 2662 1759 2705 d)
1793 2665 1883 2697 unde
1908 2663 1939 2697 2.
2081 2665 2109 2705 θ)
2133 2665 2216 2708 prel.
2242 2665 2329 2698 effic.
2354 2663 2384 2698 2.

200 2720 229 2754 f›
257 2722 434 2755 Potissime
459 2728 573 2755 tamen
599 2723 641 2755 ad
667 2723 815 2763 regimen
844 2721 1045 2765 populorum
1070 2722 1184 2753 diviua
1209 2722 1378 2753 sententia
1402 2722 1543 2764 prefecit
1566 2722 1755 2764 imperium,
1780 2722 1860 2754 (lum
1885 2725 2019 2754 ostensa
2044 2722 2109 2754 sibi
2131 2723 2242 2764 figura
2258 2723 2386 2755 numis-

200 2779 296 2810 matis
321 2780 355 2811 in
381 2780 543 2811 reditione
569 2790 700 2811 cesaree
726 2790 847 2811 census
881 2778 956 2819 (leq.
983 2789 1104 2810 census
1129 2777 1277 2819 cesaree)
1302 2780 1436 2810 fortune
1466 2789 1524 2820 pre
1550 2779 1670 2811 ceteris
1695 2778 1833 2820 regibus
1864 2779 2040 2820 fastigium
2065 2779 2275 2822 presignivit.
2324 2780 2387 2812 Cui

200 2837 443 2869 diversimodas
468 2837 617 2868 subdidit
643 2837 797 2869 nationes
822 2847 890 2867 nou
916 2836 958 2867 ob
987 2837 1047 2867 hoc
1073 2836 1192 2875 solum,
1219 2841 1256 2867 ut
1280 2836 1327 2867 eis
1353 2836 1550 2877 imperando
1576 2840 1735 2878 preesset,
1762 2840 1812 2868 set
1836 2841 1874 2867 ut
1890 2836 1971 2878 ipsis
1992 2835 2126 2868 iusticie
2143 2836 2274 2878 copiam
2292 2837 2388 2869 mini-

200 2895 334 2926 strando
359 2894 531 2936 prodesset
558 2894 639 2925 add.
658 2892 678 2924 2
703 2905 774 2925 cum
802 2895 948 2925 'nn-2613.
1044 2891 1077 2934 g)
1103 2893 1281 2925 Acteudite
1307 2891 1337 2924 2.
1432 2891 1465 2933 h)
1492 2893 1582 2925 deest
1605 2891 1634 2924 2.
1730 2890 1753 2933 i)
1781 2893 1885 2924 nostri
1910 2892 2013 2925 officii
2038 2891 2070 2924 2.
2164 2890 2198 2933 k)
2234 2894 2339 2926 iudici
2356 2892 2388 2926 2.

200 2949 224 2991 ¹)
251 2957 440 2983 nostrorum
467 2957 499 2982 et.
524 2951 590 2982 des.
610 2950 641 2982 2.
748 2950 791 2990 ΠἸ)
817 2951 948 2982 iusticie
975 2948 1005 2981 2.
1115 2950 1148 2991 n)
1174 2960 1239 2982 rec.
1265 2955 1297 2981 et
1322 2950 1389 2982 des.
1408 2949 1439 2981 2.
1535 2949 1567 2991 ⁰)
1593 2950 1853 2982 conservacione
1879 2948 1960 2981 add.
1979 2947 2009 2980 2.
2104 2950 2137 2989 1))
2164 2949 2256 2982 deest
2277 2951 2331 2983 hic
2354 2949 2386 2984 2.

201 3013 232 3035 ‘11
259 3018 319 3039 nec
345 3019 411 3039 non
439 3008 505 3039 des.
536 3008 563 3039 l.
688 3013 715 3046 r)
743 3007 832 3039 deest
856 3006 886 3039 2.
1016 3006 1043 3047 ⁸)
1070 3006 1159 3038 deest
1185 3006 1214 3038 1.
1345 3006 1369 3049 t)
1397 3007 1549 3039 homines
1575 3006 1655 3038 add.
1674 3005 1706 3038 2.
1836 3006 1868 3046 11)
1894 3006 1965 3038 loco
1990 3006 2024 3037 in
2050 3017 2106 3038 eos
2131 3007 2322 3049 specialiter
2345 3006 2386 3041 2:

202 3070 232 3096 et
258 3065 446 3107 specialiter
472 3070 508 3095 ut
533 3076 599 3096 eos.
703 3064 733 3103 ν)
766 3064 937 3106 puniendo
964 3064 1114 3104 inquiras
1139 3068 1173 3095 et
1195 3065 1316 3105 punias
1348 3064 1527 3104 inquisitos
1551 3063 1633 3095 add.
1659 3063 1712 3095 liic
1736 3062 1766 3095 2.
1860 3061 1900 3105 w)
1926 3063 2114 3106 puniendos
2139 3079 2185 3085 —-
2208 3063 2388 3105 inquisitos

201 3121 267 3152 dee.
294 3121 346 3152 hic
372 3120 403 3152 2.
521 3120 554 3164 x)
580 3122 682 3154 etiam
708 3120 740 3152 2.
857 3126 890 3159 y)
916 3121 1055 3162 insuper
1080 3120 1160 3152 add.
1180 3120 1211 3152 2.
1328 3120 1358 3161 ⁷¹)
1384 3121 1568 3163 plenariam
1596 3120 1625 3152 1.
1744 3119 1775 3162 a)
1807 3120 1896 3152 iusta
1920 3119 1951 3152 2.
2069 3119 2102 3161 b)
2128 3121 2332 3162 contingerit
2356 3120 2387 3154 1.

203 3184 231 3218 ε)
257 3178 320 3209 hoc
348 3178 474 3210 adimat
497 3189 571 3220 app.
603 3179 635 3217 1;
664 3179 727 3210 hoe
752 3178 885 3209 ordinat
909 3177 1073 3219 appellari
1097 3175 1128 3209 2.
1261 3175 1292 3217 (Ῑ)
1317 3188 1436 3209 verum
1460 3176 1490 3209 2.
1622 3180 1649 3215 Θ)
1675 3177 1748 3209 eius
1775 3176 1804 3209 1.
1933 3174 1966 3219 f)
1992 3176 2232 3209 nichilominus
2257 3177 2338 3209 add.
2355 3175 2386 3210 2.

203 3232 235 3273 8)
260 3233 349 3265 deeet
375 3234 403 3265 1.
520 3233 553 3276 h)
580 3235 651 3266 loco
675 3235 717 3266 ad
742 3253 786 3257 —
811 3235 845 3266 in
871 3240 903 3266 te
927 3233 963 3265 2:
991 3234 1074 3266 adeo
1099 3234 1243 3266 fideliter
1268 3239 1300 3266 et.
1325 3235 1467 3267 sollicite
1494 3235 1716 3277 prosequaris,
1742 3239 1779 3266 ut
1803 3234 1937 3276 qualem
1955 3234 1997 3266 ad
2015 3235 2223 3266 maiestatem
2241 3239 2387 3267 nostram

203 3291 372 3322 adfectum
398 3291 535 3323 habeas.
631 3290 654 3332 ί)
679 3292 769 3323 deest
792 3290 822 3323 2.
918 3289 951 3332 k)
977 3291 1088 3332 <lignis
1114 3302 1201 3333 pros.
1229 3290 1259 3323 2.
1353 3290 1378 3331 1)
1405 3291 1495 3323 deest
1522 3291 1550 3323 1.
1648 3289 1690 3332 m)
1714 3295 1826 3333 partes
1850 3295 1982 3323 nostras
2007 3289 2038 3323 2.
2131 3291 2164 3332 n)
2190 3291 2332 3324 discrete
2355 3289 2387 3324 2.

203 3352 235 3388 0)
260 3347 392 3388 reliqua
417 3347 484 3380 cleg.
503 3347 534 3379 2.

342 3448 374 3490 1)
401 3447 476 3481 Voce
500 3447 700 3491 gratiorem
725 3450 818 3493 sapit
841 3448 1013 3483 mandata
1037 3459 1093 3484 nr.
1112 3454 1181 3483 216.
1207 3453 1279 3483 217.
1307 3453 1381 3483 266.
1408 3454 1480 3483 270.
1591 3449 1626 3493 2)
1651 3445 1753 3483 Haee'
1775 3449 1920 3493 sapiunt
1944 3448 2118 3483 mandata
2141 3458 2195 3482 nr.
2214 3452 2284 3483 217.
2309 3452 2382 3484 266.

2421 906 2454 931 10

2420 1247 2451 1272 15

2424 1590 2458 1616 20

2423 1930 2455 1955 25

2423 2279 2456 2304 30

2423 2676 2454 2703 35
