<?xml version="1.0" encoding="UTF-8"?>
<!DOCTYPE html PUBLIC "-//W3C//DTD XHTML 1.0 Transitional//EN"
    "http://www.w3.org/TR/xhtml1/DTD/xhtml1-transitional.dtd">
<html xmlns="http://www.w3.org/1999/xhtml" xml:lang="en" lang="en">
 <head>
  <title>
</title>
<meta http-equiv="Content-Type" content="text/html;charset=utf-8" />
  <meta name='ocr-system' content='tesseract 3.04.00' />
  <meta name='ocr-capabilities' content='ocr_page ocr_carea ocr_par ocr_line ocrx_word'/>
</head>
<body>
  <div class='ocr_page' id='page_1' title='image "./monumentager02geseuoft/monumentager02geseuoft_0554.png"; bbox 0 0 2558 3970; ppageno 0'>
   <div class='ocr_carea' id='block_1_1' title="bbox 200 157 2193 207">
    <p class='ocr_par' dir='ltr' id='par_1_1' title="bbox 200 157 2193 207">
     <span class='ocr_line' id='line_1_1' title="bbox 200 157 2193 207; baseline -0.004 -9"><span class='ocrx_word' id='word_1_1' title='bbox 200 171 279 207; x_wconf 63' lang='grc' dir='ltr'><strong>54ης</strong></span> <span class='ocrx_word' id='word_1_2' title='bbox 388 163 668 198; x_wconf 61' lang='lat' dir='ltr'><strong>{Nxoelcx&#39;rll</strong></span> <span class='ocrx_word' id='word_1_3' title='bbox 698 162 758 196; x_wconf 90' lang='lat' dir='ltr'><strong>lll.</strong></span> <span class='ocrx_word' id='word_1_4' title='bbox 787 159 985 195; x_wconf 60' lang='lat' dir='ltr'><strong>lileclthl&#39;r.</strong></span> <span class='ocrx_word' id='word_1_5' title='bbox 1014 160 1072 193; x_wconf 58' lang='lat' dir='ltr'><strong>[il-2</strong></span> <span class='ocrx_word' id='word_1_6' title='bbox 1100 157 1212 192; x_wconf 64' lang='lat' dir='ltr'>IURE</span> <span class='ocrx_word' id='word_1_7' title='bbox 1243 158 1428 193; x_wconf 78' lang='lat' dir='ltr'>PONTIF.</span> <span class='ocrx_word' id='word_1_8' title='bbox 1459 159 1508 192; x_wconf 80' lang='grc' dir='ltr'><strong>ΙΝ</strong></span> <span class='ocrx_word' id='word_1_9' title='bbox 1537 157 1696 193; x_wconf 71' lang='lat' dir='ltr'><strong>ELEC&#39;P.</strong></span> <span class='ocrx_word' id='word_1_10' title='bbox 1722 158 1870 192; x_wconf 68' lang='lat' dir='ltr'><strong>REGIS.</strong></span> <span class='ocrx_word' id='word_1_11' title='bbox 1907 158 2005 191; x_wconf 77' lang='lat'><strong>1202.</strong></span> <span class='ocrx_word' id='word_1_12' title='bbox 2043 157 2193 191; x_wconf 54' lang='lat' dir='ltr'><strong>Nat-395.</strong></span> 
     </span>
    </p>
   </div>
   <div class='ocr_carea' id='block_1_2' title="bbox 201 272 2393 3630">
    <p class='ocr_par' dir='ltr' id='par_1_2' title="bbox 201 272 2377 660">
     <span class='ocr_line' id='line_1_2' title="bbox 201 272 2377 332; baseline -0.004 -12"><span class='ocrx_word' id='word_1_13' title='bbox 201 281 249 321; x_wconf 86' lang='lat' dir='ltr'><strong>ad</strong></span> <span class='ocrx_word' id='word_1_14' title='bbox 287 296 360 319; x_wconf 67' lang='lat' dir='ltr'><strong>nas</strong></span> <span class='ocrx_word' id='word_1_15' title='bbox 396 284 571 332; x_wconf 61' lang='lat' dir='ltr'><strong>spectat.</strong></span> <span class='ocrx_word' id='word_1_16' title='bbox 607 277 675 330; x_wconf 90' lang='lat' dir='ltr'><strong>qui</strong></span> <span class='ocrx_word' id='word_1_17' title='bbox 713 290 805 316; x_wconf 83' lang='lat' dir='ltr'><strong>eain</strong></span> <span class='ocrx_word' id='word_1_18' title='bbox 841 275 1097 328; x_wconf 76' lang='lat' dir='ltr'><strong>inungimus.</strong></span> <span class='ocrx_word' id='word_1_19' title='bbox 1133 288 1434 315; x_wconf 85' lang='lat' dir='ltr'><strong>consecramus</strong></span> <span class='ocrx_word' id='word_1_20' title='bbox 1468 278 1512 314; x_wconf 89' lang='lat' dir='ltr'><strong>et</strong></span> <span class='ocrx_word' id='word_1_21' title='bbox 1545 287 1814 314; x_wconf 79' lang='lat' dir='ltr'>coronamus.</span> <span class='ocrx_word' id='word_1_22' title='bbox 1873 272 1950 313; x_wconf 84' lang='lat' dir='ltr'><strong>Est</strong></span> <span class='ocrx_word' id='word_1_23' title='bbox 1982 273 2092 313; x_wconf 88' lang='lat' dir='ltr'><strong>enim</strong></span> <span class='ocrx_word' id='word_1_24' title='bbox 2124 272 2377 327; x_wconf 79' lang='lat' dir='ltr'><strong>regulariter</strong></span> 
     </span>
     <span class='ocr_line' id='line_1_3' title="bbox 201 341 2377 399; baseline -0.003 -10"><span class='ocrx_word' id='word_1_25' title='bbox 201 364 246 389; x_wconf 78' lang='lat' dir='ltr'><strong>ac</strong></span> <span class='ocrx_word' id='word_1_26' title='bbox 281 347 538 399; x_wconf 69' lang='lat' dir='ltr'><strong>generaliter</strong></span> <span class='ocrx_word' id='word_1_27' title='bbox 571 345 860 388; x_wconf 78' lang='lat' dir='ltr'><strong>observatum.</strong></span> <span class='ocrx_word' id='word_1_28' title='bbox 894 348 938 384; x_wconf 91' lang='lat' dir='ltr'><strong>ut</strong></span> <span class='ocrx_word' id='word_1_29' title='bbox 970 343 1142 384; x_wconf 88' lang='lat' dir='ltr'><strong>adeum</strong></span> <span class='ocrx_word' id='word_1_30' title='bbox 1167 343 1428 384; x_wconf 74' lang='lat' dir='ltr'>examinatio</span> <span class='ocrx_word' id='word_1_31' title='bbox 1462 356 1645 397; x_wconf 89' lang='lat' dir='ltr'><strong>persone</strong></span> <span class='ocrx_word' id='word_1_32' title='bbox 1679 342 1907 396; x_wconf 75' lang='lat' dir='ltr'><strong>pertineat,</strong></span> <span class='ocrx_word' id='word_1_33' title='bbox 1941 341 1993 382; x_wconf 90' lang='lat' dir='ltr'><strong>ad</strong></span> <span class='ocrx_word' id='word_1_34' title='bbox 2017 354 2142 396; x_wconf 88' lang='lat' dir='ltr'><strong>quem</strong></span> <span class='ocrx_word' id='word_1_35' title='bbox 2166 341 2377 396; x_wconf 82' lang='lat' dir='ltr'><strong>impositio</strong></span> 
     </span>
     <span class='ocr_line' id='line_1_4' title="bbox 203 409 2376 468; baseline -0.003 -12"><span class='ocrx_word' id='word_1_36' title='bbox 203 430 351 456; x_wconf 72' lang='lat' dir='ltr'><strong>manus</strong></span> <span class='ocrx_word' id='word_1_37' title='bbox 387 419 565 468; x_wconf 76' lang='lat' dir='ltr'><strong>spectat.</strong></span> <span class='ocrx_word' id='word_1_38' title='bbox 626 412 841 467; x_wconf 75' lang='lat' dir='ltr'><strong>Numquid</strong></span> <span class='ocrx_word' id='word_1_39' title='bbox 876 412 985 452; x_wconf 89' lang='lat' dir='ltr'><strong>enim</strong></span> <span class='ocrx_word' id='word_1_40' title='bbox 1020 412 1052 451; x_wconf 88' lang='lat' dir='ltr'><strong>si</strong></span> <span class='ocrx_word' id='word_1_41' title='bbox 1086 411 1303 466; x_wconf 90' lang='lat' dir='ltr'><strong>principes</strong></span> <span class='ocrx_word' id='word_1_42' title='bbox 1336 425 1418 451; x_wconf 92' lang='lat' dir='ltr'><strong>non</strong></span> <span class='ocrx_word' id='word_1_43' title='bbox 1454 412 1589 452; x_wconf 91' lang='lat' dir='ltr'><strong>solum</strong></span> <span class='ocrx_word' id='word_1_44' title='bbox 1622 411 1663 451; x_wconf 92' lang='lat' dir='ltr'><strong>in</strong></span> <span class='ocrx_word' id='word_1_45' title='bbox 1696 410 1922 460; x_wconf 71' lang='lat' dir='ltr'><strong>discordia,</strong></span> <span class='ocrx_word' id='word_1_46' title='bbox 1955 409 2029 450; x_wconf 89' lang='lat' dir='ltr'><strong>sed</strong></span> <span class='ocrx_word' id='word_1_47' title='bbox 2063 410 2190 451; x_wconf 89' lang='lat' dir='ltr'><strong>etiam</strong></span> <span class='ocrx_word' id='word_1_48' title='bbox 2213 410 2253 450; x_wconf 92' lang='lat' dir='ltr'><strong>in</strong></span> <span class='ocrx_word' id='word_1_49' title='bbox 2276 424 2376 450; x_wconf 91' lang='lat' dir='ltr'><strong>con-</strong></span> 
     </span>
     <span class='ocr_line' id='line_1_5' title="bbox 201 478 2377 535; baseline -0.003 -11"><span class='ocrx_word' id='word_1_50' title='bbox 201 484 337 524; x_wconf 70' lang='lat' dir='ltr'><strong>cordia</strong></span> <span class='ocrx_word' id='word_1_51' title='bbox 373 483 629 535; x_wconf 82' lang='lat' dir='ltr'><strong>sacrilegum</strong></span> <span class='ocrx_word' id='word_1_52' title='bbox 660 494 969 535; x_wconf 87' lang='lat' dir='ltr'><strong>quemcumque</strong></span> <span class='ocrx_word' id='word_1_53' title='bbox 994 481 1062 520; x_wconf 86' lang='lat' dir='ltr'><strong>vel</strong></span> <span class='ocrx_word' id='word_1_54' title='bbox 1096 480 1515 521; x_wconf 87' lang='lat' dir='ltr'><strong>excommunicatum</strong></span> <span class='ocrx_word' id='word_1_55' title='bbox 1549 479 1589 519; x_wconf 91' lang='lat' dir='ltr'><strong>in</strong></span> <span class='ocrx_word' id='word_1_56' title='bbox 1625 493 1784 534; x_wconf 88' lang='lat' dir='ltr'><strong>regem,</strong></span> <span class='ocrx_word' id='word_1_57' title='bbox 1818 479 2076 533; x_wconf 88' lang='lat' dir='ltr'><strong>tirampnum</strong></span> <span class='ocrx_word' id='word_1_58' title='bbox 2100 478 2168 519; x_wconf 92' lang='lat' dir='ltr'><strong>vel</strong></span> <span class='ocrx_word' id='word_1_59' title='bbox 2200 478 2377 530; x_wconf 87' lang='lat' dir='ltr'><strong>fatuum,</strong></span> 
     </span>
     <span class='ocr_line' id='line_1_6' title="bbox 202 546 2377 604; baseline -0.002 -13"><span class='ocrx_word' id='word_1_60' title='bbox 202 553 433 592; x_wconf 73' lang='lat' dir='ltr'><strong>liei-ericum</strong></span> <span class='ocrx_word' id='word_1_61' title='bbox 461 551 670 604; x_wconf 74' lang='lat' dir='ltr'><strong>eligerent</strong></span> <span class='ocrx_word' id='word_1_62' title='bbox 693 555 766 590; x_wconf 90' lang='lat' dir='ltr'><strong>aut</strong></span> <span class='ocrx_word' id='word_1_63' title='bbox 800 563 1025 603; x_wconf 78' lang='lat' dir='ltr'><strong>paganum,</strong></span> <span class='ocrx_word' id='word_1_64' title='bbox 1058 562 1136 589; x_wconf 91' lang='lat' dir='ltr'><strong>nos</strong></span> <span class='ocrx_word' id='word_1_65' title='bbox 1161 549 1381 603; x_wconf 86' lang='lat' dir='ltr'><strong>inungere,</strong></span> <span class='ocrx_word' id='word_1_66' title='bbox 1415 561 1667 589; x_wconf 88' lang='lat' dir='ltr'><strong>consecrare</strong></span> <span class='ocrx_word' id='word_1_67' title='bbox 1692 561 1741 587; x_wconf 88' lang='lat' dir='ltr'><strong>ac</strong></span> <span class='ocrx_word' id='word_1_68' title='bbox 1765 560 1971 587; x_wconf 83' lang='lat' dir='ltr'><strong>coronare</strong></span> <span class='ocrx_word' id='word_1_69' title='bbox 1996 546 2208 588; x_wconf 90' lang='lat' dir='ltr'><strong>hominem</strong></span> <span class='ocrx_word' id='word_1_70' title='bbox 2231 547 2377 588; x_wconf 90' lang='lat' dir='ltr'><strong>huius-</strong></span> 
     </span>
     <span class='ocr_line' id='line_1_7' title="bbox 202 617 1043 660; baseline -0.005 0"><span class='ocrx_word' id='word_1_71' title='bbox 202 620 312 660; x_wconf 85' lang='lat' dir='ltr'><strong>modi</strong></span> <span class='ocrx_word' id='word_1_72' title='bbox 347 619 630 660; x_wconf 69' lang='lat' dir='ltr'><strong>deberemus?</strong></span> <span class='ocrx_word' id='word_1_73' title='bbox 694 618 820 658; x_wconf 75' lang='lat' dir='ltr'><strong>Absit</strong></span> <span class='ocrx_word' id='word_1_74' title='bbox 852 617 1043 658; x_wconf 83' lang='lat' dir='ltr'><strong>omnino!</strong></span> 
     </span>
    </p>

    <p class='ocr_par' dir='ltr' id='par_1_3' title="bbox 201 684 2393 3630">
     <span class='ocr_line' id='line_1_8' title="bbox 343 684 2380 741; baseline -0.002 -13"><span class='ocrx_word' id='word_1_75' title='bbox 343 690 404 741; x_wconf 47' lang='lat' dir='ltr'><strong>tal</strong></span> <span class='ocrx_word' id='word_1_76' title='bbox 439 688 680 728; x_wconf 76' lang='lat' dir='ltr'><strong>Obiectioni</strong></span> <span class='ocrx_word' id='word_1_77' title='bbox 716 700 816 741; x_wconf 88' lang='lat' dir='ltr'><strong>ergo</strong></span> <span class='ocrx_word' id='word_1_78' title='bbox 850 686 1089 741; x_wconf 76' lang='lat' dir='ltr'><strong>principum</strong></span> <span class='ocrx_word' id='word_1_79' title='bbox 1124 685 1436 740; x_wconf 77' lang='lat' dir='ltr'><strong>respondentes</strong></span> <span class='ocrx_word' id='word_1_80' title='bbox 1470 685 1724 735; x_wconf 72' lang='lat' dir='ltr'><strong>asserimus,</strong></span> <span class='ocrx_word' id='word_1_81' title='bbox 1768 684 1880 739; x_wconf 90' lang='lat' dir='ltr'><strong>quod</strong></span> <span class='ocrx_word' id='word_1_82' title='bbox 1912 684 2080 738; x_wconf 87' lang='lat' dir='ltr'><strong>legatus</strong></span> <span class='ocrx_word' id='word_1_83' title='bbox 2114 688 2261 725; x_wconf 89' lang='lat' dir='ltr'><strong>noster</strong></span> <span class='ocrx_word' id='word_1_84' title='bbox 2291 684 2380 739; x_wconf 92' lang='lat' dir='ltr'><strong>epi-</strong></span> 
     </span>
     <span class='ocr_line' id='line_1_9' title="bbox 202 753 2381 811; baseline -0.001 -15"><span class='ocrx_word' id='word_1_85' title='bbox 202 772 355 811; x_wconf 72' lang='lat' dir='ltr'><strong>scopus</strong></span> <span class='ocrx_word' id='word_1_86' title='bbox 390 757 667 797; x_wconf 80' lang='lat' dir='ltr'><strong>l‘reuestiuus</strong></span> <span class='ocrx_word' id='word_1_87' title='bbox 708 770 785 796; x_wconf 86' lang='lat' dir='ltr'><strong>nec</strong></span> <span class='ocrx_word' id='word_1_88' title='bbox 829 755 1028 796; x_wconf 82' lang='lat' dir='ltr'><strong>electoris</strong></span> <span class='ocrx_word' id='word_1_89' title='bbox 1067 756 1202 809; x_wconf 80' lang='lat' dir='ltr'><strong>gessit</strong></span> <span class='ocrx_word' id='word_1_90' title='bbox 1243 768 1490 809; x_wconf 74' lang='lat' dir='ltr'><strong>personam,</strong></span> <span class='ocrx_word' id='word_1_91' title='bbox 1532 754 1653 794; x_wconf 83' lang='lat' dir='ltr'><strong>iuxta</strong></span> <span class='ocrx_word' id='word_1_92' title='bbox 1685 753 1794 808; x_wconf 90' lang='lat' dir='ltr'><strong>quod</strong></span> <span class='ocrx_word' id='word_1_93' title='bbox 1829 753 1950 794; x_wconf 91' lang='lat' dir='ltr'><strong>nobis</strong></span> <span class='ocrx_word' id='word_1_94' title='bbox 1983 767 2059 808; x_wconf 88' lang='lat' dir='ltr'><strong>per</strong></span> <span class='ocrx_word' id='word_1_95' title='bbox 2090 753 2251 793; x_wconf 86' lang='lat' dir='ltr'><strong>litteras</strong></span> <span class='ocrx_word' id='word_1_96' title='bbox 2283 767 2381 793; x_wconf 88' lang='lat' dir='ltr'><strong>suas</strong></span> 
     </span>
     <span class='ocr_line' id='line_1_10' title="bbox 201 821 2382 881; baseline -0.002 -15"><span class='ocrx_word' id='word_1_97' title='bbox 201 826 368 881; x_wconf 86' lang='lat' dir='ltr'><strong>quidam</strong></span> <span class='ocrx_word' id='word_1_98' title='bbox 409 826 645 880; x_wconf 78' lang='lat' dir='ltr'><strong>principum</strong></span> <span class='ocrx_word' id='word_1_99' title='bbox 688 824 984 879; x_wconf 68' lang='lat' dir='ltr'><strong>opponebant,</strong></span> <span class='ocrx_word' id='word_1_100' title='bbox 1028 827 1174 877; x_wconf 82' lang='lat' dir='ltr'><strong>utpote</strong></span> <span class='ocrx_word' id='word_1_101' title='bbox 1220 823 1289 877; x_wconf 91' lang='lat' dir='ltr'><strong>qui</strong></span> <span class='ocrx_word' id='word_1_102' title='bbox 1332 836 1410 863; x_wconf 88' lang='lat' dir='ltr'><strong>nec</strong></span> <span class='ocrx_word' id='word_1_103' title='bbox 1452 822 1554 862; x_wconf 84' lang='lat' dir='ltr'><strong>fecit</strong></span> <span class='ocrx_word' id='word_1_104' title='bbox 1594 822 1780 876; x_wconf 85' lang='lat' dir='ltr'><strong>aliquem</strong></span> <span class='ocrx_word' id='word_1_105' title='bbox 1825 822 1925 875; x_wconf 86' lang='lat' dir='ltr'><strong>eligi</strong></span> <span class='ocrx_word' id='word_1_106' title='bbox 1966 836 2044 862; x_wconf 90' lang='lat' dir='ltr'><strong>nee</strong></span> <span class='ocrx_word' id='word_1_107' title='bbox 2085 821 2215 876; x_wconf 85' lang='lat' dir='ltr'><strong>elegit</strong></span> <span class='ocrx_word' id='word_1_108' title='bbox 2248 822 2382 863; x_wconf 88' lang='lat' dir='ltr'><strong>etsie</strong></span> 
     </span>
     <span class='ocr_line' id='line_1_11' title="bbox 201 890 2380 948; baseline -0.002 -13"><span class='ocrx_word' id='word_1_109' title='bbox 201 895 402 936; x_wconf 78' lang='lat' dir='ltr'><strong>electioni</strong></span> <span class='ocrx_word' id='word_1_110' title='bbox 437 909 480 935; x_wconf 81' lang='lat' dir='ltr'><strong>sc</strong></span> <span class='ocrx_word' id='word_1_111' title='bbox 513 907 782 948; x_wconf 80' lang='lat' dir='ltr'><strong>nequaquam</strong></span> <span class='ocrx_word' id='word_1_112' title='bbox 817 893 1015 946; x_wconf 77' lang='lat' dir='ltr'><strong>ingessit:</strong></span> <span class='ocrx_word' id='word_1_113' title='bbox 1050 906 1128 933; x_wconf 90' lang='lat' dir='ltr'><strong>nec</strong></span> <span class='ocrx_word' id='word_1_114' title='bbox 1161 891 1393 946; x_wconf 88' lang='lat' dir='ltr'><strong>cognitoris</strong></span> <span class='ocrx_word' id='word_1_115' title='bbox 1426 904 1655 945; x_wconf 85' lang='lat' dir='ltr'><strong>personam</strong></span> <span class='ocrx_word' id='word_1_116' title='bbox 1689 890 1898 942; x_wconf 79' lang='lat' dir='ltr'><strong>exhibuit,</strong></span> <span class='ocrx_word' id='word_1_117' title='bbox 1932 904 2027 931; x_wconf 90' lang='lat' dir='ltr'><strong>cum</strong></span> <span class='ocrx_word' id='word_1_118' title='bbox 2051 891 2242 931; x_wconf 83' lang='lat' dir='ltr'><strong>neutrius</strong></span> <span class='ocrx_word' id='word_1_119' title='bbox 2267 891 2380 932; x_wconf 90' lang='lat' dir='ltr'><strong>elec-</strong></span> 
     </span>
     <span class='ocr_line' id='line_1_12' title="bbox 203 959 2384 1018; baseline -0.002 -15"><span class='ocrx_word' id='word_1_120' title='bbox 203 965 360 1004; x_wconf 84' lang='lat' dir='ltr'><strong>tionem</strong></span> <span class='ocrx_word' id='word_1_121' title='bbox 395 962 532 1018; x_wconf 86' lang='lat' dir='ltr'><strong>quoad</strong></span> <span class='ocrx_word' id='word_1_122' title='bbox 565 963 724 1002; x_wconf 86' lang='lat' dir='ltr'><strong>factum</strong></span> <span class='ocrx_word' id='word_1_123' title='bbox 758 961 1008 1015; x_wconf 75' lang='lat' dir='ltr'><strong>eligentium</strong></span> <span class='ocrx_word' id='word_1_124' title='bbox 1043 959 1377 1000; x_wconf 87' lang='lat' dir='ltr'><strong>confirmandam</strong></span> <span class='ocrx_word' id='word_1_125' title='bbox 1411 959 1584 999; x_wconf 87' lang='lat' dir='ltr'><strong>duxerit</strong></span> <span class='ocrx_word' id='word_1_126' title='bbox 1616 963 1689 999; x_wconf 90' lang='lat' dir='ltr'><strong>aut</strong></span> <span class='ocrx_word' id='word_1_127' title='bbox 1722 960 1854 1000; x_wconf 87' lang='lat' dir='ltr'><strong>etiam</strong></span> <span class='ocrx_word' id='word_1_128' title='bbox 1886 959 2203 1011; x_wconf 86' lang='lat' dir='ltr'><strong>infirmandam,</strong></span> <span class='ocrx_word' id='word_1_129' title='bbox 2247 963 2290 1000; x_wconf 89' lang='lat' dir='ltr'><strong>et</strong></span> <span class='ocrx_word' id='word_1_130' title='bbox 2323 959 2384 1000; x_wconf 94' lang='lat' dir='ltr'><strong>sic</strong></span> 
     </span>
     <span class='ocr_line' id='line_1_13' title="bbox 203 1027 2383 1086; baseline -0.002 -14"><span class='ocrx_word' id='word_1_131' title='bbox 203 1034 264 1072; x_wconf 80' lang='lat' dir='ltr'><strong>ius</strong></span> <span class='ocrx_word' id='word_1_132' title='bbox 300 1032 377 1072; x_wconf 88' lang='lat' dir='ltr'><strong>sibi</strong></span> <span class='ocrx_word' id='word_1_133' title='bbox 411 1031 651 1086; x_wconf 84' lang='lat' dir='ltr'><strong>principum</strong></span> <span class='ocrx_word' id='word_1_134' title='bbox 685 1030 928 1070; x_wconf 88' lang='lat' dir='ltr'><strong>nullatenus</strong></span> <span class='ocrx_word' id='word_1_135' title='bbox 951 1029 1172 1084; x_wconf 84' lang='lat' dir='ltr'><strong>usurparit</strong></span> <span class='ocrx_word' id='word_1_136' title='bbox 1193 1034 1267 1069; x_wconf 88' lang='lat' dir='ltr'><strong>aut</strong></span> <span class='ocrx_word' id='word_1_137' title='bbox 1290 1028 1455 1069; x_wconf 89' lang='lat' dir='ltr'><strong>venerit</strong></span> <span class='ocrx_word' id='word_1_138' title='bbox 1480 1032 1627 1068; x_wconf 89' lang='lat' dir='ltr'><strong>contra</strong></span> <span class='ocrx_word' id='word_1_139' title='bbox 1649 1027 1767 1070; x_wconf 91' lang='lat' dir='ltr'><strong>illud.</strong></span> <span class='ocrx_word' id='word_1_140' title='bbox 1821 1027 2030 1069; x_wconf 83' lang='lat' dir='ltr'><strong>Exercuit</strong></span> <span class='ocrx_word' id='word_1_141' title='bbox 2052 1031 2196 1069; x_wconf 86' lang='lat' dir='ltr'><strong>autem</strong></span> <span class='ocrx_word' id='word_1_142' title='bbox 2220 1027 2383 1069; x_wconf 91' lang='lat' dir='ltr'><strong>denun-</strong></span> 
     </span>
     <span class='ocr_line' id='line_1_14' title="bbox 206 1096 2384 1153; baseline -0.002 -12"><span class='ocrx_word' id='word_1_143' title='bbox 206 1102 368 1141; x_wconf 82' lang='lat' dir='ltr'><strong>tiatoris</strong></span> <span class='ocrx_word' id='word_1_144' title='bbox 402 1100 601 1141; x_wconf 82' lang='lat' dir='ltr'><strong>osticium.</strong></span> <span class='ocrx_word' id='word_1_145' title='bbox 635 1099 733 1153; x_wconf 88' lang='lat' dir='ltr'><strong>quia</strong></span> <span class='ocrx_word' id='word_1_146' title='bbox 765 1112 994 1153; x_wconf 90' lang='lat' dir='ltr'><strong>personam</strong></span> <span class='ocrx_word' id='word_1_147' title='bbox 1027 1097 1146 1138; x_wconf 89' lang='lat' dir='ltr'><strong>ducis</strong></span> <span class='ocrx_word' id='word_1_148' title='bbox 1181 1096 1373 1137; x_wconf 88' lang='lat' dir='ltr'><strong>ciusdem</strong></span> <span class='ocrx_word' id='word_1_149' title='bbox 1407 1096 1676 1137; x_wconf 87' lang='lat' dir='ltr'><strong>denuntiavit</strong></span> <span class='ocrx_word' id='word_1_150' title='bbox 1700 1097 1919 1151; x_wconf 83' lang='lat' dir='ltr'><strong>indignam</strong></span> <span class='ocrx_word' id='word_1_151' title='bbox 1945 1100 1986 1137; x_wconf 91' lang='lat' dir='ltr'><strong>et</strong></span> <span class='ocrx_word' id='word_1_152' title='bbox 2018 1110 2249 1152; x_wconf 86' lang='lat' dir='ltr'><strong>personam</strong></span> <span class='ocrx_word' id='word_1_153' title='bbox 2270 1097 2384 1151; x_wconf 86' lang='lat' dir='ltr'><strong>regis</strong></span> 
     </span>
     <span class='ocr_line' id='line_1_15' title="bbox 203 1165 2383 1225; baseline -0.001 -16"><span class='ocrx_word' id='word_1_154' title='bbox 203 1171 335 1225; x_wconf 80' lang='lat' dir='ltr'><strong>ipsius</strong></span> <span class='ocrx_word' id='word_1_155' title='bbox 371 1169 638 1210; x_wconf 84' lang='lat' dir='ltr'><strong>denuntiavit</strong></span> <span class='ocrx_word' id='word_1_156' title='bbox 671 1168 868 1208; x_wconf 88' lang='lat' dir='ltr'><strong>idoneam</strong></span> <span class='ocrx_word' id='word_1_157' title='bbox 901 1166 1040 1221; x_wconf 90' lang='lat' dir='ltr'><strong>quoad</strong></span> <span class='ocrx_word' id='word_1_158' title='bbox 1069 1166 1294 1221; x_wconf 89' lang='lat' dir='ltr'><strong>imperium</strong></span> <span class='ocrx_word' id='word_1_159' title='bbox 1317 1165 1609 1210; x_wconf 73' lang='lat' dir='ltr'><strong>obtinendum.</strong></span> <span class='ocrx_word' id='word_1_160' title='bbox 1642 1180 1725 1206; x_wconf 90' lang='lat' dir='ltr'><strong>non</strong></span> <span class='ocrx_word' id='word_1_161' title='bbox 1749 1170 1835 1206; x_wconf 90' lang='lat' dir='ltr'><strong>tam</strong></span> <span class='ocrx_word' id='word_1_162' title='bbox 1860 1170 2033 1221; x_wconf 88' lang='lat' dir='ltr'><strong>propter</strong></span> <span class='ocrx_word' id='word_1_163' title='bbox 2056 1165 2197 1206; x_wconf 89' lang='lat' dir='ltr'><strong>studia</strong></span> <span class='ocrx_word' id='word_1_164' title='bbox 2220 1165 2383 1220; x_wconf 84' lang='lat' dir='ltr'><strong>eligen-</strong></span> 
     </span>
     <span class='ocr_line' id='line_1_16' title="bbox 204 1234 2381 1292; baseline -0.002 -13"><span class='ocrx_word' id='word_1_165' title='bbox 204 1240 330 1279; x_wconf 82' lang='lat' dir='ltr'><strong>tium.</strong></span> <span class='ocrx_word' id='word_1_166' title='bbox 364 1252 487 1292; x_wconf 89' lang='lat' dir='ltr'><strong>quam</strong></span> <span class='ocrx_word' id='word_1_167' title='bbox 522 1242 696 1292; x_wconf 82' lang='lat' dir='ltr'><strong>propter</strong></span> <span class='ocrx_word' id='word_1_168' title='bbox 728 1236 881 1277; x_wconf 89' lang='lat' dir='ltr'><strong>merita</strong></span> <span class='ocrx_word' id='word_1_169' title='bbox 914 1236 1168 1277; x_wconf 88' lang='lat' dir='ltr'><strong>electorum:</strong></span> <span class='ocrx_word' id='word_1_170' title='bbox 1202 1235 1396 1290; x_wconf 85' lang='lat' dir='ltr'><strong>quamvis</strong></span> <span class='ocrx_word' id='word_1_171' title='bbox 1429 1234 1572 1289; x_wconf 89' lang='lat' dir='ltr'><strong>plures</strong></span> <span class='ocrx_word' id='word_1_172' title='bbox 1608 1249 1663 1274; x_wconf 89' lang='lat' dir='ltr'><strong>ex</strong></span> <span class='ocrx_word' id='word_1_173' title='bbox 1695 1235 1801 1286; x_wconf 89' lang='lat' dir='ltr'><strong>illis,</strong></span> <span class='ocrx_word' id='word_1_174' title='bbox 1835 1235 1906 1289; x_wconf 92' lang='lat' dir='ltr'><strong>qui</strong></span> <span class='ocrx_word' id='word_1_175' title='bbox 1940 1234 2127 1289; x_wconf 85' lang='lat' dir='ltr'><strong>eligendi</strong></span> <span class='ocrx_word' id='word_1_176' title='bbox 2161 1248 2307 1289; x_wconf 83' lang='lat' dir='ltr'><strong>regem</strong></span> <span class='ocrx_word' id='word_1_177' title='bbox 2340 1235 2381 1275; x_wconf 93' lang='lat' dir='ltr'><strong>in</strong></span> 
     </span>
     <span class='ocr_line' id='line_1_17' title="bbox 204 1302 2382 1362; baseline -0.001 -15"><span class='ocrx_word' id='word_1_178' title='bbox 204 1308 505 1362; x_wconf 80' lang='lat' dir='ltr'><strong>imperatorem</strong></span> <span class='ocrx_word' id='word_1_179' title='bbox 546 1305 881 1360; x_wconf 83' lang='lat' dir='ltr'><strong>promovendum</strong></span> <span class='ocrx_word' id='word_1_180' title='bbox 922 1304 974 1345; x_wconf 91' lang='lat' dir='ltr'><strong>de</strong></span> <span class='ocrx_word' id='word_1_181' title='bbox 1016 1305 1108 1345; x_wconf 87' lang='lat' dir='ltr'><strong>iure</strong></span> <span class='ocrx_word' id='word_1_182' title='bbox 1141 1318 1189 1344; x_wconf 89' lang='lat' dir='ltr'><strong>ac</strong></span> <span class='ocrx_word' id='word_1_183' title='bbox 1223 1302 1533 1344; x_wconf 89' lang='lat' dir='ltr'><strong>consuetudine</strong></span> <span class='ocrx_word' id='word_1_184' title='bbox 1567 1303 1761 1344; x_wconf 88' lang='lat' dir='ltr'><strong>obtinent</strong></span> <span class='ocrx_word' id='word_1_185' title='bbox 1793 1307 2070 1358; x_wconf 72' lang='lat' dir='ltr'><strong>potestatem,</strong></span> <span class='ocrx_word' id='word_1_186' title='bbox 2115 1304 2382 1345; x_wconf 86' lang='lat' dir='ltr'><strong>consensisse</strong></span> 
     </span>
     <span class='ocr_line' id='line_1_18' title="bbox 203 1371 2382 1431; baseline -0.001 -17"><span class='ocrx_word' id='word_1_187' title='bbox 203 1376 509 1431; x_wconf 83' lang='lat' dir='ltr'><strong>perhibeantur</strong></span> <span class='ocrx_word' id='word_1_188' title='bbox 543 1376 582 1415; x_wconf 91' lang='lat' dir='ltr'><strong>in</strong></span> <span class='ocrx_word' id='word_1_189' title='bbox 616 1375 753 1429; x_wconf 85' lang='lat' dir='ltr'><strong>ipsum</strong></span> <span class='ocrx_word' id='word_1_190' title='bbox 787 1387 932 1428; x_wconf 90' lang='lat' dir='ltr'><strong>regem</strong></span> <span class='ocrx_word' id='word_1_191' title='bbox 966 1373 1192 1419; x_wconf 80' lang='lat' dir='ltr'><strong>Ottonem,</strong></span> <span class='ocrx_word' id='word_1_192' title='bbox 1234 1376 1276 1413; x_wconf 87' lang='lat' dir='ltr'><strong>et</strong></span> <span class='ocrx_word' id='word_1_193' title='bbox 1310 1387 1364 1413; x_wconf 82' lang='lat' dir='ltr'><strong>ex</strong></span> <span class='ocrx_word' id='word_1_194' title='bbox 1396 1386 1445 1413; x_wconf 92' lang='lat' dir='ltr'><strong>eo</strong></span> <span class='ocrx_word' id='word_1_195' title='bbox 1479 1371 1591 1426; x_wconf 92' lang='lat' dir='ltr'><strong>quod</strong></span> <span class='ocrx_word' id='word_1_196' title='bbox 1625 1372 1814 1413; x_wconf 87' lang='lat' dir='ltr'><strong>fautores</strong></span> <span class='ocrx_word' id='word_1_197' title='bbox 1847 1371 2097 1427; x_wconf 86' lang='lat' dir='ltr'><strong>Ph(ilippi),</strong></span> <span class='ocrx_word' id='word_1_198' title='bbox 2131 1372 2382 1413; x_wconf 86' lang='lat' dir='ltr'><strong>absentibus</strong></span> 
     </span>
     <span class='ocr_line' id='line_1_19' title="bbox 203 1441 2383 1499; baseline -0.001 -15"><span class='ocrx_word' id='word_1_199' title='bbox 203 1445 296 1484; x_wconf 82' lang='lat' dir='ltr'><strong>aliis</strong></span> <span class='ocrx_word' id='word_1_200' title='bbox 340 1448 381 1484; x_wconf 88' lang='lat' dir='ltr'><strong>et</strong></span> <span class='ocrx_word' id='word_1_201' title='bbox 421 1444 699 1499; x_wconf 76' lang='lat' dir='ltr'><strong>contemptis,</strong></span> <span class='ocrx_word' id='word_1_202' title='bbox 742 1444 879 1497; x_wconf 86' lang='lat' dir='ltr'><strong>ipsum</strong></span> <span class='ocrx_word' id='word_1_203' title='bbox 922 1443 1083 1497; x_wconf 86' lang='lat' dir='ltr'><strong>eligere</strong></span> <span class='ocrx_word' id='word_1_204' title='bbox 1126 1445 1500 1497; x_wconf 78' lang='lat' dir='ltr'><strong>presumpserunt,</strong></span> <span class='ocrx_word' id='word_1_205' title='bbox 1544 1445 1693 1496; x_wconf 89' lang='lat' dir='ltr'><strong>pateat</strong></span> <span class='ocrx_word' id='word_1_206' title='bbox 1732 1455 1805 1482; x_wconf 90' lang='lat' dir='ltr'><strong>eos</strong></span> <span class='ocrx_word' id='word_1_207' title='bbox 1844 1455 2071 1496; x_wconf 86' lang='lat' dir='ltr'><strong>perperam</strong></span> <span class='ocrx_word' id='word_1_208' title='bbox 2102 1441 2383 1496; x_wconf 89' lang='lat' dir='ltr'><strong>processisse;</strong></span> 
     </span>
     <span class='ocr_line' id='line_1_20' title="bbox 203 1509 2384 1567; baseline -0.001 -14"><span class='ocrx_word' id='word_1_209' title='bbox 203 1528 298 1553; x_wconf 89' lang='lat' dir='ltr'><strong>cum</strong></span> <span class='ocrx_word' id='word_1_210' title='bbox 323 1513 531 1567; x_wconf 78' lang='lat' dir='ltr'><strong>explorati</strong></span> <span class='ocrx_word' id='word_1_211' title='bbox 557 1513 610 1553; x_wconf 89' lang='lat' dir='ltr'><strong>sit</strong></span> <span class='ocrx_word' id='word_1_212' title='bbox 633 1513 751 1553; x_wconf 89' lang='lat' dir='ltr'><strong>iuris.</strong></span> <span class='ocrx_word' id='word_1_213' title='bbox 775 1511 888 1566; x_wconf 89' lang='lat' dir='ltr'><strong>quod</strong></span> <span class='ocrx_word' id='word_1_214' title='bbox 911 1511 1112 1552; x_wconf 86' lang='lat' dir='ltr'><strong>electioni</strong></span> <span class='ocrx_word' id='word_1_215' title='bbox 1137 1511 1231 1565; x_wconf 89' lang='lat' dir='ltr'><strong>plus</strong></span> <span class='ocrx_word' id='word_1_216' title='bbox 1257 1514 1528 1565; x_wconf 88' lang='lat' dir='ltr'><strong>contemptus</strong></span> <span class='ocrx_word' id='word_1_217' title='bbox 1553 1510 1677 1550; x_wconf 90' lang='lat' dir='ltr'><strong>unius</strong></span> <span class='ocrx_word' id='word_1_218' title='bbox 1701 1524 1827 1565; x_wconf 89' lang='lat' dir='ltr'><strong>quam</strong></span> <span class='ocrx_word' id='word_1_219' title='bbox 1852 1509 2132 1551; x_wconf 85' lang='lat' dir='ltr'><strong>contradictio</strong></span> <span class='ocrx_word' id='word_1_220' title='bbox 2156 1510 2384 1551; x_wconf 89' lang='lat' dir='ltr'><strong>multorum</strong></span> 
     </span>
     <span class='ocr_line' id='line_1_21' title="bbox 203 1579 2387 1636; baseline 0.001 -18"><span class='ocrx_word' id='word_1_221' title='bbox 203 1582 395 1622; x_wconf 69' lang='lat' dir='ltr'><strong>obsistat.</strong></span> <span class='ocrx_word' id='word_1_222' title='bbox 468 1581 591 1622; x_wconf 82' lang='lat' dir='ltr'><strong>Unde</strong></span> <span class='ocrx_word' id='word_1_223' title='bbox 632 1582 731 1635; x_wconf 88' lang='lat' dir='ltr'><strong>quia</strong></span> <span class='ocrx_word' id='word_1_224' title='bbox 773 1581 1046 1636; x_wconf 87' lang='lat' dir='ltr'><strong>privilegium</strong></span> <span class='ocrx_word' id='word_1_225' title='bbox 1087 1584 1334 1621; x_wconf 88' lang='lat' dir='ltr'><strong>meruerunt</strong></span> <span class='ocrx_word' id='word_1_226' title='bbox 1376 1579 1595 1627; x_wconf 83' lang='lat' dir='ltr'><strong>amittere,</strong></span> <span class='ocrx_word' id='word_1_227' title='bbox 1644 1580 1714 1634; x_wconf 85' lang='lat' dir='ltr'><strong>qui</strong></span> <span class='ocrx_word' id='word_1_228' title='bbox 1754 1579 1963 1634; x_wconf 88' lang='lat' dir='ltr'><strong>permissa</strong></span> <span class='ocrx_word' id='word_1_229' title='bbox 2003 1579 2082 1620; x_wconf 88' lang='lat' dir='ltr'><strong>sibi</strong></span> <span class='ocrx_word' id='word_1_230' title='bbox 2126 1579 2250 1620; x_wconf 86' lang='lat' dir='ltr'><strong>abusi</strong></span> <span class='ocrx_word' id='word_1_231' title='bbox 2289 1582 2387 1620; x_wconf 92' lang='lat' dir='ltr'><strong>sunt</strong></span> 
     </span>
     <span class='ocr_line' id='line_1_22' title="bbox 203 1647 2385 1706; baseline 0 -18"><span class='ocrx_word' id='word_1_232' title='bbox 203 1656 435 1706; x_wconf 82' lang='lat' dir='ltr'><strong>potestate.</strong></span> <span class='ocrx_word' id='word_1_233' title='bbox 470 1650 603 1692; x_wconf 81' lang='lat' dir='ltr'><strong>videri</strong></span> <span class='ocrx_word' id='word_1_234' title='bbox 636 1665 716 1690; x_wconf 90' lang='lat' dir='ltr'><strong>non</strong></span> <span class='ocrx_word' id='word_1_235' title='bbox 751 1650 963 1691; x_wconf 89' lang='lat' dir='ltr'><strong>immerito</strong></span> <span class='ocrx_word' id='word_1_236' title='bbox 996 1653 1157 1704; x_wconf 86' lang='lat' dir='ltr'><strong>potest,</strong></span> <span class='ocrx_word' id='word_1_237' title='bbox 1201 1648 1314 1703; x_wconf 88' lang='lat' dir='ltr'><strong>quod</strong></span> <span class='ocrx_word' id='word_1_238' title='bbox 1346 1648 1502 1689; x_wconf 88' lang='lat' dir='ltr'><strong>iniuria</strong></span> <span class='ocrx_word' id='word_1_239' title='bbox 1534 1648 1777 1689; x_wconf 91' lang='lat' dir='ltr'><strong>huiusmodi</strong></span> <span class='ocrx_word' id='word_1_240' title='bbox 1810 1662 1895 1689; x_wconf 92' lang='lat' dir='ltr'><strong>non</strong></span> <span class='ocrx_word' id='word_1_241' title='bbox 1927 1648 2126 1689; x_wconf 89' lang='lat' dir='ltr'><strong>obstante</strong></span> <span class='ocrx_word' id='word_1_242' title='bbox 2161 1647 2291 1689; x_wconf 89' lang='lat' dir='ltr'><strong>ceteri</strong></span> <span class='ocrx_word' id='word_1_243' title='bbox 2323 1648 2385 1689; x_wconf 92' lang='lat' dir='ltr'><strong>uti</strong></span> 
     </span>
     <span class='ocr_line' id='line_1_23' title="bbox 207 1716 2387 1775; baseline -0.001 -15"><span class='ocrx_word' id='word_1_244' title='bbox 207 1721 423 1775; x_wconf 84' lang='lat' dir='ltr'><strong>potuerint</strong></span> <span class='ocrx_word' id='word_1_245' title='bbox 456 1721 545 1760; x_wconf 87' lang='lat' dir='ltr'><strong>iure</strong></span> <span class='ocrx_word' id='word_1_246' title='bbox 579 1734 667 1759; x_wconf 83' lang='lat' dir='ltr'><strong>suo.</strong></span> <span class='ocrx_word' id='word_1_247' title='bbox 787 1718 852 1774; x_wconf 77' lang='lat'><strong>(6)</strong></span> <span class='ocrx_word' id='word_1_248' title='bbox 886 1718 940 1758; x_wconf 86' lang='lat' dir='ltr'><strong>Et</strong></span> <span class='ocrx_word' id='word_1_249' title='bbox 974 1719 1176 1773; x_wconf 88' lang='lat' dir='ltr'><strong>quoniam</strong></span> <span class='ocrx_word' id='word_1_250' title='bbox 1209 1717 1295 1757; x_wconf 87' lang='lat' dir='ltr'><strong>dux</strong></span> <span class='ocrx_word' id='word_1_251' title='bbox 1329 1717 1547 1772; x_wconf 91' lang='lat' dir='ltr'><strong>predictus</strong></span> <span class='ocrx_word' id='word_1_252' title='bbox 1579 1731 1658 1758; x_wconf 91' lang='lat' dir='ltr'><strong>nec</strong></span> <span class='ocrx_word' id='word_1_253' title='bbox 1692 1717 1763 1758; x_wconf 90' lang='lat' dir='ltr'><strong>ubi</strong></span> <span class='ocrx_word' id='word_1_254' title='bbox 1795 1717 1943 1758; x_wconf 87' lang='lat' dir='ltr'><strong>debuit</strong></span> <span class='ocrx_word' id='word_1_255' title='bbox 1976 1731 2055 1758; x_wconf 89' lang='lat' dir='ltr'><strong>nec</strong></span> <span class='ocrx_word' id='word_1_256' title='bbox 2087 1731 2112 1758; x_wconf 86' lang='lat' dir='ltr'><strong>a</strong></span> <span class='ocrx_word' id='word_1_257' title='bbox 2135 1731 2217 1772; x_wconf 91' lang='lat' dir='ltr'><strong>quo</strong></span> <span class='ocrx_word' id='word_1_258' title='bbox 2241 1716 2387 1758; x_wconf 87' lang='lat' dir='ltr'><strong>debuit</strong></span> 
     </span>
     <span class='ocr_line' id='line_1_24' title="bbox 205 1785 2386 1842; baseline -0.001 -13"><span class='ocrx_word' id='word_1_259' title='bbox 205 1803 406 1829; x_wconf 87' lang='lat' dir='ltr'><strong>coronam</strong></span> <span class='ocrx_word' id='word_1_260' title='bbox 440 1794 481 1829; x_wconf 91' lang='lat' dir='ltr'><strong>et</strong></span> <span class='ocrx_word' id='word_1_261' title='bbox 513 1789 757 1829; x_wconf 87' lang='lat' dir='ltr'><strong>unctionem</strong></span> <span class='ocrx_word' id='word_1_262' title='bbox 790 1788 968 1842; x_wconf 85' lang='lat' dir='ltr'><strong>aceepit,</strong></span> <span class='ocrx_word' id='word_1_263' title='bbox 1003 1791 1263 1828; x_wconf 88' lang='lat' dir='ltr'><strong>memoratus</strong></span> <span class='ocrx_word' id='word_1_264' title='bbox 1286 1799 1388 1827; x_wconf 93' lang='lat' dir='ltr'><strong>vero</strong></span> <span class='ocrx_word' id='word_1_265' title='bbox 1422 1799 1497 1825; x_wconf 77' lang='lat' dir='ltr'><strong>rex</strong></span> <span class='ocrx_word' id='word_1_266' title='bbox 1527 1790 1569 1826; x_wconf 93' lang='lat' dir='ltr'><strong>et</strong></span> <span class='ocrx_word' id='word_1_267' title='bbox 1596 1786 1670 1827; x_wconf 86' lang='lat' dir='ltr'><strong>ubi</strong></span> <span class='ocrx_word' id='word_1_268' title='bbox 1693 1785 1853 1837; x_wconf 82' lang='lat' dir='ltr'><strong>debuit,</strong></span> <span class='ocrx_word' id='word_1_269' title='bbox 1888 1786 2090 1827; x_wconf 89' lang='lat' dir='ltr'><strong>videlicet</strong></span> <span class='ocrx_word' id='word_1_270' title='bbox 2112 1785 2386 1840; x_wconf 87' lang='lat' dir='ltr'><strong>Aquisgrani,</strong></span> 
     </span>
     <span class='ocr_line' id='line_1_25' title="bbox 205 1854 2388 1912; baseline -0 -15"><span class='ocrx_word' id='word_1_271' title='bbox 205 1868 245 1897; x_wconf 84' lang='lat' dir='ltr'><strong>et</strong></span> <span class='ocrx_word' id='word_1_272' title='bbox 287 1873 309 1897; x_wconf 87' lang='lat' dir='ltr'><strong>a</strong></span> <span class='ocrx_word' id='word_1_273' title='bbox 349 1872 430 1912; x_wconf 91' lang='lat' dir='ltr'><strong>quo</strong></span> <span class='ocrx_word' id='word_1_274' title='bbox 471 1857 636 1897; x_wconf 89' lang='lat' dir='ltr'><strong>debuit.</strong></span> <span class='ocrx_word' id='word_1_275' title='bbox 677 1858 842 1897; x_wconf 89' lang='lat' dir='ltr'><strong>scilicet</strong></span> <span class='ocrx_word' id='word_1_276' title='bbox 882 1871 906 1897; x_wconf 90' lang='lat' dir='ltr'><strong>a</strong></span> <span class='ocrx_word' id='word_1_277' title='bbox 947 1856 1184 1897; x_wconf 78' lang='lat' dir='ltr'><strong>venerabili</strong></span> <span class='ocrx_word' id='word_1_278' title='bbox 1228 1856 1360 1896; x_wconf 89' lang='lat' dir='ltr'><strong>fratre</strong></span> <span class='ocrx_word' id='word_1_279' title='bbox 1402 1860 1546 1895; x_wconf 90' lang='lat' dir='ltr'><strong>nostro</strong></span> <span class='ocrx_word' id='word_1_280' title='bbox 1581 1854 1827 1896; x_wconf 84' lang='lat' dir='ltr'><strong>Coloniensi</strong></span> <span class='ocrx_word' id='word_1_281' title='bbox 1867 1855 2191 1910; x_wconf 89' lang='lat' dir='ltr'><strong>archiepiscopo</strong></span> <span class='ocrx_word' id='word_1_282' title='bbox 2223 1855 2388 1910; x_wconf 89' lang='lat' dir='ltr'><strong>recepit</strong></span> 
     </span>
     <span class='ocr_line' id='line_1_26' title="bbox 205 1922 2384 1980; baseline -0.001 -14"><span class='ocrx_word' id='word_1_283' title='bbox 205 1937 450 1980; x_wconf 89' lang='lat' dir='ltr'><strong>utrumque.</strong></span> <span class='ocrx_word' id='word_1_284' title='bbox 482 1940 559 1966; x_wconf 88' lang='lat' dir='ltr'><strong>nos</strong></span> <span class='ocrx_word' id='word_1_285' title='bbox 593 1926 739 1980; x_wconf 85' lang='lat' dir='ltr'><strong>utiquc</strong></span> <span class='ocrx_word' id='word_1_286' title='bbox 774 1940 854 1965; x_wconf 90' lang='lat' dir='ltr'><strong>non</strong></span> <span class='ocrx_word' id='word_1_287' title='bbox 888 1924 1188 1980; x_wconf 77' lang='lat' dir='ltr'><strong>Ph(ilippum),</strong></span> <span class='ocrx_word' id='word_1_288' title='bbox 1222 1923 1296 1965; x_wconf 88' lang='lat' dir='ltr'><strong>sed</strong></span> <span class='ocrx_word' id='word_1_289' title='bbox 1321 1922 1565 1977; x_wconf 84' lang='lat' dir='ltr'><strong>Ot(tonem)</strong></span> <span class='ocrx_word' id='word_1_290' title='bbox 1598 1927 1850 1978; x_wconf 84' lang='lat' dir='ltr'><strong>reputamus</strong></span> <span class='ocrx_word' id='word_1_291' title='bbox 1885 1928 1928 1965; x_wconf 91' lang='lat' dir='ltr'><strong>et</strong></span> <span class='ocrx_word' id='word_1_292' title='bbox 1950 1925 2215 1965; x_wconf 90' lang='lat' dir='ltr'><strong>nominamus</strong></span> <span class='ocrx_word' id='word_1_293' title='bbox 2237 1937 2384 1978; x_wconf 86' lang='lat' dir='ltr'><strong>regem</strong></span> 
     </span>
     <span class='ocr_line' id='line_1_27' title="bbox 206 1992 2387 2049; baseline -0.001 -14"><span class='ocrx_word' id='word_1_294' title='bbox 206 1996 365 2036; x_wconf 85' lang='lat' dir='ltr'><strong>iustitia</strong></span> <span class='ocrx_word' id='word_1_295' title='bbox 399 1995 614 2049; x_wconf 83' lang='lat' dir='ltr'><strong>exigente.</strong></span> <span class='ocrx_word' id='word_1_296' title='bbox 678 1994 725 2034; x_wconf 90' lang='lat' dir='ltr'><strong>In</strong></span> <span class='ocrx_word' id='word_1_297' title='bbox 766 1994 1070 2049; x_wconf 87' lang='lat' dir='ltr'><strong>reprobatione</strong></span> <span class='ocrx_word' id='word_1_298' title='bbox 1103 2007 1205 2034; x_wconf 92' lang='lat' dir='ltr'><strong>vero</strong></span> <span class='ocrx_word' id='word_1_299' title='bbox 1245 1992 1400 2047; x_wconf 88' lang='lat' dir='ltr'><strong>prefati</strong></span> <span class='ocrx_word' id='word_1_300' title='bbox 1433 1992 1661 2047; x_wconf 83' lang='lat' dir='ltr'><strong>Ph(ilippi)</strong></span> <span class='ocrx_word' id='word_1_301' title='bbox 1700 1992 1818 2033; x_wconf 90' lang='lat' dir='ltr'><strong>ducis</strong></span> <span class='ocrx_word' id='word_1_302' title='bbox 1853 1992 2012 2035; x_wconf 81' lang='lat' dir='ltr'><strong>Sueuie</strong></span> <span class='ocrx_word' id='word_1_303' title='bbox 2045 1996 2221 2049; x_wconf 91' lang='lat' dir='ltr'><strong>propter</strong></span> <span class='ocrx_word' id='word_1_304' title='bbox 2253 1993 2387 2033; x_wconf 91' lang='lat' dir='ltr'><strong>mani-</strong></span> 
     </span>
     <span class='ocr_line' id='line_1_28' title="bbox 210 2061 2390 2119; baseline -0.002 -14"><span class='ocrx_word' id='word_1_305' title='bbox 210 2066 317 2105; x_wconf 74' lang='lat' dir='ltr'><strong>festa</strong></span> <span class='ocrx_word' id='word_1_306' title='bbox 351 2064 655 2119; x_wconf 88' lang='lat' dir='ltr'><strong>impedimenta</strong></span> <span class='ocrx_word' id='word_1_307' title='bbox 692 2077 874 2119; x_wconf 87' lang='lat' dir='ltr'><strong>persone</strong></span> <span class='ocrx_word' id='word_1_308' title='bbox 915 2077 998 2104; x_wconf 91' lang='lat' dir='ltr'><strong>non</strong></span> <span class='ocrx_word' id='word_1_309' title='bbox 1032 2063 1305 2104; x_wconf 83' lang='lat' dir='ltr'><strong>accusatione</strong></span> <span class='ocrx_word' id='word_1_310' title='bbox 1339 2062 1413 2102; x_wconf 88' lang='lat' dir='ltr'><strong>sed</strong></span> <span class='ocrx_word' id='word_1_311' title='bbox 1437 2061 1823 2116; x_wconf 86' lang='lat' dir='ltr'><strong>condempnatione</strong></span> <span class='ocrx_word' id='word_1_312' title='bbox 1857 2062 2000 2118; x_wconf 92' lang='lat' dir='ltr'><strong>potius</strong></span> <span class='ocrx_word' id='word_1_313' title='bbox 2033 2062 2113 2103; x_wconf 90' lang='lat' dir='ltr'><strong>fuit</strong></span> <span class='ocrx_word' id='word_1_314' title='bbox 2135 2075 2256 2117; x_wconf 85' lang='lat' dir='ltr'><strong>opus,</strong></span> <span class='ocrx_word' id='word_1_315' title='bbox 2290 2061 2390 2116; x_wconf 90' lang='lat' dir='ltr'><strong>quia</strong></span> 
     </span>
     <span class='ocr_line' id='line_1_29' title="bbox 210 2130 2387 2187; baseline -0.001 -14"><span class='ocrx_word' id='word_1_316' title='bbox 210 2148 290 2173; x_wconf 87' lang='lat' dir='ltr'><strong>non</strong></span> <span class='ocrx_word' id='word_1_317' title='bbox 325 2133 597 2173; x_wconf 81' lang='lat' dir='ltr'><strong>accusatione</strong></span> <span class='ocrx_word' id='word_1_318' title='bbox 622 2132 694 2173; x_wconf 90' lang='lat' dir='ltr'><strong>sed</strong></span> <span class='ocrx_word' id='word_1_319' title='bbox 720 2132 1106 2187; x_wconf 88' lang='lat' dir='ltr'><strong>condempnatione</strong></span> <span class='ocrx_word' id='word_1_320' title='bbox 1130 2131 1323 2186; x_wconf 85' lang='lat' dir='ltr'><strong>indigent</strong></span> <span class='ocrx_word' id='word_1_321' title='bbox 1346 2131 1586 2172; x_wconf 89' lang='lat' dir='ltr'><strong>manifesta.</strong></span> <span class='ocrx_word' id='word_1_322' title='bbox 1642 2130 1767 2178; x_wconf 82' lang='lat' dir='ltr'><strong>Quod</strong></span> <span class='ocrx_word' id='word_1_323' title='bbox 1789 2135 1947 2183; x_wconf 91' lang='lat' dir='ltr'><strong>autem,</strong></span> <span class='ocrx_word' id='word_1_324' title='bbox 1981 2145 2076 2172; x_wconf 92' lang='lat' dir='ltr'><strong>cum</strong></span> <span class='ocrx_word' id='word_1_325' title='bbox 2110 2131 2152 2172; x_wconf 92' lang='lat' dir='ltr'><strong>in</strong></span> <span class='ocrx_word' id='word_1_326' title='bbox 2175 2131 2387 2172; x_wconf 89' lang='lat' dir='ltr'><strong>electione</strong></span> 
     </span>
     <span class='ocr_line' id='line_1_30' title="bbox 208 2199 2386 2256; baseline 0 -16"><span class='ocrx_word' id='word_1_327' title='bbox 208 2212 303 2242; x_wconf 75' lang='lat' dir='ltr'><strong>vota</strong></span> <span class='ocrx_word' id='word_1_328' title='bbox 338 2202 575 2256; x_wconf 88' lang='lat' dir='ltr'><strong>principum</strong></span> <span class='ocrx_word' id='word_1_329' title='bbox 609 2201 868 2249; x_wconf 74' lang='lat' dir='ltr'><strong>dividuntur,v</strong></span> <span class='ocrx_word' id='word_1_330' title='bbox 903 2206 999 2256; x_wconf 90' lang='lat' dir='ltr'><strong>post</strong></span> <span class='ocrx_word' id='word_1_331' title='bbox 1031 2201 1383 2241; x_wconf 85' lang='lat' dir='ltr'><strong>ammonitionem</strong></span> <span class='ocrx_word' id='word_1_332' title='bbox 1415 2204 1458 2240; x_wconf 90' lang='lat' dir='ltr'><strong>et</strong></span> <span class='ocrx_word' id='word_1_333' title='bbox 1481 2200 1853 2255; x_wconf 78' lang='lat' dir='ltr'><strong>exspectationem</strong></span> <span class='ocrx_word' id='word_1_334' title='bbox 1876 2201 1999 2242; x_wconf 89' lang='lat' dir='ltr'><strong>alteri</strong></span> <span class='ocrx_word' id='word_1_335' title='bbox 2031 2201 2217 2255; x_wconf 88' lang='lat' dir='ltr'><strong>partium</strong></span> <span class='ocrx_word' id='word_1_336' title='bbox 2239 2199 2386 2241; x_wconf 89' lang='lat' dir='ltr'><strong>favere</strong></span> 
     </span>
     <span class='ocr_line' id='line_1_31' title="bbox 211 2268 2389 2325; baseline -0 -15"><span class='ocrx_word' id='word_1_337' title='bbox 211 2270 435 2325; x_wconf 75' lang='lat' dir='ltr'><strong>possumis.</strong></span> <span class='ocrx_word' id='word_1_338' title='bbox 470 2271 656 2311; x_wconf 83' lang='lat' dir='ltr'><strong>maxime</strong></span> <span class='ocrx_word' id='word_1_339' title='bbox 688 2275 912 2325; x_wconf 87' lang='lat' dir='ltr'><strong>postquam</strong></span> <span class='ocrx_word' id='word_1_340' title='bbox 947 2285 971 2310; x_wconf 91' lang='lat' dir='ltr'><strong>a</strong></span> <span class='ocrx_word' id='word_1_341' title='bbox 999 2270 1122 2310; x_wconf 91' lang='lat' dir='ltr'><strong>nobis</strong></span> <span class='ocrx_word' id='word_1_342' title='bbox 1154 2270 1311 2321; x_wconf 84' lang='lat' dir='ltr'><strong>unctio,</strong></span> <span class='ocrx_word' id='word_1_343' title='bbox 1345 2269 1609 2310; x_wconf 91' lang='lat' dir='ltr'><strong>consecratio</strong></span> <span class='ocrx_word' id='word_1_344' title='bbox 1640 2273 1682 2310; x_wconf 90' lang='lat' dir='ltr'><strong>et</strong></span> <span class='ocrx_word' id='word_1_345' title='bbox 1707 2270 1925 2310; x_wconf 89' lang='lat' dir='ltr'><strong>coronatio</strong></span> <span class='ocrx_word' id='word_1_346' title='bbox 1959 2269 2243 2325; x_wconf 86' lang='lat' dir='ltr'><strong>postulantur,</strong></span> <span class='ocrx_word' id='word_1_347' title='bbox 2278 2268 2389 2309; x_wconf 92' lang='lat' dir='ltr'><strong>sicut</strong></span> 
     </span>
     <span class='ocr_line' id='line_1_32' title="bbox 209 2336 2389 2395; baseline -0.001 -15"><span class='ocrx_word' id='word_1_348' title='bbox 209 2351 391 2395; x_wconf 85' lang='lat' dir='ltr'><strong>utraque</strong></span> <span class='ocrx_word' id='word_1_349' title='bbox 425 2355 524 2395; x_wconf 87' lang='lat' dir='ltr'><strong>pars</strong></span> <span class='ocrx_word' id='word_1_350' title='bbox 559 2356 582 2381; x_wconf 87' lang='lat' dir='ltr'><strong>a</strong></span> <span class='ocrx_word' id='word_1_351' title='bbox 615 2339 734 2380; x_wconf 89' lang='lat' dir='ltr'><strong>nobis</strong></span> <span class='ocrx_word' id='word_1_352' title='bbox 758 2340 1004 2380; x_wconf 87' lang='lat' dir='ltr'><strong>multotiens</strong></span> <span class='ocrx_word' id='word_1_353' title='bbox 1036 2339 1285 2394; x_wconf 88' lang='lat' dir='ltr'><strong>postulavit,</strong></span> <span class='ocrx_word' id='word_1_354' title='bbox 1318 2352 1372 2379; x_wconf 87' lang='lat' dir='ltr'><strong>ex</strong></span> <span class='ocrx_word' id='word_1_355' title='bbox 1396 2338 1486 2379; x_wconf 90' lang='lat' dir='ltr'><strong>iure</strong></span> <span class='ocrx_word' id='word_1_356' title='bbox 1517 2341 1637 2393; x_wconf 88' lang='lat' dir='ltr'><strong>patet</strong></span> <span class='ocrx_word' id='word_1_357' title='bbox 1659 2339 1820 2393; x_wconf 88' lang='lat' dir='ltr'><strong>pariter</strong></span> <span class='ocrx_word' id='word_1_358' title='bbox 1843 2342 1885 2380; x_wconf 91' lang='lat' dir='ltr'><strong>et</strong></span> <span class='ocrx_word' id='word_1_359' title='bbox 1907 2339 2122 2393; x_wconf 76' lang='lat' dir='ltr'><strong>exemplo,</strong></span> <span class='ocrx_word' id='word_1_360' title='bbox 2173 2336 2389 2391; x_wconf 87' lang='lat' dir='ltr'><strong>Numquid</strong></span> 
     </span>
     <span class='ocr_line' id='line_1_33' title="bbox 209 2405 2389 2464; baseline -0.001 -15"><span class='ocrx_word' id='word_1_361' title='bbox 209 2410 342 2450; x_wconf 88' lang='lat' dir='ltr'><strong>enim.</strong></span> <span class='ocrx_word' id='word_1_362' title='bbox 390 2410 423 2449; x_wconf 92' lang='lat' dir='ltr'><strong>si</strong></span> <span class='ocrx_word' id='word_1_363' title='bbox 463 2410 680 2464; x_wconf 88' lang='lat' dir='ltr'><strong>principes</strong></span> <span class='ocrx_word' id='word_1_364' title='bbox 722 2408 942 2449; x_wconf 89' lang='lat' dir='ltr'><strong>ammoniti</strong></span> <span class='ocrx_word' id='word_1_365' title='bbox 985 2412 1026 2448; x_wconf 92' lang='lat' dir='ltr'><strong>et</strong></span> <span class='ocrx_word' id='word_1_366' title='bbox 1066 2407 1306 2462; x_wconf 75' lang='lat' dir='ltr'><strong>exspectati</strong></span> <span class='ocrx_word' id='word_1_367' title='bbox 1342 2407 1411 2447; x_wconf 90' lang='lat' dir='ltr'><strong>vel</strong></span> <span class='ocrx_word' id='word_1_368' title='bbox 1450 2420 1532 2447; x_wconf 92' lang='lat' dir='ltr'><strong>non</strong></span> <span class='ocrx_word' id='word_1_369' title='bbox 1566 2407 1753 2461; x_wconf 85' lang='lat' dir='ltr'><strong>poterint</strong></span> <span class='ocrx_word' id='word_1_370' title='bbox 1783 2408 1850 2448; x_wconf 92' lang='lat' dir='ltr'><strong>vel</strong></span> <span class='ocrx_word' id='word_1_371' title='bbox 1889 2407 2107 2449; x_wconf 90' lang='lat' dir='ltr'><strong>noluerint</strong></span> <span class='ocrx_word' id='word_1_372' title='bbox 2145 2405 2389 2457; x_wconf 87' lang='lat' dir='ltr'><strong>convenire,</strong></span> 
     </span>
     <span class='ocr_line' id='line_1_34' title="bbox 210 2474 2389 2533; baseline -0 -16"><span class='ocrx_word' id='word_1_373' title='bbox 210 2478 445 2533; x_wconf 79' lang='lat' dir='ltr'><strong>apostolica</strong></span> <span class='ocrx_word' id='word_1_374' title='bbox 492 2477 614 2518; x_wconf 87' lang='lat' dir='ltr'><strong>sedes</strong></span> <span class='ocrx_word' id='word_1_375' title='bbox 667 2477 874 2518; x_wconf 86' lang='lat' dir='ltr'><strong>advocato</strong></span> <span class='ocrx_word' id='word_1_376' title='bbox 918 2482 959 2518; x_wconf 89' lang='lat' dir='ltr'><strong>et</strong></span> <span class='ocrx_word' id='word_1_377' title='bbox 1005 2476 1230 2517; x_wconf 88' lang='lat' dir='ltr'><strong>defensore</strong></span> <span class='ocrx_word' id='word_1_378' title='bbox 1279 2476 1443 2517; x_wconf 88' lang='lat' dir='ltr'><strong>carebit</strong></span> <span class='ocrx_word' id='word_1_379' title='bbox 1487 2490 1721 2531; x_wconf 90' lang='lat' dir='ltr'><strong>eorumque</strong></span> <span class='ocrx_word' id='word_1_380' title='bbox 1764 2477 1890 2531; x_wconf 90' lang='lat' dir='ltr'><strong>culpa</strong></span> <span class='ocrx_word' id='word_1_381' title='bbox 1930 2477 2010 2531; x_wconf 92' lang='lat' dir='ltr'><strong>ipsi</strong></span> <span class='ocrx_word' id='word_1_382' title='bbox 2053 2475 2311 2517; x_wconf 85' lang='lat' dir='ltr'><strong>redundabit</strong></span> <span class='ocrx_word' id='word_1_383' title='bbox 2347 2474 2389 2515; x_wconf 90' lang='lat' dir='ltr'><strong>in</strong></span> 
     </span>
     <span class='ocr_line' id='line_1_35' title="bbox 209 2544 2389 2601; baseline -0 -15"><span class='ocrx_word' id='word_1_384' title='bbox 209 2561 361 2601; x_wconf 85' lang='lat' dir='ltr'><strong>penam</strong></span> <span class='ocrx_word' id='word_1_385' title='bbox 375 2553 390 2586; x_wconf 71' lang='grc' dir='ltr'><strong>ζ’</strong></span> <span class='ocrx_word' id='word_1_386' title='bbox 454 2546 601 2587; x_wconf 80' lang='lat' dir='ltr'><strong>Sciunt</strong></span> <span class='ocrx_word' id='word_1_387' title='bbox 639 2551 782 2587; x_wconf 88' lang='lat' dir='ltr'><strong>autem</strong></span> <span class='ocrx_word' id='word_1_388' title='bbox 820 2547 1032 2601; x_wconf 89' lang='lat' dir='ltr'><strong>principes</strong></span> <span class='ocrx_word' id='word_1_389' title='bbox 1070 2550 1112 2585; x_wconf 91' lang='lat' dir='ltr'><strong>et</strong></span> <span class='ocrx_word' id='word_1_390' title='bbox 1151 2550 1224 2586; x_wconf 90' lang='lat' dir='ltr'><strong>tua</strong></span> <span class='ocrx_word' id='word_1_391' title='bbox 1256 2545 1458 2586; x_wconf 87' lang='lat' dir='ltr'><strong>nobilitas</strong></span> <span class='ocrx_word' id='word_1_392' title='bbox 1492 2559 1577 2585; x_wconf 91' lang='lat' dir='ltr'><strong>non</strong></span> <span class='ocrx_word' id='word_1_393' title='bbox 1611 2545 1797 2599; x_wconf 89' lang='lat' dir='ltr'><strong>ignorat,</strong></span> <span class='ocrx_word' id='word_1_394' title='bbox 1843 2545 1955 2600; x_wconf 90' lang='lat' dir='ltr'><strong>quod</strong></span> <span class='ocrx_word' id='word_1_395' title='bbox 1991 2559 2086 2586; x_wconf 89' lang='lat' dir='ltr'><strong>cum</strong></span> <span class='ocrx_word' id='word_1_396' title='bbox 2118 2544 2389 2599; x_wconf 88' lang='lat' dir='ltr'><strong>Lot(harius)</strong></span> 
     </span>
     <span class='ocr_line' id='line_1_36' title="bbox 209 2613 2391 2668; baseline -0 -13"><span class='ocrx_word' id='word_1_397' title='bbox 209 2625 248 2656; x_wconf 89' lang='lat' dir='ltr'><strong>et</strong></span> <span class='ocrx_word' id='word_1_398' title='bbox 282 2614 495 2655; x_wconf 80' lang='lat' dir='ltr'><strong>Corradus</strong></span> <span class='ocrx_word' id='word_1_399' title='bbox 537 2617 577 2655; x_wconf 91' lang='lat' dir='ltr'><strong>in</strong></span> <span class='ocrx_word' id='word_1_400' title='bbox 620 2615 835 2655; x_wconf 83' lang='lat' dir='ltr'><strong>discordia</strong></span> <span class='ocrx_word' id='word_1_401' title='bbox 874 2616 1058 2656; x_wconf 88' lang='lat' dir='ltr'><strong>fuissent</strong></span> <span class='ocrx_word' id='word_1_402' title='bbox 1097 2615 1241 2663; x_wconf 85' lang='lat' dir='ltr'><strong>electi,</strong></span> <span class='ocrx_word' id='word_1_403' title='bbox 1286 2613 1508 2654; x_wconf 86' lang='lat' dir='ltr'><strong>Romanus</strong></span> <span class='ocrx_word' id='word_1_404' title='bbox 1551 2613 1746 2668; x_wconf 81' lang='lat' dir='ltr'><strong>pontifex</strong></span> <span class='ocrx_word' id='word_1_405' title='bbox 1777 2613 2067 2668; x_wconf 86' lang='lat' dir='ltr'><strong>Lot(harium)</strong></span> <span class='ocrx_word' id='word_1_406' title='bbox 2102 2613 2317 2654; x_wconf 85' lang='lat' dir='ltr'><strong>coronavit</strong></span> <span class='ocrx_word' id='word_1_407' title='bbox 2348 2617 2391 2654; x_wconf 90' lang='lat' dir='ltr'><strong>et</strong></span> 
     </span>
     <span class='ocr_line' id='line_1_37' title="bbox 208 2681 2388 2739; baseline 0 -15"><span class='ocrx_word' id='word_1_408' title='bbox 208 2685 431 2739; x_wconf 89' lang='lat' dir='ltr'><strong>imperium</strong></span> <span class='ocrx_word' id='word_1_409' title='bbox 473 2684 655 2725; x_wconf 86' lang='lat' dir='ltr'><strong>obtinuit</strong></span> <span class='ocrx_word' id='word_1_410' title='bbox 696 2688 945 2734; x_wconf 42' lang='lat' dir='ltr'><strong>coronatum</strong></span> <span class='ocrx_word' id='word_1_411' title='bbox 989 2683 1139 2724; x_wconf 89' lang='lat' dir='ltr'><strong>eodem</strong></span> <span class='ocrx_word' id='word_1_412' title='bbox 1173 2681 1360 2723; x_wconf 81' lang='lat' dir='ltr'><strong>Corrado</strong></span> <span class='ocrx_word' id='word_1_413' title='bbox 1400 2687 1501 2723; x_wconf 90' lang='lat' dir='ltr'><strong>tunc</strong></span> <span class='ocrx_word' id='word_1_414' title='bbox 1534 2682 1705 2723; x_wconf 89' lang='lat' dir='ltr'><strong>demum</strong></span> <span class='ocrx_word' id='word_1_415' title='bbox 1738 2682 1790 2723; x_wconf 90' lang='lat' dir='ltr'><strong>ad</strong></span> <span class='ocrx_word' id='word_1_416' title='bbox 1826 2683 1919 2724; x_wconf 91' lang='lat' dir='ltr'><strong>eius</strong></span> <span class='ocrx_word' id='word_1_417' title='bbox 1952 2683 2133 2737; x_wconf 85' lang='lat' dir='ltr'><strong>gratiam</strong></span> <span class='ocrx_word' id='word_1_418' title='bbox 2166 2681 2388 2724; x_wconf 87' lang='lat' dir='ltr'><strong>redeunte.</strong></span> 
     </span>
     <span class='ocr_line' id='line_1_38' title="bbox 211 2750 2391 2808; baseline -0.001 -13"><span class='ocrx_word' id='word_1_419' title='bbox 211 2756 271 2807; x_wconf 60' lang='lat'><strong>²7)</strong></span> <span class='ocrx_word' id='word_1_420' title='bbox 304 2753 392 2794; x_wconf 76' lang='lat' dir='ltr'><strong>Nos</strong></span> <span class='ocrx_word' id='word_1_421' title='bbox 426 2768 528 2807; x_wconf 89' lang='lat' dir='ltr'><strong>ergo</strong></span> <span class='ocrx_word' id='word_1_422' title='bbox 562 2768 638 2808; x_wconf 90' lang='lat' dir='ltr'><strong>per</strong></span> <span class='ocrx_word' id='word_1_423' title='bbox 677 2754 847 2794; x_wconf 90' lang='lat' dir='ltr'><strong>nuntios</strong></span> <span class='ocrx_word' id='word_1_424' title='bbox 890 2753 1130 2808; x_wconf 89' lang='lat' dir='ltr'><strong>principum</strong></span> <span class='ocrx_word' id='word_1_425' title='bbox 1174 2756 1430 2792; x_wconf 88' lang='lat' dir='ltr'><strong>memoratos</strong></span> <span class='ocrx_word' id='word_1_426' title='bbox 1465 2765 1538 2792; x_wconf 92' lang='lat' dir='ltr'><strong>eos</strong></span> <span class='ocrx_word' id='word_1_427' title='bbox 1573 2751 1772 2792; x_wconf 84' lang='lat' dir='ltr'><strong>duximus</strong></span> <span class='ocrx_word' id='word_1_428' title='bbox 1806 2750 2162 2803; x_wconf 87' lang='lat' dir='ltr'><strong>commonendos,</strong></span> <span class='ocrx_word' id='word_1_429' title='bbox 2202 2754 2250 2792; x_wconf 91' lang='lat' dir='ltr'><strong>ut</strong></span> <span class='ocrx_word' id='word_1_430' title='bbox 2281 2751 2391 2792; x_wconf 90' lang='lat' dir='ltr'><strong>sicut</strong></span> 
     </span>
     <span class='ocr_line' id='line_1_39' title="bbox 210 2819 2389 2877; baseline -0.001 -15"><span class='ocrx_word' id='word_1_431' title='bbox 210 2836 285 2862; x_wconf 81' lang='lat' dir='ltr'><strong>nos</strong></span> <span class='ocrx_word' id='word_1_432' title='bbox 318 2837 341 2862; x_wconf 89' lang='lat' dir='ltr'><strong>a</strong></span> <span class='ocrx_word' id='word_1_433' title='bbox 375 2823 475 2863; x_wconf 81' lang='lat' dir='ltr'><strong>iuris</strong></span> <span class='ocrx_word' id='word_1_434' title='bbox 516 2823 704 2877; x_wconf 85' lang='lat' dir='ltr'><strong>ipsorum</strong></span> <span class='ocrx_word' id='word_1_435' title='bbox 745 2835 966 2862; x_wconf 88' lang='lat' dir='ltr'><strong>cessamus</strong></span> <span class='ocrx_word' id='word_1_436' title='bbox 1006 2821 1179 2872; x_wconf 85' lang='lat' dir='ltr'><strong>iniuria,</strong></span> <span class='ocrx_word' id='word_1_437' title='bbox 1224 2821 1284 2861; x_wconf 92' lang='lat' dir='ltr'><strong>sic</strong></span> <span class='ocrx_word' id='word_1_438' title='bbox 1323 2820 1403 2875; x_wconf 90' lang='lat' dir='ltr'><strong>ipsi</strong></span> <span class='ocrx_word' id='word_1_439' title='bbox 1439 2824 1585 2861; x_wconf 89' lang='lat' dir='ltr'><strong>contra</strong></span> <span class='ocrx_word' id='word_1_440' title='bbox 1622 2821 1687 2861; x_wconf 89' lang='lat' dir='ltr'><strong>ius</strong></span> <span class='ocrx_word' id='word_1_441' title='bbox 1719 2825 1910 2861; x_wconf 92' lang='lat' dir='ltr'><strong>nostrum</strong></span> <span class='ocrx_word' id='word_1_442' title='bbox 1945 2833 1989 2861; x_wconf 92' lang='lat' dir='ltr'><strong>se</strong></span> <span class='ocrx_word' id='word_1_443' title='bbox 2023 2833 2294 2875; x_wconf 91' lang='lat' dir='ltr'><strong>nequaquam</strong></span> <span class='ocrx_word' id='word_1_444' title='bbox 2326 2819 2389 2860; x_wconf 91' lang='lat' dir='ltr'><strong>in-</strong></span> 
     </span>
     <span class='ocr_line' id='line_1_40' title="bbox 212 2888 2391 2945; baseline -0.001 -14"><span class='ocrx_word' id='word_1_445' title='bbox 212 2891 392 2931; x_wconf 87' lang='lat' dir='ltr'><strong>iuriosos</strong></span> <span class='ocrx_word' id='word_1_446' title='bbox 427 2890 668 2935; x_wconf 74' lang='lat' dir='ltr'><strong>ostendant,</strong></span> <span class='ocrx_word' id='word_1_447' title='bbox 703 2890 778 2931; x_wconf 89' lang='lat' dir='ltr'><strong>sed</strong></span> <span class='ocrx_word' id='word_1_448' title='bbox 812 2905 835 2931; x_wconf 92' lang='lat' dir='ltr'><strong>a</strong></span> <span class='ocrx_word' id='word_1_449' title='bbox 867 2890 1034 2945; x_wconf 90' lang='lat' dir='ltr'><strong>prefato</strong></span> <span class='ocrx_word' id='word_1_450' title='bbox 1068 2889 1175 2930; x_wconf 90' lang='lat' dir='ltr'><strong>duce</strong></span> <span class='ocrx_word' id='word_1_451' title='bbox 1209 2889 1317 2929; x_wconf 89' lang='lat' dir='ltr'><strong>iusto</strong></span> <span class='ocrx_word' id='word_1_452' title='bbox 1351 2888 1521 2944; x_wconf 91' lang='lat' dir='ltr'><strong>quidem</strong></span> <span class='ocrx_word' id='word_1_453' title='bbox 1554 2903 1579 2930; x_wconf 93' lang='lat' dir='ltr'><strong>a</strong></span> <span class='ocrx_word' id='word_1_454' title='bbox 1607 2889 1729 2930; x_wconf 92' lang='lat' dir='ltr'><strong>nobis</strong></span> <span class='ocrx_word' id='word_1_455' title='bbox 1753 2889 1911 2930; x_wconf 90' lang='lat' dir='ltr'><strong>iudicio</strong></span> <span class='ocrx_word' id='word_1_456' title='bbox 1937 2889 2164 2944; x_wconf 87' lang='lat' dir='ltr'><strong>reprobato</strong></span> <span class='ocrx_word' id='word_1_457' title='bbox 2185 2888 2391 2930; x_wconf 80' lang='lat' dir='ltr'><strong>recedant</strong></span> 
     </span>
     <span class='ocr_line' id='line_1_41' title="bbox 214 2957 2389 3013; baseline 0 -15"><span class='ocrx_word' id='word_1_458' title='bbox 214 2969 254 2999; x_wconf 86' lang='lat' dir='ltr'><strong>et</strong></span> <span class='ocrx_word' id='word_1_459' title='bbox 287 2960 454 3013; x_wconf 88' lang='lat' dir='ltr'><strong>prefato</strong></span> <span class='ocrx_word' id='word_1_460' title='bbox 490 2960 578 3013; x_wconf 83' lang='lat' dir='ltr'><strong>regi</strong></span> <span class='ocrx_word' id='word_1_461' title='bbox 613 2959 795 3013; x_wconf 87' lang='lat' dir='ltr'><strong>Ot(toni)</strong></span> <span class='ocrx_word' id='word_1_462' title='bbox 830 2973 913 3000; x_wconf 89' lang='lat' dir='ltr'><strong>non</strong></span> <span class='ocrx_word' id='word_1_463' title='bbox 946 2959 1137 2999; x_wconf 89' lang='lat' dir='ltr'><strong>abnuant</strong></span> <span class='ocrx_word' id='word_1_464' title='bbox 1169 2958 1397 3010; x_wconf 87' lang='lat' dir='ltr'><strong>adherere,</strong></span> <span class='ocrx_word' id='word_1_465' title='bbox 1431 2959 1513 2999; x_wconf 91' lang='lat' dir='ltr'><strong>nisi</strong></span> <span class='ocrx_word' id='word_1_466' title='bbox 1545 2962 1645 2999; x_wconf 91' lang='lat' dir='ltr'><strong>tunc</strong></span> <span class='ocrx_word' id='word_1_467' title='bbox 1677 2957 1849 2999; x_wconf 90' lang='lat' dir='ltr'><strong>demum</strong></span> <span class='ocrx_word' id='word_1_468' title='bbox 1881 2962 2029 2999; x_wconf 87' lang='lat' dir='ltr'><strong>contra</strong></span> <span class='ocrx_word' id='word_1_469' title='bbox 2061 2971 2289 3013; x_wconf 90' lang='lat' dir='ltr'><strong>personam</strong></span> <span class='ocrx_word' id='word_1_470' title='bbox 2322 2957 2389 2999; x_wconf 89' lang='lat' dir='ltr'><strong>vel</strong></span> 
     </span>
     <span class='ocr_line' id='line_1_42' title="bbox 212 3026 2391 3082; baseline 0 -16"><span class='ocrx_word' id='word_1_471' title='bbox 212 3029 368 3067; x_wconf 78' lang='lat' dir='ltr'><strong>factum</strong></span> <span class='ocrx_word' id='word_1_472' title='bbox 403 3028 640 3081; x_wconf 79' lang='lat' dir='ltr'><strong>legitimum</strong></span> <span class='ocrx_word' id='word_1_473' title='bbox 674 3027 798 3082; x_wconf 75' lang='lat' dir='ltr'><strong>quida</strong></span> <span class='ocrx_word' id='word_1_474' title='bbox 832 3028 884 3068; x_wconf 90' lang='lat' dir='ltr'><strong>ab</strong></span> <span class='ocrx_word' id='word_1_475' title='bbox 919 3028 981 3068; x_wconf 87' lang='lat' dir='ltr'><strong>cis</strong></span> <span class='ocrx_word' id='word_1_476' title='bbox 1014 3027 1229 3068; x_wconf 90' lang='lat' dir='ltr'><strong>obiectum</strong></span> <span class='ocrx_word' id='word_1_477' title='bbox 1261 3027 1389 3067; x_wconf 82' lang='lat' dir='ltr'><strong>fuerit</strong></span> <span class='ocrx_word' id='word_1_478' title='bbox 1422 3032 1464 3068; x_wconf 91' lang='lat' dir='ltr'><strong>et</strong></span> <span class='ocrx_word' id='word_1_479' title='bbox 1493 3032 1727 3068; x_wconf 89' lang='lat' dir='ltr'><strong>ostensum.</strong></span> <span class='ocrx_word' id='word_1_480' title='bbox 1838 3026 1898 3080; x_wconf 83' lang='lat'><strong>(8)</strong></span> <span class='ocrx_word' id='word_1_481' title='bbox 1934 3026 2043 3068; x_wconf 78' lang='lat' dir='ltr'><strong>Sunt</strong></span> <span class='ocrx_word' id='word_1_482' title='bbox 2077 3027 2189 3067; x_wconf 92' lang='lat' dir='ltr'><strong>enim</strong></span> <span class='ocrx_word' id='word_1_483' title='bbox 2224 3026 2391 3067; x_wconf 89' lang='lat' dir='ltr'><strong>notoria</strong></span> 
     </span>
     <span class='ocr_line' id='line_1_43' title="bbox 212 3095 2393 3150; baseline 0 -16"><span class='ocrx_word' id='word_1_484' title='bbox 212 3095 519 3150; x_wconf 87' lang='lat' dir='ltr'><strong>impedimenta</strong></span> <span class='ocrx_word' id='word_1_485' title='bbox 554 3096 673 3137; x_wconf 85' lang='lat' dir='ltr'><strong>ducis</strong></span> <span class='ocrx_word' id='word_1_486' title='bbox 707 3096 886 3147; x_wconf 79' lang='lat' dir='ltr'><strong>Sueuie,</strong></span> <span class='ocrx_word' id='word_1_487' title='bbox 929 3096 1092 3137; x_wconf 87' lang='lat' dir='ltr'><strong>scilicet</strong></span> <span class='ocrx_word' id='word_1_488' title='bbox 1124 3096 1510 3136; x_wconf 81' lang='lat' dir='ltr'><strong>excommunicatio</strong></span> <span class='ocrx_word' id='word_1_489' title='bbox 1541 3095 1734 3150; x_wconf 82' lang='lat' dir='ltr'><strong>publica,</strong></span> <span class='ocrx_word' id='word_1_490' title='bbox 1779 3095 2013 3150; x_wconf 88' lang='lat' dir='ltr'><strong>periurium</strong></span> <span class='ocrx_word' id='word_1_491' title='bbox 2046 3095 2316 3136; x_wconf 87' lang='lat' dir='ltr'><strong>manifestum</strong></span> <span class='ocrx_word' id='word_1_492' title='bbox 2350 3098 2393 3136; x_wconf 90' lang='lat' dir='ltr'><strong>et</strong></span> 
     </span>
     <span class='ocr_line' id='line_1_44' title="bbox 212 3163 2391 3220; baseline 0 -17"><span class='ocrx_word' id='word_1_493' title='bbox 212 3166 452 3219; x_wconf 83' lang='lat' dir='ltr'><strong>persecutio</strong></span> <span class='ocrx_word' id='word_1_494' title='bbox 496 3164 732 3219; x_wconf 75' lang='lat' dir='ltr'><strong>divulgata,</strong></span> <span class='ocrx_word' id='word_1_495' title='bbox 779 3180 904 3220; x_wconf 88' lang='lat' dir='ltr'><strong>quam</strong></span> <span class='ocrx_word' id='word_1_496' title='bbox 945 3165 1241 3219; x_wconf 85' lang='lat' dir='ltr'><strong>progenitores</strong></span> <span class='ocrx_word' id='word_1_497' title='bbox 1284 3164 1375 3205; x_wconf 89' lang='lat' dir='ltr'><strong>eius</strong></span> <span class='ocrx_word' id='word_1_498' title='bbox 1417 3168 1460 3204; x_wconf 89' lang='lat' dir='ltr'><strong>et</strong></span> <span class='ocrx_word' id='word_1_499' title='bbox 1498 3165 1591 3219; x_wconf 90' lang='lat' dir='ltr'><strong>ipse</strong></span> <span class='ocrx_word' id='word_1_500' title='bbox 1637 3168 1993 3219; x_wconf 90' lang='lat' dir='ltr'><strong>presumpserunt</strong></span> <span class='ocrx_word' id='word_1_501' title='bbox 2031 3164 2072 3204; x_wconf 92' lang='lat' dir='ltr'><strong>in</strong></span> <span class='ocrx_word' id='word_1_502' title='bbox 2113 3163 2391 3219; x_wconf 88' lang='lat' dir='ltr'><strong>apostolicam</strong></span> 
     </span>
     <span class='ocr_line' id='line_1_45' title="bbox 214 3231 2389 3287; baseline 0 -16"><span class='ocrx_word' id='word_1_503' title='bbox 214 3233 358 3273; x_wconf 70' lang='lat' dir='ltr'><strong>sedem</strong></span> <span class='ocrx_word' id='word_1_504' title='bbox 392 3242 433 3274; x_wconf 84' lang='lat' dir='ltr'><strong>ct</strong></span> <span class='ocrx_word' id='word_1_505' title='bbox 466 3234 570 3273; x_wconf 82' lang='lat' dir='ltr'><strong>alias</strong></span> <span class='ocrx_word' id='word_1_506' title='bbox 603 3234 809 3274; x_wconf 78' lang='lat' dir='ltr'><strong>ecclesias</strong></span> <span class='ocrx_word' id='word_1_507' title='bbox 844 3247 1063 3275; x_wconf 80' lang='lat' dir='ltr'><strong>exercere.</strong></span> <span class='ocrx_word' id='word_1_508' title='bbox 1125 3233 1224 3274; x_wconf 83' lang='lat' dir='ltr'><strong>Fuit</strong></span> <span class='ocrx_word' id='word_1_509' title='bbox 1257 3233 1370 3273; x_wconf 90' lang='lat' dir='ltr'><strong>enim</strong></span> <span class='ocrx_word' id='word_1_510' title='bbox 1396 3247 1421 3273; x_wconf 90' lang='lat' dir='ltr'><strong>a</strong></span> <span class='ocrx_word' id='word_1_511' title='bbox 1443 3232 1556 3273; x_wconf 88' lang='lat' dir='ltr'><strong>bone</strong></span> <span class='ocrx_word' id='word_1_512' title='bbox 1580 3233 1786 3273; x_wconf 90' lang='lat' dir='ltr'><strong>memorie</strong></span> <span class='ocrx_word' id='word_1_513' title='bbox 1811 3231 2068 3286; x_wconf 82' lang='lat' dir='ltr'><strong>O(elcstino)</strong></span> <span class='ocrx_word' id='word_1_514' title='bbox 2102 3246 2214 3287; x_wconf 87' lang='lat' dir='ltr'><strong>papa</strong></span> <span class='ocrx_word' id='word_1_515' title='bbox 2235 3231 2389 3286; x_wconf 90' lang='lat' dir='ltr'><strong>prede-</strong></span> 
     </span>
     <span class='ocr_line' id='line_1_46' title="bbox 214 3300 2387 3357; baseline 0.002 -21"><span class='ocrx_word' id='word_1_516' title='bbox 214 3317 384 3342; x_wconf 71' lang='lat' dir='ltr'><strong>cessore</strong></span> <span class='ocrx_word' id='word_1_517' title='bbox 418 3308 563 3343; x_wconf 79' lang='lat' dir='ltr'><strong>nostro</strong></span> <span class='ocrx_word' id='word_1_518' title='bbox 605 3308 779 3357; x_wconf 89' lang='lat' dir='ltr'><strong>propter</strong></span> <span class='ocrx_word' id='word_1_519' title='bbox 819 3303 1083 3343; x_wconf 87' lang='lat' dir='ltr'><strong>invasionem</strong></span> <span class='ocrx_word' id='word_1_520' title='bbox 1117 3307 1159 3343; x_wconf 90' lang='lat' dir='ltr'><strong>ct</strong></span> <span class='ocrx_word' id='word_1_521' title='bbox 1191 3302 1535 3343; x_wconf 88' lang='lat' dir='ltr'><strong>devastationem</strong></span> <span class='ocrx_word' id='word_1_522' title='bbox 1577 3301 1824 3356; x_wconf 89' lang='lat' dir='ltr'><strong>patrimonii</strong></span> <span class='ocrx_word' id='word_1_523' title='bbox 1856 3301 1971 3342; x_wconf 90' lang='lat' dir='ltr'><strong>beati</strong></span> <span class='ocrx_word' id='word_1_524' title='bbox 2004 3301 2120 3341; x_wconf 87' lang='lat' dir='ltr'><strong>Petri</strong></span> <span class='ocrx_word' id='word_1_525' title='bbox 2154 3300 2387 3341; x_wconf 90' lang='lat' dir='ltr'><strong>commoni-</strong></span> 
     </span>
     <span class='ocr_line' id='line_1_47' title="bbox 215 3368 2388 3426; baseline 0 -17"><span class='ocrx_word' id='word_1_526' title='bbox 215 3371 328 3411; x_wconf 85' lang='lat' dir='ltr'><strong>tione</strong></span> <span class='ocrx_word' id='word_1_527' title='bbox 363 3385 463 3424; x_wconf 77' lang='lat' dir='ltr'><strong>sepe</strong></span> <span class='ocrx_word' id='word_1_528' title='bbox 498 3372 704 3425; x_wconf 78' lang='lat' dir='ltr'><strong>premissa</strong></span> <span class='ocrx_word' id='word_1_529' title='bbox 736 3372 903 3426; x_wconf 88' lang='lat' dir='ltr'><strong>publice</strong></span> <span class='ocrx_word' id='word_1_530' title='bbox 937 3386 985 3412; x_wconf 92' lang='lat' dir='ltr'><strong>ac</strong></span> <span class='ocrx_word' id='word_1_531' title='bbox 1019 3371 1313 3425; x_wconf 91' lang='lat' dir='ltr'><strong>sollempniter</strong></span> <span class='ocrx_word' id='word_1_532' title='bbox 1337 3370 1792 3411; x_wconf 83' lang='lat' dir='ltr'><strong>excommunicationis</strong></span> <span class='ocrx_word' id='word_1_533' title='bbox 1815 3370 1986 3410; x_wconf 92' lang='lat' dir='ltr'><strong>vinculo</strong></span> <span class='ocrx_word' id='word_1_534' title='bbox 2018 3368 2262 3418; x_wconf 87' lang='lat' dir='ltr'><strong>innodatus,</strong></span> <span class='ocrx_word' id='word_1_535' title='bbox 2295 3382 2388 3410; x_wconf 91' lang='lat' dir='ltr'><strong>cum</strong></span> 
     </span>
     <span class='ocr_line' id='line_1_48' title="bbox 214 3437 2389 3495; baseline -0 -18"><span class='ocrx_word' id='word_1_536' title='bbox 214 3439 253 3478; x_wconf 90' lang='lat' dir='ltr'><strong>in</strong></span> <span class='ocrx_word' id='word_1_537' title='bbox 278 3437 433 3478; x_wconf 74' lang='lat' dir='ltr'><strong>Tuscia</strong></span> <span class='ocrx_word' id='word_1_538' title='bbox 466 3447 721 3486; x_wconf 83' lang='lat' dir='ltr'><strong>moraretur;</strong></span> <span class='ocrx_word' id='word_1_539' title='bbox 756 3440 866 3494; x_wconf 88' lang='lat' dir='ltr'><strong>quod</strong></span> <span class='ocrx_word' id='word_1_540' title='bbox 901 3441 993 3495; x_wconf 85' lang='lat' dir='ltr'><strong>ipse</strong></span> <span class='ocrx_word' id='word_1_541' title='bbox 1025 3439 1292 3494; x_wconf 84' lang='lat' dir='ltr'><strong>postmodum</strong></span> <span class='ocrx_word' id='word_1_542' title='bbox 1328 3441 1588 3492; x_wconf 86' lang='lat' dir='ltr'><strong>recognovit,</strong></span> <span class='ocrx_word' id='word_1_543' title='bbox 1621 3438 1732 3478; x_wconf 59' lang='lat' dir='ltr'><strong>dum*</strong></span> <span class='ocrx_word' id='word_1_544' title='bbox 1754 3452 1831 3493; x_wconf 89' lang='lat' dir='ltr'><strong>per</strong></span> <span class='ocrx_word' id='word_1_545' title='bbox 1853 3438 2047 3478; x_wconf 91' lang='lat' dir='ltr'><strong>nuntium</strong></span> <span class='ocrx_word' id='word_1_546' title='bbox 2072 3451 2196 3478; x_wconf 92' lang='lat' dir='ltr'><strong>suum</strong></span> <span class='ocrx_word' id='word_1_547' title='bbox 2219 3437 2273 3477; x_wconf 90' lang='lat' dir='ltr'><strong>ab</strong></span> <span class='ocrx_word' id='word_1_548' title='bbox 2296 3437 2389 3491; x_wconf 91' lang='lat' dir='ltr'><strong>ipso</strong></span> 
     </span>
     <span class='ocr_line' id='line_1_49' title="bbox 213 3504 2389 3564; baseline -0 -19"><span class='ocrx_word' id='word_1_549' title='bbox 213 3506 517 3559; x_wconf 76' lang='lat' dir='ltr'><strong>predecessore</strong></span> <span class='ocrx_word' id='word_1_550' title='bbox 551 3516 691 3564; x_wconf 78' lang='lat' dir='ltr'><strong>nostro</strong></span> <span class='ocrx_word' id='word_1_551' title='bbox 727 3508 1007 3549; x_wconf 80' lang='lat' dir='ltr'><strong>absolutionis</strong></span> <span class='ocrx_word' id='word_1_552' title='bbox 1040 3509 1297 3549; x_wconf 86' lang='lat' dir='ltr'><strong>beneficium</strong></span> <span class='ocrx_word' id='word_1_553' title='bbox 1331 3507 1561 3561; x_wconf 89' lang='lat' dir='ltr'><strong>postulavit</strong></span> <span class='ocrx_word' id='word_1_554' title='bbox 1594 3511 1637 3547; x_wconf 91' lang='lat' dir='ltr'><strong>et</strong></span> <span class='ocrx_word' id='word_1_555' title='bbox 1669 3506 1941 3560; x_wconf 89' lang='lat' dir='ltr'><strong>postmodum</strong></span> <span class='ocrx_word' id='word_1_556' title='bbox 1973 3520 1998 3546; x_wconf 91' lang='lat' dir='ltr'><strong>a</strong></span> <span class='ocrx_word' id='word_1_557' title='bbox 2022 3538 2030 3546; x_wconf 92' lang='lat'><strong>.</strong></span> <span class='ocrx_word' id='word_1_558' title='bbox 2053 3537 2060 3545; x_wconf 93' lang='lat'><strong>.</strong></span> <span class='ocrx_word' id='word_1_559' title='bbox 2084 3509 2184 3545; x_wconf 90' lang='lat' dir='ltr'><strong>tunc</strong></span> <span class='ocrx_word' id='word_1_560' title='bbox 2218 3504 2389 3545; x_wconf 86' lang='lat' dir='ltr'><strong>Sutrino</strong></span> 
     </span>
     <span class='ocr_line' id='line_1_50' title="bbox 215 3572 2389 3630; baseline -0.001 -15"><span class='ocrx_word' id='word_1_561' title='bbox 215 3576 433 3629; x_wconf 81' lang='lat' dir='ltr'><strong>episcopo.</strong></span> <span class='ocrx_word' id='word_1_562' title='bbox 476 3590 600 3629; x_wconf 89' lang='lat' dir='ltr'><strong>quem</strong></span> <span class='ocrx_word' id='word_1_563' title='bbox 642 3590 735 3616; x_wconf 80' lang='lat' dir='ltr'><strong>euin</strong></span> <span class='ocrx_word' id='word_1_564' title='bbox 769 3577 924 3617; x_wconf 85' lang='lat' dir='ltr'><strong>abbate</strong></span> <span class='ocrx_word' id='word_1_565' title='bbox 959 3577 1104 3618; x_wconf 75' lang='lat' dir='ltr'><strong>Sancti</strong></span> <span class='ocrx_word' id='word_1_566' title='bbox 1137 3577 1355 3617; x_wconf 84' lang='lat' dir='ltr'><strong>Anastasii</strong></span> <span class='ocrx_word' id='word_1_567' title='bbox 1388 3590 1463 3630; x_wconf 87' lang='lat' dir='ltr'><strong>pro</strong></span> <span class='ocrx_word' id='word_1_568' title='bbox 1507 3575 1759 3616; x_wconf 89' lang='lat' dir='ltr'><strong>liberatione</strong></span> <span class='ocrx_word' id='word_1_569' title='bbox 1793 3574 2051 3616; x_wconf 88' lang='lat' dir='ltr'><strong>venerabilis</strong></span> <span class='ocrx_word' id='word_1_570' title='bbox 2082 3574 2225 3614; x_wconf 89' lang='lat' dir='ltr'><strong>fratris</strong></span> <span class='ocrx_word' id='word_1_571' title='bbox 2258 3572 2389 3614; x_wconf 88' lang='lat' dir='ltr'><strong>nostri</strong></span> 
     </span>
    </p>
   </div>
   <div class='ocr_carea' id='block_1_3' title="bbox 351 3665 748 3709">
    <p class='ocr_par' dir='ltr' id='par_1_4' title="bbox 351 3665 748 3709">
     <span class='ocr_line' id='line_1_51' title="bbox 351 3665 748 3709; baseline -0.003 -10"><span class='ocrx_word' id='word_1_572' title='bbox 351 3665 436 3700; x_wconf 69' lang='grc'><strong>398.</strong></span> <span class='ocrx_word' id='word_1_573' title='bbox 469 3672 498 3705; x_wconf 32' lang='lat' dir='ltr'><strong>a]</strong></span> <span class='ocrx_word' id='word_1_574' title='bbox 524 3679 586 3707; x_wconf 68' lang='lat' dir='ltr'><strong>[trus</strong></span> <span class='ocrx_word' id='word_1_575' title='bbox 612 3668 748 3709; x_wconf 73' lang='lat' dir='ltr'><strong>aliquid.</strong></span> 
     </span>
    </p>
   </div>
   <div class='ocr_carea' id='block_1_4' title="bbox 2422 899 2453 924">
    <p class='ocr_par' dir='ltr' id='par_1_5' title="bbox 2422 899 2453 924">
     <span class='ocr_line' id='line_1_52' title="bbox 2422 899 2453 924; baseline -0.097 0"><span class='ocrx_word' id='word_1_576' title='bbox 2422 899 2453 924; x_wconf 84' lang='lat'><strong>10</strong></span> 
     </span>
    </p>
   </div>
   <div class='ocr_carea' id='block_1_5' title="bbox 2420 1249 2449 1273">
    <p class='ocr_par' dir='ltr' id='par_1_6' title="bbox 2420 1249 2449 1273">
     <span class='ocr_line' id='line_1_53' title="bbox 2420 1249 2449 1273; baseline 0 0"><span class='ocrx_word' id='word_1_577' title='bbox 2420 1249 2449 1273; x_wconf 71' lang='lat'><strong>15</strong></span> 
     </span>
    </p>
   </div>
   <div class='ocr_carea' id='block_1_6' title="bbox 2424 1592 2457 1618">
    <p class='ocr_par' dir='ltr' id='par_1_7' title="bbox 2424 1592 2457 1618">
     <span class='ocr_line' id='line_1_54' title="bbox 2424 1592 2457 1618; baseline 0.03 -1"><span class='ocrx_word' id='word_1_578' title='bbox 2424 1592 2457 1618; x_wconf 86' lang='lat'><strong>20</strong></span> 
     </span>
    </p>
   </div>
   <div class='ocr_carea' id='block_1_7' title="bbox 2424 1936 2456 1961">
    <p class='ocr_par' dir='ltr' id='par_1_8' title="bbox 2424 1936 2456 1961">
     <span class='ocr_line' id='line_1_55' title="bbox 2424 1936 2456 1961; baseline 0 0"><span class='ocrx_word' id='word_1_579' title='bbox 2424 1936 2456 1961; x_wconf 83' lang='lat'><strong>25</strong></span> 
     </span>
    </p>
   </div>
   <div class='ocr_carea' id='block_1_8' title="bbox 2425 2279 2458 2304">
    <p class='ocr_par' dir='ltr' id='par_1_9' title="bbox 2425 2279 2458 2304">
     <span class='ocr_line' id='line_1_56' title="bbox 2425 2279 2458 2304; baseline -0.03 0"><span class='ocrx_word' id='word_1_580' title='bbox 2425 2279 2458 2304; x_wconf 82' lang='lat'><strong>30</strong></span> 
     </span>
    </p>
   </div>
   <div class='ocr_carea' id='block_1_9' title="bbox 2426 2973 2459 2997">
    <p class='ocr_par' dir='ltr' id='par_1_10' title="bbox 2426 2973 2459 2997">
     <span class='ocr_line' id='line_1_57' title="bbox 2426 2973 2459 2997; baseline 0 0"><span class='ocrx_word' id='word_1_581' title='bbox 2426 2973 2459 2997; x_wconf 85' lang='lat'><strong>40</strong></span> 
     </span>
    </p>
   </div>
   <div class='ocr_carea' id='block_1_10' title="bbox 2426 3319 2458 3344">
    <p class='ocr_par' dir='ltr' id='par_1_11' title="bbox 2426 3319 2458 3344">
     <span class='ocr_line' id='line_1_58' title="bbox 2426 3319 2458 3344; baseline -0.031 0"><span class='ocrx_word' id='word_1_582' title='bbox 2426 3319 2458 3344; x_wconf 82' lang='lat'><strong>45</strong></span> 
     </span>
    </p>
   </div>
   <div class='ocr_carea' id='block_1_11' title="bbox 2425 3673 2458 3698">
    <p class='ocr_par' dir='ltr' id='par_1_12' title="bbox 2425 3673 2458 3698">
     <span class='ocr_line' id='line_1_59' title="bbox 2425 3673 2458 3698; baseline -0.03 0"><span class='ocrx_word' id='word_1_583' title='bbox 2425 3673 2458 3698; x_wconf 91' lang='grc'><strong>50</strong></span> 
     </span>
    </p>
   </div>
  </div>
 </body>
</html>
