2558 3970
118 961 150 986 10

119 1312 149 1336 15

116 1663 150 1688 20

723 169 966 204 FRIDERICI
994 170 1037 204 11.
1063 170 1494 207 CONS'I'I'PI'TIONES.
1551 173 1647 208 1244.
1699 174 1760 209 Nr.
1779 175 1855 208 2413.
2312 179 2392 217 335

185 297 365 337 persona
390 284 533 336 prima
566 285 795 336 loquantur
829 285 1082 326 internuntii
1102 288 1185 327 sive
1207 289 1425 340 utriusque
1453 290 1592 340 partis
1614 289 1697 330 sive
1725 290 1854 330 solius
1877 292 2182 342 ιἠιφκηιίονὶεῑ.
2236 292 2394 332 Forma

186 353 341 402 altera,
381 366 486 405 qaae
519 353 562 393 in
593 354 796 406 encyclica
827 355 1070 404 continetur,
1102 370 1149 396 ea
1181 360 1257 405 est,
1301 371 1424 409 quam
1458 359 1599 398 ›ztcnlie'
1633 358 1893 409 imperatoris
1928 360 2058 401 Mari.
2084 363 2137 399 .²›·1
2171 361 2215 399 in
2248 361 2393 401 (mima

187 423 276 464 eius
305 422 658 466 adiaravernnffl:
691 436 796 474 quac
817 423 925 475 qaod
949 438 1153 475 personas
1180 427 1344 476 primas
1372 427 1530 478 prioris
1556 427 1732 480 f‘ormae,
1769 428 1837 467 ube·
1874 429 1933 468 rei
1954 431 2097 479 apium
2119 432 2218 474 crat,
2252 431 2391 469 trans-

187 491 364 543 sumpsst.
393 490 509 532 hand
529 491 760 532 miraberis.
823 492 971 534 Utrum
992 496 1127 534 (intem
1151 495 1390 535 omissiones
1412 496 1630 546 (inprimis
1652 497 1833 547 capilum
1862 498 2046 547 [ff—123)
2079 501 2115 537 et
2140 498 2392 538 rariationcs

185 573 363 613 paucae,
404 560 554 612 quibus
591 560 797 613 discrepat
833 562 930 602 haec
963 563 1105 615 forma
1136 578 1162 603 a
1194 566 1449 604 transsnmln
1471 565 1714 613 Ameliano,
1754 579 1828 616 per
1868 566 2057 606 iteratum
2090 569 2311 606 trac-latum
2342 566 2394 606 ab

188 629 466 670 internuntiis
493 631 679 681 partium
706 631 848 684 sactae
880 631 977 678 sint,
1009 644 1065 671 an
1098 631 1149 671 ab
1184 633 1429 686 imperatore
1460 633 1632 673 consilio
1666 634 1944 679 introclaetae,
1979 636 2019 674 in
2054 635 2229 675 medinm
2263 636 2393 675 relin-

186 710 363 750 quamus
399 701 565 749 oportet.
632 698 785 740 Dra-lus
815 699 975 739 demum
1007 699 1172 740 Mallia·
1205 700 1463 742 parisiensis
1504 702 1540 741 is
1571 702 1673 742 mila?
1710 718 1793 741 ‹as-51¹
1828 704 1998 751 ridetur,
2039 718 2157 755 quem.
2190 705 2392 755 quintilius.

185 770 408 820 antequam
434 766 577 820 for-ma
606 768 787 822 perfecta
821 771 857 809 et
888 769 1042 821 siyillis
1073 770 1235 810 mnnita
1267 772 1368 819 crat,
1400 770 1669 822 ‹cliqaanlum
1704 772 1909 812 variatum
1935 771 2146 823 ‹livulqari
2172 774 2314 825 ferit-'R

187 836 398 878 Huillard
409 836 649 878 -Breleolles
681 835 753 886 VI,
779 839 874 879 172.
2035 839 2105 891 (1².
2130 843 2249 889 5545.)

339 955 372 993 1.
414 951 553 1008 Super
592 952 706 993 facto
745 957 858 994 terre
899 953 1075 994 inventa
1116 957 1183 994 est
1214 954 1371 1003 forma,
1416 968 1497 1008 que
1532 954 1674 1009 placet
1706 955 1877 1009 utrique
1910 956 2040 1009 parti.
2086 956 2248 995 scilicet
2281 956 2391 1010 quod

185 1025 275 1063 tota
306 1026 435 1066 terra.
469 1035 596 1076 quam
623 1021 876 1077 possidebat
900 1023 1086 1064 ecclesia
1116 1027 1310 1078 tempore
1335 1023 1815 1067 excommunicationis.
1851 1024 1930 1065 sibi
1955 1023 2180 1067 reddatur:
2214 1031 2255 1065 ct
2282 1024 2392 1065 idem

185 1090 238 1132 de
271 1090 582 1132 adherentibus
616 1091 817 1132 ecclesie.

332 1162 370 1201 2.
411 1160 550 1215 Super
588 1166 838 1216 contemptu
879 1161 1062 1202 clavium
1107 1161 1266 1202 scribet
1303 1161 1533 1202 dominusa
1573 1161 1807 1216 imperator
1846 1163 2110 1216 generaliter
2150 1178 2226 1217 per
2259 1168 2392 1203 totum

187 1229 356 1275 orbem,
399 1230 510 1285 quod
549 1231 590 1271 in
632 1234 880 1285 contemptu
914 1230 1097 1271 ecclesie
1133 1235 1175 1271 ct
1208 1230 1438 1285 potestatis
1471 1230 1796 1271 ecclesiasticeb
1831 1233 2092 1273 sententiam
2128 1233 2284 1272 lat-amn
2319 1247 2395 1287 per

191 1298 406 1340 dominum
441 1298 511 1341 G.‘¹
545 1299 896 1355 predecessorem
936 1313 1060 1340 suum
1102 1313 1185 1340 non
1226 1299 1498 1354 contempsit.
1563 1299 1648 1340 Sed
1691 1314 1786 1340 cum
1830 1300 2025 1355 predicta
2065 1302 2281 1342 sententia
2314 1301 2393 1342 sibi

185 1367 446 1410 denunciata
479 1383 562 1410 non
596 1369 739 1412 fuerit.
773 1369 826 1410 de
860 1369 1037 1410 consilio
1071 1369 1335 1424 prelatorum
1371 1373 1413 1410 et
1446 1369 1626 1409 aliorum
1661 1369 1868 1410 nobilium
1901 1371 2158 1412 Alamannie
2193 1376 2235 1411 et
2269 1371 2393 1412 Italic

185 1439 419 1494 processit,
458 1438 571 1494 quod
605 1440 851 1495 priusquam
887 1439 968 1480 sibi
1003 1438 1354 1486 denunciaretur,
1397 1452 1491 1479 eam
1525 1452 1611 1479 non
1645 1439 1876 1480 tenebatur
1910 1453 2098 1480 servare.
2162 1440 2394 1481 Profitetur

185 1512 331 1550 tamen
364 1512 432 1549 etc
465 1509 741 1563 recognoscit
773 1509 906 1555 bene,
953 1508 1067 1564 quod
1100 1508 1282 1563 deliquit
1315 1509 1356 1549 in
1390 1508 1492 1557 hoc,
1527 1522 1610 1549 non
1644 1508 1882 1550 servando.
1918 1515 1960 1550 et
1992 1511 2102 1551 male
2138 1511 2258 1557 fecit,
2297 1524 2392 1550 cum

186 1577 296 1618 bene
337 1578 444 1618 sciat
484 1582 527 1619 et
568 1577 717 1619 credat
761 1578 960 1629 fideliter,
1011 1577 1123 1633 quod
1163 1582 1252 1619 tam
1294 1592 1425 1633 super
1466 1591 1564 1619 eum
1604 1591 1730 1632 quam
1773 1592 1902 1633 super
1943 1593 2092 1620 omnes
2125 1579 2393 1620 christianos.

186 1660 312 1701 reges
354 1652 396 1687 et
442 1648 678 1703 principes,
727 1647 906 1689 clericos
948 1652 991 1688 et
1030 1647 1183 1697 laicos,
1229 1647 1360 1688 habet
1399 1661 1590 1688 summus
1631 1648 1848 1702 pontifex,
1894 1649 2064 1689 etiamsi
2105 1648 2215 1703 quod
2256 1648 2394 1689 absitd

185 1720 390 1771 peccator
423 1717 596 1768 existat,
631 1717 743 1772 quod
775 1717 897 1759 Deus
930 1721 1113 1768 avertat,
1146 1717 1188 1757 in
1222 1716 1520 1772 spiritualibus
1554 1715 1869 1772 plenitudinem
1903 1717 2149 1772 potestatis.
2202 1716 2392 1758 Nichilo-

186 1786 328 1827 minus
362 1785 599 1827 subsidium
632 1801 709 1842 pro
742 1787 824 1828 isto
859 1801 1044 1828 excessu
1076 1787 1207 1828 faciet
1240 1787 1281 1826 in
1312 1786 1520 1827 militibus
1546 1787 1614 1828 vel
1646 1787 1843 1842 pecunia,
1876 1787 2163 1841 ubicumque⁰
2197 1787 2394 1827 dominus

186 1869 299 1910 papa
330 1855 530 1897 utilitatia
563 1856 892 1898 christianitatis
925 1860 1305 1911 quantumcunque
1339 1860 1383 1897 et
1417 1856 1544 1911 quale
1570 1855 1724 1897 viderit
1748 1855 1968 1912 expedire,
2005 1857 2114 1897 alias
2148 1857 2309 1897 ieiunia
2332 1858 2398 1898 ets

140 1979 143 1981 -
184 1924 474 1967 helemosinas
517 1927 711 1967 facturus
753 1927 876 1967 iuxta
908 1926 1230 1967 ordinacionem
1264 1924 1427 1966 domini
1460 1940 1589 1981 pape;
1633 1931 1676 1966 et
1708 1926 1968 1967 sententiam
2002 1926 2136 1981 ipsam
2171 1940 2307 1981 usque
2342 1927 2395 1967 ad

117 2009 149 2035 25

114 2356 148 2381 30

115 2702 146 2727 35

114 3054 148 3079 40

117 3424 150 3449 45

187 1993 299 2035 diem
334 1994 626 2036 absolucionis
659 1996 883 2037 humiliter
914 2000 957 2036 et
988 1995 1145 2037 devote
1179 1994 1387 2036 servabit.

329 2066 367 2105 3.
409 2064 550 2120 Super
582 2065 788 2121 capcione
828 2066 1107 2121 prelatorum:
1151 2064 1346 2119 inprimis
1389 2065 1534 2106 omnia
1567 2079 1639 2115 ea,
1680 2078 1761 2119 que
1796 2064 1850 2105 ad
1883 2079 1981 2106 eum
2015 2069 2308 2119 pervenerunt
2340 2065 2392 2106 dc

184 2133 264 2174 hiis
302 2148 384 2189 que
424 2139 552 2190 capta
589 2139 689 2176 sunt
721 2135 763 2176 in
796 2135 948 2190 galeiis
981 2135 1051 2176 vel
1084 2133 1198 2189 apud
1237 2140 1366 2175 suosa
1408 2138 1613 2189 poterunt
1655 2134 1858 2183 inveniri,
1900 2134 2067 2188 integre
2111 2135 2311 2175 restituet
2353 2139 2396 2175 et

184 2204 355 2245 restitui
396 2203 540 2246 faciet.
603 2204 670 2246 De
715 2205 920 2260 reliquisg
953 2204 1196 2245 volentibus
1231 2203 1420 2258 dampna
1462 2204 1604 2258 passis
1638 2204 1759 2244 iuxta
1792 2203 2041 2244 mandatum
2077 2202 2236 2244 domini
2270 2218 2395 2259 pape,

183 2272 236 2314 de
278 2273 398 2314 cuius
444 2272 714 2328 benignitate
756 2273 950 2323 confidit,
999 2273 1253 2315 satisfaciet.
1324 2272 1477 2313 Faciet
1518 2272 1648 2314 etiam
1692 2272 1734 2313 in
1776 2272 2079 2313 satisfaccione
2119 2273 2395 2314 huiusmodi¹¹

185 2343 350 2384 offense
384 2346 426 2384 et
459 2343 512 2384 ob
545 2343 754 2385 honorem
786 2343 871 2385 Dei
903 2343 1137 2398 hospitalia
1169 2347 1211 2383 et
1244 2342 1454 2384 ecclesias
1489 2341 1542 2382 ad
1576 2341 1915 2397 disposicionem
1940 2341 2098 2383 domini
2132 2357 2259 2397 pape,
2292 2349 2396 2397 quot

186 2416 229 2452 et
259 2412 335 2453 ubi
367 2416 411 2453 et
444 2412 555 2453 sicut
578 2412 735 2454 viderit
758 2413 985 2468 expedire:
1021 2417 1062 2453 et
1094 2411 1288 2468 predicta
1312 2412 1405 2452 loca
1429 2411 1608 2461 dotabit,
1643 2411 1754 2452 sicut
1777 2411 2002 2452 mandabit
2027 2411 2222 2452 dominus
2247 2411 2392 2467 papai.

326 2484 364 2521 4.
399 2480 541 2537 Super
572 2481 778 2537 predictis
812 2486 854 2524 et
886 2497 1015 2538 super
1054 2483 1148 2523 aliis
1189 2481 1387 2522 omnibus
1429 2481 1642 2531 articulis,
1682 2480 1869 2531 iniuriis,
1909 2480 2107 2535 dampnis
2142 2484 2184 2522 et
2217 2481 2393 2522 offensis

183 2555 282 2591 ante
316 2554 359 2592 et
390 2555 487 2607 post
519 2551 777 2593 discordiam
811 2555 854 2593 et
891 2552 1023 2593 latam
1059 2551 1321 2593 sententiam
1365 2550 1563 2592 ecclesiis
1598 2554 1642 2591 et
1672 2550 1869 2604 personis
1904 2548 2211 2590 ecclesiasticis
2244 2549 2391 2594 illatis.

183 2634 260 2675 pro
283 2620 438 2675 quibus
463 2622 865 2662 excommunicatus
899 2625 977 2672 est,
1012 2621 1170 2662 iurabit
1191 2620 1360 2676 precise
1382 2623 1496 2661 stare
1520 2618 1737 2661 mandatis
1761 2618 1924 2659 domini
1954 2632 2064 2673 pape
2089 2622 2132 2659 et
2156 2618 2390 2660 ecclesiek:

185 2690 305 2731 salva
342 2694 486 2732 tamen
525 2691 610 2732 sint
643 2691 682 2733 ei
723 2691 908 2733 honores
943 2695 985 2732 et
1016 2692 1110 2732 iura
1143 2695 1221 2731 sua
1261 2688 1402 2745 quoad
1437 2688 1817 2730 conservacionem
1858 2688 2069 2742 integram
2117 2687 2210 2728 sine
2246 2687 2391 2742 aliqua

182 2758 474 2801 diminucione
508 2761 677 2816 imperii
711 2764 754 2802 et
785 2774 1018 2815 regnorum
1052 2773 1241 2801 suorum.

328 2832 364 2870 5.
399 2829 456 2871 Et
488 2830 589 2872 licet
619 2844 695 2885 pro
727 2829 932 2885 predictis
966 2829 1142 2871 offensis
1176 2829 1282 2869 satis
1306 2827 1498 2869 oblatum
1523 2840 1620 2868 esse
1650 2825 1889 2877 credamne,
1922 2825 2222 2866 nichilominus
2246 2829 2391 2866 tamen

183 2898 236 2940 ad
268 2899 536 2954 pleniorema
568 2899 918 2941 satisfaccionem
952 2903 995 2940 et
1027 2899 1308 2940 securitatem
1338 2900 1426 2938 tam
1459 2895 1784 2951 precedentium
1809 2909 1935 2950 quam
1968 2895 2247 2950 sequencium
2273 2894 2389 2948 capi-

183 2969 371 3010 tulorum
404 2973 447 3010 et
480 2968 532 3010 ad
575 2969 739 3010 maiora
771 2968 1017 3010 devocionis
1058 2967 1217 3008 indicia
1249 2965 1584 3007 demonstranda
1617 2964 1816 3005 dominus
1857 2965 2090 3019 imperator
2122 2963 2254 3004 stabit
2286 2977 2387 3004 con-

188 3038 282 3078 silio
315 3042 357 3079 et
395 3037 663 3079 ordinacioni
700 3042 1003 3087 tractatorum,
1049 3036 1213 3077 scilicet
1253 3035 1523 3077 dominorum
1555 3031 1822 3075 Hostiensis¹
1856 3033 2047 3088 episcopi
2062 3033 2091 3082 4,
2139 3031 2389 3087 Stephani⁵,

183 3106 357 3163 Egidii⁶
390 3112 434 3149 et
465 3106 662 3149 Ottonis7
696 3107 992 3148 cardinalium.
1057 3106 1160 3156 Qui,
1206 3110 1390 3160 excepta
1423 3117 1608 3160 persona
1641 3102 1798 3143 domini
1833 3102 2011 3151 nosti-W,
2047 3101 2311 3156 supplebunt
2346 3102 2387 3141 in

322 3210 408 3246 246.
443 3212 473 3254 ³¹)
500 3213 590 3245 deest
613 3210 644 3245 2.
788 3211 820 3253 b)
846 3213 988 3245 ecclesie
1013 3211 1046 3243 2.
1187 3211 1218 3252 c)
1250 3210 1340 3252 quod
1365 3208 1396 3241 2.
1539 3205 1572 3247 (¹)
1598 3219 1667 3248 pro
1691 3207 1782 3249 quod
1806 3207 1896 3239 absit
1920 3206 1956 3238 ⁸2:
1990 3206 2137 3248 quidem.
2262 3207 2292 3246 e)
2320 3206 2389 3238 cui-

184 3281 319 3313 cunque
345 3268 377 3303 2.
494 3268 524 3312 f)
551 3270 642 3303 deest
668 3268 697 3304 1.
816 3269 850 3311 8)
877 3270 1008 3311 reliquo
1033 3268 1064 3301 2.
1184 3266 1216 3310 h)
1241 3267 1344 3300 huius
1368 3264 1400 3298 2.
1520 3264 1542 3306 i)
1569 3265 1656 3298 dom.
1684 3275 1714 3307 p.
1743 3264 1916 3296 mandabit
1940 3262 1971 3295 2.
2079 3261 2113 3305 k)
2139 3268 2178 3295 et
2203 3263 2390 3296 ecclesie

185 3327 251 3359 des.
269 3325 301 3360 2.
420 3325 444 3368 l)
470 3328 636 3361 Ostiensis
660 3326 691 3360 2.

325 3418 358 3460 1)
396 3417 484 3461 Gap.
504 3422 525 3452 5
555 3421 639 3452 certe
669 3419 736 3453 soli
766 3418 892 3452 nuntii
920 3415 1144 3460 imperatoris
1175 3414 1272 3458 loqui
1303 3423 1346 3447 ex
1375 3413 1563 3447 enuntiato
1595 3413 1750 3456 excepta
1775 3422 1933 3456 persona
1959 3410 2100 3445 domini
2125 3410 2242 3444 nostri
2267 3410 2392 3452 elucet,-

185 3477 215 3508 et
237 3485 264 3509 c.
283 3479 322 3509 15
346 3473 449 3508 etiam
474 3484 581 3518 aeque
603 3485 638 3509 se
660 3486 718 3510 res
739 3475 853 3510 habet.
904 3473 1062 3509 Ceteram
1081 3483 1155 3506 non
1172 3471 1365 3514 miraberis,
1390 3469 1486 3513 qaod
1511 3480 1539 3503 c.
1558 3475 1599 3503 14
1622 3468 1745 3502 nuntii
1765 3469 1988 3512 imperatoris
2006 3478 2162 3512 persona
2179 3467 2281 3501 tertia
2300 3466 2389 3501 ebrii

185 3535 279 3574 sant,
309 3535 342 3566 et
364 3542 392 3566 e.
413 3535 434 3565 6
457 3535 489 3566 et
517 3536 536 3566 7
567 3532 688 3566 nuntii
716 3532 905 3576 utriusque
931 3531 1051 3575 partis
1078 3540 1235 3575 persona
1259 3528 1381 3572 prima
1412 3527 1621 3570 loqzmntur,
1654 3536 1732 3560 cam
1763 3525 1917 3560 indolem
1942 3526 2026 3560 talis
2049 3525 2188 3569 scripti,
2221 3523 2270 3557 ad
2293 3523 2389 3568 qaod

180 3588 436 3631 perficiendam
462 3588 554 3623 duae
572 3593 698 3633 partes
723 3589 969 3632 laboraverint,
995 3591 1094 3623 caute
1120 3586 1325 3631 inspexeris.
1451 3585 1487 3629 2)
1512 3583 1550 3618 V.
1577 3583 1680 3626 infra
1706 3594 1761 3618 nr.
1781 3588 1855 3619 250.
1971 3584 2007 3626 3)
2035 3582 2072 3617 V.
2098 3581 2303 3626 encyclicam
2326 3581 2387 3614 im-

184 3645 355 3689 peratoris
379 3645 485 3688 infra
501 3657 556 3680 nr.
576 3651 639 3681 252
662 3657 689 3681 c.
708 3651 757 3681 16.
828 3647 863 3690 4)
891 3645 1079 3680 Rainalcli.
1151 3645 1187 3687 5)
1216 3643 1416 3687 Presbyteri
1440 3641 1640 3677 cardinalis
1659 3641 1696 3676 S.
1716 3642 1863 3676 IVIariae
1881 3646 1982 3676 trans
2003 3640 2161 3675 Tiberim.
2233 3641 2268 3684 6)
2295 3638 2387 3673 Dia-

121 3710 154 3737 50
189 3702 270 3740 com·
294 3702 390 3738 card.
416 3702 482 3738 SS.
511 3702 652 3738 Cosmae
676 3707 707 3738 et
731 3704 919 3740 Damiani.
1016 3703 1050 3748 7)
1075 3701 1234 3736 Diaconi
1257 3700 1353 3736 card.
1379 3699 1414 3734 S.
1441 3699 1585 3734 Nicolai
1609 3699 1651 3733 in
1678 3698 1832 3734 Carcere.
1925 3700 1960 3741 8)
1987 3698 2058 3732 scil.
2083 3696 2317 3740 imperatoris.
