2558 3970
186 157 266 196 454
544 152 774 186 RICHARDI
803 150 940 185 REGIS
967 149 1395 185 CONSTITUTIONES.
1447 151 1543 186 1256.
1583 151 1680 185 1257.
1729 152 2002 187 N1·.383—385.

188 267 511 308 Cameracensis
554 266 783 320 episcopus
827 269 868 306 et
906 265 1123 307 Iohannes
1162 265 1214 307 de
1248 265 1434 306 Auesnis
1467 265 1610 306 omnia
1649 267 1844 320 superius
1888 271 2088 308 enarrata
2128 267 2359 308 iuravimus

188 350 262 376 nos
304 335 487 375 fideliter
527 338 789 375 servaturos.
833 339 876 374 et
908 347 959 374 ea
1000 334 1253 374 confitemur
1294 347 1372 375 nos
1414 348 1488 389 pro
1528 334 1621 389 ipso
1655 334 1823 376 domino
1855 339 1997 376 nostro
2030 335 2082 376 R.
2115 335 2167 377 de
2200 335 2362 391 Anglia

187 404 455 458 promisisse.
503 402 613 442 omni
655 402 751 442 dolo
796 406 837 443 et
876 401 1025 443 frande
1064 403 1269 454 exclusis,
1322 403 1364 443 in
1404 404 1572 457 signum
1612 407 1654 444 et
1693 404 1984 445 testimonium
2026 403 2135 445 hanc
2175 404 2360 446 litteram

186 471 334 511 dantes
367 471 445 525 ipsi
478 470 801 525 archiepiscopo
835 471 1129 525 consignatam
1163 475 1402 521 nostrorum
1435 471 1668 512 munimine
1701 472 1952 526 sigillorum.

326 540 480 579 Actum
514 546 555 579 ct
588 539 733 579 datum
772 539 883 594 apud
916 539 1194 594 Zudendorp,
1237 553 1347 581 anno
1380 539 1552 580 Domini
1584 539 1741 581 MOOL
1775 545 1923 593 sexto,
1966 541 2074 582 feria
2107 546 2232 583 sexta
2261 546 2361 597 post
2414 557 2428 580 5

184 608 339 648 festum
375 606 521 649 Lucie.

184 763 284 806 354.
325 765 637 808 RIt'IIARDI
669 765 924 808 COMITIS
955 765 1322 808 GORNUBIAE
1356 766 1686 809 PROMJSSIO
1716 767 1805 808 DE
1832 766 2030 808 PAGTO
2063 766 2364 809 TENENDO.

1103 836 1225 876 1256.
1257 835 1356 876 Dec.
1377 836 1445 877 26.

328 914 452 956 Dedit
481 915 746 956 ll'attenbaeh
780 929 830 955 ca·
860 915 1092 956 oezethmitico
1123 916 1327 957 tabularii
1348 916 1638 957 Bcrolinensis
1658 917 1755 966 217,
1775 918 1843 966 27,
1875 916 1941 957 cui
1973 916 2206 968 appendent
2225 916 2366 970 siyilla

185 984 376 1024 Heinrici
408 985 513 1036 roais
544 984 874 1037 contrasiqillum
904 985 951 1024 ‘in
981 984 1101 1025 dorso
1129 997 1274 1037 qcrcns
1300 988 1337 1026 ct
1359 984 1564 1025 Richardi·
1585 985 1742 1025 comitis
1763 987 1970 1027 secretum.
2021 985 2093 1026 Ex
2113 985 2366 1038 autoyrapho

183 1052 400 1093 ediderunt
431 1053 551 1093 etiam
585 1052 809 1093 Bodmamz
841 1053 866 1094 l.
889 1066 918 1093 c.
943 1054 1038 1103 309,
1070 1053 1328 1106 Kimllinqcr
1357 1054 1384 1094 l.
1407 1067 1438 1095 c.
1462 1056 1500 1104 8,
1532 1053 1767 1095 Lacomldet
1787 1054 1814 1094 l.
1836 1067 1868 1097 o.
1891 1053 1956 1104 II,
1977 1055 2063 1094 233
2093 1067 2161 1096 nr.
2181 1055 2278 1095 430.
2312 1078 2365 1084 —

183 1121 375 1170 Βίλῇηιον,
409 1120 507 1174 ch.
543 1122 635 1173 imp.
669 1122 712 1172 V,
731 1123 854 1162 5280.
1991 1121 2061 1176 (P.
2084 1122 2226 1172 deest.)

329 1235 537 1276 Omnibus
571 1234 622 1275 ad
663 1249 767 1290 quos
812 1250 989 1291 presens
1029 1237 1236 1292 scriptum
1276 1238 1525 1292 pervenerit
1556 1237 1610 1278 R.
1644 1251 1788 1278 comes
1822 1236 2068 1279 Cornubiea
2100 1242 2292 1279 eternam
2323 1238 2366 1278 in

185 1304 368 1345 Domino
415 1305 611 1346 salutem.
730 1304 908 1346 Noverit
938 1307 1196 1348 universitas
1229 1311 1389 1358 vestra,
1428 1321 1506 1348 nos
1546 1307 1659 1348 bona
1690 1306 1773 1348 fide
1805 1307 2076 1362 promisisse,
2111 1320 2160 1348 ac
2192 1306 2368 1347 firmiter

183 1374 472 1428 promittimus
518 1378 560 1414 et
601 1378 863 1425 constanter,
909 1375 1017 1430 quod
1057 1389 1205 1416 omnes
1249 1376 1471 1431 pactiones
1511 1380 1553 1416 et
1594 1376 1923 1427 conventiones,
1970 1389 2075 1431 quas
2114 1375 2270 1416 nobilis
2302 1376 2367 1416 vir

183 1442 380 1483 dominus
413 1442 628 1484 Iohannes
673 1442 724 1484 de
758 1444 945 1485 Auesnis
988 1444 1090 1485 fecit
1128 1458 1223 1485 cum
1257 1445 1493 1486 venerabili
1542 1448 1664 1500 patre
1697 1443 1894 1486 Conrado
1928 1444 2011 1486 Dei
2044 1444 2189 1500 gracia
2221 1447 2369 1486 sancte

185 1511 451 1552 Coloniensis
485 1512 667 1553 ecclesie
701 1512 1026 1568 archiepiscopo
1062 1527 1191 1568 super
1221 1514 1493 1568 promotione
1526 1518 1672 1554 nostre
1705 1514 1948 1564 eleccionis,
1982 1518 2107 1569 prout
2138 1514 2181 1554 in
2213 1513 2369 1555 litteris

183 1580 284 1621 dicti
332 1580 491 1621 domini
532 1580 739 1622 Iohannis
790 1582 1038 1637 patentibus
1087 1583 1256 1637 plenius
1298 1583 1557 1634 continetur,
1606 1581 1914 1624 inviolabiliter
1963 1582 2287 1624 observabimus
2327 1587 2371 1624 et

183 1650 393 1689 faciemus
419 1650 639 1691 observari
665 1655 707 1691 et
729 1651 860 1705 ipsas,
894 1665 1019 1706 quam
1044 1652 1126 1692 cito
1148 1652 1189 1692 in
1214 1665 1361 1706 regem
1383 1651 1675 1692 Romanorum
1698 1652 1881 1706 promoti
1903 1651 2123 1703 fuerimus,
2155 1652 2366 1693 faciemus

184 1718 322 1773 sigillo
369 1724 513 1758 nostro
558 1720 675 1773 regio
718 1720 977 1772 confirmari,
1021 1725 1203 1775 excepto
1242 1720 1322 1761 hoc
1364 1720 1565 1772 articulo,
1607 1719 1721 1775 quod
1758 1720 1986 1760 terminum
2018 1721 2138 1775 pacis
2170 1720 2366 1762 faciende

186 1788 298 1828 inter
330 1787 487 1828 dictum
522 1787 892 1844 archiepiscopum
927 1793 970 1830 et
1002 1789 1221 1830 dominum
1252 1789 1430 1830 Petrum
1463 1788 1758 1830 Cabochiumb
1792 1788 2055 1831 cardinalem
2087 1789 2256 1831 nobiles
2288 1790 2370 1831 viri

184 1856 477 1897 VValleramus
518 1857 654 1898 frater
694 1857 859 1898 comitis
900 1858 1177 1911 Iuliacensis,
1226 1857 1504 1900 Frethericus
1545 1858 1596 1899 de
1638 1857 1788 1910 Sleda,
1831 1859 2038 1913 magister
2075 1857 2370 1900 Theodoricus

187 1926 438 1966 scolasticus
467 1925 791 1967 Bunnenensisc
821 1941 958 1982 usque
991 1927 1044 1968 ad
1076 1928 1422 1983 assumpcionem
1456 1932 1605 1968 sancte
1638 1927 1775 1968 Marie
1807 1927 1861 1968 ad
1893 1928 2144 1983 petitionem
2178 1932 2370 1969 nostram

188 2001 479 2049 prorogarunt,
514 2000 556 2036 et
587 1995 668 2036 hoc
701 1995 839 2036 honus
873 1997 915 2036 in
949 2011 994 2037 se
1027 1997 1162 2051 gratis
1186 2000 1485 2051 susceperunt.
1548 1996 1599 2037 In
1622 1996 1740 2037 cuius
1768 1997 1829 2037 rei
1852 1997 2146 2038 testimonium
2169 1996 2366 2038 dominus

187 2077 262 2103 rex
303 2064 479 2118 Anglie.
525 2064 700 2105 illustris
742 2064 872 2105 frater
911 2070 1068 2117 noster,
1119 2066 1311 2121 presenti
1358 2065 1517 2120 scripto
1560 2065 1698 2120 sigillo
1746 2069 1891 2106 nostro
1933 2066 2131 2107 similiter
2166 2065 2368 2107 roborato

187 2132 376 2186 sigillum
411 2147 532 2173 suum
566 2134 778 2188 apposuit.

330 2200 487 2241 Datum
522 2202 727 2252 London„
761 2203 927 2244 XXVI.
961 2203 1029 2244 die
1062 2202 1334 2255 Decembris,
1367 2217 1479 2244 anno
1512 2203 1655 2258 gracie
1689 2202 1846 2244 MCOL
1879 2207 2018 2244 sexto.

567 2393 669 2436 385.
711 2395 1163 2439 PROMULGATIO
1194 2397 1577 2440 ELECTIONIS.
1641 2398 1763 2441 1257.
1798 2398 1896 2439 Ian.
1914 2400 1979 2439 13.

331 2476 470 2517 Grave
509 2476 621 2517 hocce
661 2479 965 2518 monimentum
1003 2478 1091 2529 ipso
1132 2478 1197 2519 die
1235 2478 1442 2519 electionis
1480 2478 1622 2519 datiam
1660 2479 1772 2519 soliis
1809 2479 1988 2520 servavit
2015 2478 2214 2520 Mothous
2243 2477 2370 2520 Pari-

190 2545 338 2585 sicensis
370 2546 414 2585 in
435 2545 563 2586 Libro
584 2546 972 2597 additcmzentorzmz,
1003 2548 1077 2598 qui
1108 2547 1257 2600 Zeyitm*
1287 2548 1333 2587 in
1364 2547 1486 2588 unico
1506 2547 1636 2588 codice
1657 2547 1911 2600 autographo
1931 2546 2102 2588 Musaei·
2122 2546 2369 2588 Britannici

192 2612 435 2655 Cottoniano
475 2615 586 2656 Nero
624 2614 666 2656 D
695 2618 732 2666 1,
774 2630 792 2656 e
832 2629 910 2668 quo
950 2615 995 2656 id
1033 2617 1220 2668 primum
1259 2616 1443 2668 vulyavit
1482 2615 1632 2657 Luard
1660 2615 1731 2666 VI,
1764 2618 1860 2667 341,
1901 2616 2046 2657 deinde
2092 2615 2370 2658 Liebermann

188 2682 261 2723 SS.
295 2682 517 2733 XXVIII,
540 2685 636 2725 366.
671 2709 722 2714 —
754 2683 947 2734 Bolcmer,
980 2683 1079 2737 Ray.
1114 2685 1207 2736 imp.
1240 2683 1284 2734 V,
1308 2684 1460 2726 15088.
1992 2683 2061 2737 (P.
2085 2683 2227 2733 deest.)

333 2796 557 2838 Universis
603 2797 761 2839 Christi
805 2798 1003 2839 fidelibus
1047 2812 1122 2853 per
1164 2798 1406 2839 Romanum
1450 2799 1677 2854 imperium
1726 2799 1966 2839 constitutis
2013 2798 2232 2840 Conradus
2283 2798 2367 2839 Dei

188 2866 326 2919 gratia
359 2865 625 2907 Coloniensis
658 2868 841 2908 ecclesie
872 2868 1239 2923 archiepiscopus,
1276 2867 1416 2908 Ytalie
1440 2868 1845 2909 archicancellarius
1869 2872 1912 2908 et
1933 2867 2192 2908 Ludowieus
2225 2880 2367 2908 comes

190 2934 405 2988 palatinus
437 2935 548 2977 Reni
581 2937 765 2977 salutem
798 2937 839 2977 in
871 2935 1054 2977 Domino
1087 2940 1292 2977 eternam.

331 3003 525 3045 Vacante
559 3019 697 3060 nuper
729 3005 922 3046 Romano
956 3005 1157 3060 imperio,
1202 3019 1296 3045 curn
1337 3005 1482 3060 plures
1517 3009 1665 3046 essent
1695 3004 1787 3045 dies
1824 3004 1977 3060 prefixi
2010 3004 2063 3046 ad
2094 3003 2367 3046 tractandum

190 3070 240 3110 de
280 3085 380 3126 rege
415 3072 702 3114 Romanorum
743 3073 963 3128 eligendO,
1005 3073 1178 3114 tandem
1222 3078 1372 3114 octava
1410 3073 1530 3115 diesa
1561 3073 1790 3129 epiphanie
1822 3072 1995 3114 Domini
2035 3087 2144 3114 anno
2177 3072 2369 3114 eiusdem

190 3137 426 3182 MCCLVI.
460 3141 645 3181 finaliter
686 3142 854 3197 prefixa
894 3141 973 3182 fuit
1013 3141 1126 3196 apud
1158 3141 1507 3183 Franckesforde
1550 3141 1604 3182 ad
1636 3141 1939 3182 celebrandum
1971 3142 2234 3182 eleccionem
2267 3141 2369 3181 dicti

189 3208 318 3261 regis,
380 3209 446 3248 Ad
480 3224 604 3264 quam
637 3209 747 3250 diem
781 3224 875 3250 cum
908 3223 984 3250 nos
1025 3211 1310 3264 personaliter
1342 3210 1631 3262 venissemus,
1673 3209 1908 3251 venerabili
1947 3214 2068 3263 patre
2102 3207 2368 3264 G(erhardo)

192 3275 272 3315 Dei
308 3278 444 3330 gratia
476 3279 802 3334 archiepiscopo
826 3279 1092 3333 Maguntino,
1126 3279 1196 3334 qui
1229 3278 1534 3334 impedimento
1555 3279 1745 3333 legitimo
1768 3277 2057 3329 detinebatur,
2089 3277 2214 3318 nobis
2239 3276 2365 3318 Colo-

191 3345 331 3385 niensi
373 3346 696 3402 archiepiscopo
729 3349 845 3389 vices
878 3362 976 3388 suas
1009 3349 1050 3388 in
1088 3348 1184 3404 ipsa
1217 3349 1433 3389 eleccione
1467 3348 1714 3388 comittente
1746 3347 1825 3388 hac
1857 3347 1970 3398 vice,
2015 3351 2057 3387 et
2088 3360 2166 3387 nos
2199 3347 2241 3387 in
2274 3347 2367 3388 loco

192 3420 397 3454 consueto
439 3420 480 3455 et
519 3416 660 3457 debito
701 3417 1009 3458 convenientes
1050 3417 1342 3458 venerabilem
1384 3422 1549 3472 patrem
1580 3414 1860 3471 A(rnoldum)
1898 3415 1980 3456 Dei
2021 3415 2160 3469 gratia
2205 3414 2366 3456 Treve-

193 3495 358 3523 rensem
392 3484 764 3539 archiepiscopum
798 3491 839 3526 et
871 3486 1081 3527 illustrem
1112 3486 1347 3541 principem
1372 3484 1641 3541 A(lbe1·tum)
1674 3484 1826 3526 ducem
1856 3483 2044 3525 Saxonie
2077 3497 2154 3538 per
2186 3485 2362 3526 nuncios

327 3584 413 3618 384.
448 3587 477 3627 a)
503 3588 648 3620 (Iornub.
669 3600 717 3620 or.
834 3587 865 3629 b)
893 3586 1031 3621 (jaboch
1056 3601 1106 3621 or.
1224 3590 1252 3630 c)
1277 3590 1324 3622 sic
1348 3602 1396 3622 or.

328 3653 413 3686 355.
448 3659 477 3687 ²)
505 3658 556 3688 die
582 3669 608 3689 c.

2401 996 2435 1021 10

2404 1392 2435 1416 15

2403 1732 2438 1758 20

2405 2077 2437 2102 25

2405 2559 2438 2584 30

2405 2945 2436 2971 35

2402 3287 2436 3312 40

2399 3664 2432 3689 45
