2558 3970
93 901 125 926 10

92 1245 123 1268 15

89 1588 123 1614 20

89 1938 121 1964 25

90 2425 122 2451 30

645 147 887 182 FRIDERICI
915 148 959 182 11.
985 149 1416 186 CONs'l'l'rc'rlsmlcs.
1473 154 1570 188 19:35.
1623 154 1778 190 Nr.191.
1810 157 1883 191 192.
2283 165 2356 202 2⁵3?

2313 180 2363 202 ιι)

162 264 329 319 typario
363 263 596 318 imperialis
628 263 866 304 maiestatis
899 264 1120 318 impressa.
1243 267 1305 319 (3)
1340 266 1423 307 Pro
1458 269 1648 323 predicta
1685 277 1826 311 autem
1853 272 2022 314 (lomina
2058 276 2227 316 nomine
2253 276 2363 316 ‹lotis-

160 332 306 387 recepi
338 332 669 387 promissionem
703 337 746 372 et
779 332 1087 386 obligationem
1112 333 1271 375 domini
1307 337 1420 390 regis
1456 339 1608 392 prefati
1633 339 1685 379 de
1711 342 1883 394 triginta
1911 343 2098 383 millibus
2126 358 2362 385 marcarum

161 401 327 455 argenti
375 399 592 442 solvendis
634 401 675 441 in
721 401 827 441 locis
873 406 915 441 et
959 403 1154 442 terminis
1196 404 1275 443 sub
1317 404 1498 458 ydoneis
1542 409 1836 453 cautionibus.
1885 419 2010 466 prout
2051 428 2124 468 per
2167 420 2363 468 pati-ntes

163 470 306 524 regias
347 469 514 511 litteras
547 474 591 511 et
629 469 860 510 multorum
894 469 1099 510 nobilium
1142 485 1314 512 suorum
1349 473 1570 515 evidenter
1612 486 1805 531 apparet.
1925 482 1987 533 (4)
2023 483 2151 522 Salvo
2185 483 2295 536 quod
2330 484 2362 522 ni

164 539 350 580 Domino
383 544 608 580 avertente
642 539 915 593 contingeret
936 540 1174 580 antefatum
1199 540 1418 582 dominam
1448 544 1513 583 vel
1541 545 1779 598 predictum
1804 547 2020 589 (lominum
2047 551 2363 605 imperatorem.

161 607 275 663 quod
319 608 452 659 absit,
494 608 611 663 prius
657 608 699 648 in
738 607 827 648 fata
865 608 1121 654 concedere,
1164 623 1291 664 quam
1338 612 1553 665 prefatum
1590 616 1904 656 matrimonium
1941 632 2015 672 per
2050 621 2361 674 spons-alioruin

162 678 402 733 solempnia
442 681 486 718 et
523 677 664 717 carnis
707 677 905 732 copulam
947 684 1285 727 consummetur,
1328 681 1546 720 antefatus
1579 682 1776 723 dominus
1810 699 1884 725 rex
1919 694 1957 725 et
1993 701 2266 728 sin-‹wssnres
2301 690 2362 729 sui

160 745 246 786 sint
277 760 303 787 a
334 745 538 801 predictis
571 745 906 800 obligationibus
940 746 1256 802 imperpetuum
1289 748 1497 791 absoluti:
1533 755 1575 790 et
1604 751 1879 793 nihilominus
1911 754 2080 795 «lomina
2116 757 2360 811 supradicta

160 815 203 856 in
242 828 292 856 eo
332 828 454 866 casu,
502 815 537 856 si
578 816 885 871 imperatorem
926 817 1198 871 contingeret
1238 819 1452 871 premori,
1498 834 1647 860 secure
1681 827 1723 861 et
1757 822 1887 862 libere
1920 824 1958 863 in
1995 839 2171 877 regnum
2208 827 2362 877 Angli«-

165 883 409 925 redueatur.
529 884 594 938 (5)
628 883 750 931 Quod
785 885 916 926 etiam
957 890 1276 926 sacramentum
1309 886 1510 928 dominus
1544 888 1598 928 ll.
1635 889 1905 931 Coloniensis
1939 893 2289 948 arcliivpisvopus
2324 903 2363 934 vt

158 953 231 994 alii
271 953 457 1005 nobiles,
500 954 572 1008 qui
615 953 669 994 ad
712 953 928 995 dominam
970 955 1108 1009 ipsam
1150 955 1443 1010 recipiendam
1488 956 1540 997 de
1589 958 1789 999 mandato
1834 960 2044 1015 imperiali
2090 963 2128 1002 in
2165 964 2363 1012 Angliam

159 1023 369 1072 venerint,
404 1022 685 1076 corporaliter
718 1023 925 1064 exhibere
960 1023 1193 1071 debebunt,
1228 1030 1315 1065 tam
1349 1025 1401 1066 de
1440 1026 1691 1081 recipienda
1726 1034 1769 1068 ct
1802 1028 2106 1084 desponsanda
2139 1046 2162 1071 a
2195 1032 2362 1072 ‹lomim›

159 1092 420 1147 imperatore
452 1091 627 1133 domina
658 1091 866 1147 predicta,
900 1106 1028 1147 quam
1062 1092 1115 1134 de
1150 1107 1215 1142 ea,
1250 1094 1284 1134 si
1319 1095 1492 1135 sinister
1525 1110 1651 1136 casus
1673 1097 1905 1147 accideret,
1939 1099 1978 1137 in
2005 1099 2204 1152 Angliam
2231 1101 2364 1141 lilwre

158 1160 419 1203 reducenda.
531 1159 597 1216 (6)
630 1160 755 1208 Quod
779 1162 814 1202 si
839 1162 951 1203 forte
977 1163 1248 1217 contingeret
1271 1163 1490 1205 dominum
1516 1165 1834 1220 imperatorem,
1869 1166 1980 1221 quod
2007 1168 2133 1218 absit,
2168 1171 2365 1223 premori.

163 1230 314 1272 liberis
354 1244 409 1272 ex
451 1230 620 1286 prefata
652 1230 827 1272 domina
859 1245 941 1272 non
975 1233 1208 1288 susceptis,
1254 1238 1354 1273 tunc
1388 1233 1623 1274 secundum
1660 1236 1778 1289 regni
1816 1237 1975 1290 Syr-ilie
2011 1238 2364 1279 consuetudinem

159 1300 215 1340 sit
247 1300 290 1340 in
323 1299 538 1340 electione
562 1299 735 1340 domine
759 1299 1022 1354 supradicte,
1056 1305 1199 1342 utrum
1225 1302 1331 1342 velit
1355 1302 1651 1357 supradictum
1677 1303 1902 1345 dodarium
1927 1306 1964 1345 in
1992 1306 2076 1346 vita
2103 1321 2179 1347 sua
2204 1312 2365 1348 tenere.

159 1369 278 1410 salvo
311 1369 402 1409 iure
435 1374 478 1409 et
510 1368 688 1410 servitio
721 1369 856 1424 ipsius
891 1369 1056 1410 dodarii
1089 1370 1234 1411 debito
1268 1375 1310 1411 et
1344 1371 1590 1412 exhibendo
1633 1372 1864 1414 heredibus
1899 1373 2058 1414 domini
2094 1376 2365 1430 imperatoris

159 1438 200 1478 in
232 1436 399 1492 RegnO,
435 1437 501 1478 vel
534 1436 783 1493 supradicta
816 1438 995 1492 triginta
1026 1439 1162 1479 millia
1194 1453 1437 1480 marcarum
1471 1441 1664 1496 recipere
1698 1442 1869 1482 domino
1894 1443 2141 1497 imperatori
2167 1458 2242 1499 pro
2267 1445 2365 1485 dot«-

158 1506 370 1549 exsoluta.
490 1506 554 1561 (7)
587 1506 772 1547 Promisi
806 1521 886 1562 ego
918 1513 1119 1563 preterea
1149 1510 1476 1564 prenominatus
1512 1511 1719 1565 magister
1745 1511 1898 1551 Petrus
1923 1511 1973 1551 de
2001 1512 2139 1553 Vinea
2163 1519 2204 1553 et
2228 1514 2361 1554 iuravi

159 1576 202 1617 in
235 1576 379 1617 anima
410 1576 683 1632 imperatoris
715 1575 909 1631 predicti,
944 1576 1058 1632 quod
1092 1578 1185 1633 ipse
1208 1577 1406 1619 dominus
1439 1592 1563 1620 meus
1596 1581 1834 1635 imperator
1856 1580 1924 1621 die
1949 1582 2206 1636 nuptiarum.
2240 1588 2362 1637 prout

157 1645 260 1686 iuris
293 1649 336 1687 et
375 1645 508 1686 moris
541 1650 624 1697 est,
664 1659 741 1701 per
773 1646 979 1687 annulum
1019 1647 1258 1702 assignabit
1305 1647 1446 1689 eidem
1479 1648 1648 1690 domine
1682 1648 1903 1690 dodarium
1939 1650 2230 1705 supradictum
2267 1666 2362 1692 eum

157 1714 355 1756 omnibus
388 1715 551 1756 iuribus
584 1720 627 1756 et
657 1716 933 1771 pertinentiis
967 1717 1072 1768 suis,
1105 1722 1233 1773 prout
1267 1718 1466 1772 superius
1501 1723 1568 1759 cst
1601 1732 1877 1774 expressum:
1913 1724 1955 1760 et
1988 1720 2258 1775 privilegium
2284 1720 2362 1760 sibi

157 1783 316 1826 exinde
346 1784 479 1825 faciet
509 1799 643 1826 aurea
674 1785 792 1826 bulla
824 1786 1035 1827 munitum
1068 1787 1223 1842 tipario
1256 1787 1494 1841 imperialis
1527 1788 1767 1829 maiestatis
1804 1788 2027 1842 impressa.

215 1903 220 1907 ¹
301 1852 399 1894 Hoc
440 1853 646 1909 scriptum
690 1854 842 1910 scripsi
883 1869 963 1910 ego
996 1855 1195 1911 Angelus
1227 1870 1383 1911 magne
1426 1856 1665 1911 imperialis
1699 1858 1817 1898 curie
1851 1858 2042 1898 notarius
2076 1857 2128 1897 de
2162 1857 2364 1898 mandato

158 1921 370 1978 sepedicti
403 1924 596 1978 magistri
627 1922 745 1964 Petri
778 1923 832 1965 de
864 1923 1005 1965 Vinea
1039 1929 1081 1965 et
1113 1938 1209 1966 meo
1244 1926 1367 1979 signo
1401 1925 1582 1979 signavi,
1617 1925 1822 1981 pendenti
1847 1926 1986 1980 sigillo
2012 1926 2145 1981 ipsius
2171 1927 2363 1981 magistri

157 1992 382 2034 munitum.

302 2061 458 2102 Actum
483 2061 597 2117 apud
618 2060 829 2114 London.,
863 2076 975 2104 anno
1000 2062 1214 2104 dominice
1244 2063 1551 2105 incarnationis
1575 2051 1803 2105 millesimo
1826 2064 2124 2106 ducentesimo
2149 2065 2364 2105 tricesimo

157 2130 319 2185 quinto,
352 2135 395 2172 et
426 2131 633 2173 vicesimo
666 2131 857 2174 seeundo
891 2131 960 2174 die
995 2133 1157 2174 mensis
1191 2132 1431 2184 Februarii,
1467 2137 1622 2175 octava
1653 2133 1905 2175 indictione,

978 2337 1076 2381 192.
1122 2339 1564 2382 IURAMENTUM

282 2406 473 2450 DUCIS
508 2407 932 2450 BRABANTJAE
969 2409 1054 2450 ET
1087 2408 1577 2452 ARCHIEPISCOPI
1612 2407 2022 2466 COLONJENSLS'.
2075 2409 2184 2451 Mai.
2208 2414 2245 2449 J.

299 2487 430 2530 Dedit
458 2487 616 2545 Rymer
647 2489 859 2531 ‘Foedera’
891 2490 927 2540 I,
954 2493 990 2540 1,
1013 2491 1099 2531 226
1129 2506 1149 2531 c
1182 2490 1350 2531 Rotulis
1394 2491 1629 2531 litterarum·
1674 2491 1934 2541 clausarum,-
1977 2492 2047 2532 ubl
2089 2492 2362 2532 sionnam-ieme.

157 2560 320 2598 tantum
362 2558 510 2610 scripti
547 2557 848 2611 archiepiscopi
886 2559 1048 2612 leyitur,
1092 2572 1112 2600 e
1150 2572 1229 2611 quo
1269 2560 1473 2613 inteymm
1511 2559 1600 2600 eius
1640 2559 1825 2600 chartam
1857 2560 2116 2611 confecerunt
2148 2560 2300 2600 Ennea
2331 2562 2367 2598 vl

155 2625 334 2668 Eclcertz
365 2626 552 2680 ‘Quellen
588 2640 665 2668 zur
700 2626 939 2669 Geschichte
976 2627 1049 2669 der
1081 2627 1206 2671 Stadt
1238 2627 1365 2670 Ko'ln’
1405 2628 1466 2678 II,
1491 2629 1573 2668 159
1604 2641 1669 2669 nr.
1696 2629 1789 2669 158.
1825 2653 1878 2656 κ
1911 2627 2366 2670 flamm-cl-lJmflzollm

157 2694 238 2746 IV,
262 2695 358 2737 541.
417 2695 614 2747 Bo'hmer,
641 2695 741 2750 Rey.
774 2697 874 2751 imp.
906 2696 951 2747 V,
974 2699 1128 2738 11160.
1990 2697 2058 2749 (P.
2082 2697 2222 2750 deest.)

302 2833 392 2875 Nos
425 2834 644 2876 Henricus
677 2835 768 2876 dux
800 2834 1035 2876 Brabantie
1070 2848 1148 2890 per
1179 2848 1358 2890 presens
1393 2836 1597 2890 scriptum
1632 2840 1779 2876 notum
1812 2835 1903 2876 fieri
1931 2835 2126 2875 volumus
2152 2834 2362 2875 universis

158 2907 384 2958 presentes
417 2903 586 2945 litteras
618 2905 900 2960 inspecturis,
941 2903 1054 2959 quod
1086 2918 1110 2944 a
1143 2903 1315 2945 domino
1350 2909 1495 2945 nostro
1529 2903 1759 2946 Frederico
1795 2903 1874 2944 Dei
1908 2904 2048 2958 gratia
2083 2903 2359 2943 invictissimo

155 2970 446 3014 Romanorum
486 2974 746 3028 imperatore
781 2987 957 3028 semper
988 2977 1198 3027 augusto,
1241 2972 1478 3014 Ierusalem
1512 2977 1555 3014 et
1589 2972 1734 3014 Sicilie
1769 2986 1870 3027 rege
1905 2986 1980 3027 per
2013 2985 2156 3012 sacras
2192 2971 2358 3011 litteras

158 3054 258 3083 suas
302 3046 346 3084 et
389 3056 466 3098 per
507 3043 764 3098 magistrum
803 3041 980 3083 Petrum
1020 3041 1073 3082 de
1107 3041 1250 3083 Vinea
1292 3056 1448 3097 magne
1493 3041 1730 3096 imperialis
1774 3041 1891 3081 curie
1933 3040 2138 3085 iudicem,
2184 3040 2360 3080 latorem

159 3123 327 3162 earum,
368 3111 612 3167 recepimus
643 3111 686 3151 in
718 3110 955 3162 mandatis,
1000 3115 1045 3151 ut
1077 3110 1129 3151 ad
1163 3110 1376 3153 illustrem
1410 3124 1556 3166 regem
1591 3111 1747 3165 Anglie
1781 3109 2037 3150 deberemus
2071 3108 2361 3164 personaliter

161 3192 238 3220 nos
281 3180 478 3221 conferre
517 3194 594 3235 pro
642 3179 893 3235 recipienda
933 3179 1106 3220 domina
1146 3179 1339 3220 Isabella
1381 3192 1526 3220 sorore
1572 3179 1686 3234 regis
1739 3178 1954 3228 eiusdem,
1997 3191 2124 3232 quam
2167 3176 2359 3232 prefatus

158 3248 368 3304 magister
397 3248 555 3290 Petrus
588 3248 641 3291 de
674 3248 818 3290 Vinea
853 3253 1058 3303 tanquam
1091 3249 1291 3304 specialis
1325 3254 1368 3290 et
1408 3248 1622 3303 legitimus
1656 3252 1908 3302 procurator
1940 3247 2210 3301 imperatoris
2245 3246 2364 3287 eius-

159 3316 272 3370 dem,
305 3331 519 3360 consensu
551 3318 604 3359 ab
638 3332 690 3360 ea
722 3323 765 3359 et
786 3319 830 3359 in
853 3331 947 3359 eam
970 3332 1048 3373 per
1070 3317 1203 3359 verba
1225 3317 1278 3358 de
1301 3318 1489 3372 presenti
1514 3317 1675 3368 habito,
1710 3320 1979 3357 sacramento
2004 3315 2133 3356 etiam
2159 3327 2358 3368 corpora·

157 3384 257 3426 liter
287 3387 466 3441 prestito
497 3387 540 3428 in
572 3387 714 3428 anima
746 3392 790 3428 et
826 3387 998 3427 nomine
1031 3385 1167 3440 ipsius
1204 3385 1498 3440 imperatoris.
1546 3386 1736 3439 legitime
1779 3383 2079 3439 desponsavit.
2122 3396 2287 3424 necnon
2322 3387 2362 3421 et

159 3468 236 3510 pro
279 3455 431 3496 eadem
477 3455 650 3496 domina
695 3455 749 3496 ad
799 3456 939 3510 ipsum
985 3454 1204 3495 dominum
1252 3454 1558 3508 imperatorem
1602 3452 1800 3494 felicibus
1845 3451 2050 3506 auspiciis
2096 3449 2360 3491 deducenda.

159 3521 424 3580 Recepimus
457 3525 588 3566 etiam
621 3525 665 3565 in
697 3523 912 3566 mandatis
945 3537 971 3564 a
1003 3522 1174 3563 domino
1209 3523 1470 3577 imperatore
1503 3522 1686 3577 prefato,
1720 3525 1766 3561 ut
1798 3520 1970 3560 nomine
2005 3532 2080 3559 suo
2116 3524 2159 3559 et
2192 3519 2233 3558 in
2269 3517 2359 3557 eius

159 3592 302 3633 anima
331 3593 590 3645 iuraremus,
634 3592 748 3648 quod
779 3594 871 3648 ipse
904 3591 1144 3648 predictam
1177 3590 1392 3632 dominam
1424 3591 1467 3630 in
1498 3590 1610 3631 faeie
1643 3589 1828 3630 ecclesie
1862 3587 2141 3641 solempniter
2174 3586 2359 3640 despon-

161 3659 272 3702 sabit
313 3665 357 3703 et
405 3662 629 3704 coronabit
676 3661 873 3703 eamdem
921 3665 964 3702 et
1011 3661 1125 3715 quod
1167 3661 1304 3715 ipsam
1347 3659 1557 3714 imperiali
1606 3659 1766 3699 honore
1812 3662 1855 3698 et
1904 3656 2130 3697 affectione
2176 3654 2359 3694 maritali

2014 3729 2088 3762 30*
