2558 3970
109 908 139 932 10

109 1252 138 1277 15

105 1598 138 1622 20

104 1948 136 1974 25

104 2295 138 2320 30

106 2642 138 2668 ³5

105 3021 139 3046 40

717 150 1478 185 comminix'.‹:(›NST1T1†T1‹]NES.
1533 152 1628 185 12:37.
1680 152 1836 187 Nus-29.
2295 157 2368 195 441

178 265 297 312 citer,
331 265 383 307 de
418 267 684 307 successoris
721 267 841 308 nobis
866 267 1078 307 electione
1112 267 1409 322 providimusfi,
1445 283 1495 308 ne
1522 283 1597 323 per
1619 270 1710 308 vius
1737 270 1953 310 interitum
1982 269 2170 310 iustitia*
2195 269 2374 310 diminu-

180 336 338 377 tionem
372 340 537 376 statusc
569 341 799 390 pateretur,
835 336 1076 391 imperium¹
1111 342 1153 376 et
1187 337 1475 391 tranquillitas
1510 338 1718 379 interiret.

323 403 380 445 Et
411 418 507 446 cum
539 404 590 445 de
625 405 928 446 substituenda
960 419 1145 460 persona
1177 405 1370 460 diligenti
1395 406 1672 447 meditatione
1699 407 1919 448 nobiscum
1945 413 1986 448 et
2010 408 2192 448 sollicite
2219 422 2370 463 pensa-

180 487 335 524 remus,
369 473 675 529 preteritorum
709 473 864 515 cautad
898 474 1083 529 provisio
1117 474 1290 515 salubre
1335 475 1562 515 consilium
1604 475 1772 530 prebuit
1807 476 1845 515 in
1879 477 2045 517 futuris.
2110 476 2371 517 Considera-

180 541 369 584 tionibus
392 543 590 584 etenim¹¹¹
624 544 782 584 nostris
807 544 1005 593 occurrit,
1039 543 1223 597 qualiter
1246 542 1329 583 divi
1354 558 1523 583 cesares
1550 545 1843 599 progenitores
1869 545 2138 600 imperatoris
2163 545 2373 595 eiusdem,

177 612 247 667 qui
286 611 427 667 longis
471 617 582 652 retro
623 612 890 668 temporibus
925 612 1103 667 imperio
1137 612 1405 666 prefuerunt.
1450 626 1531 652 non
1567 613 1704 653 solum
1738 620 1783 653 ut
1816 613 1975 654 ‹lomini
2023 614 2184 654 iustitie
2219 614 2372 654 solium

177 681 322 722 inclite
361 686 561 725 tenuere.
607 681 682 722 scd
726 687 945 735 tamquam
988 685 1134 735 patres
1175 681 1343 735 imperii
1390 686 1569 735 paterno
1613 681 1857 722 dilectionis
1892 683 2028 723 zelum
2063 683 2114 723 ad
2149 698 2298 723 omnes
2333 690 2375 723 ot

178 750 369 806 singulos
401 750 658 801 habuerunt,
692 750 877 806 qualiter
918 764 994 790 nec
1037 763 1317 805 personarum
1353 749 1555 805 periculis
1591 764 1667 790 nec
1703 764 1843 790 rerum
1887 751 2100 806 parcendo
2135 752 2374 807 dispendiis

175 823 219 861 et
255 819 507 875 plerumque
546 834 624 875 per
664 818 799 860 dura¹¹
837 818 1048 860 bellorum
1090 818 1339 859 discrimina
1380 819 1545 873 imperii
1590 819 1722 859 nostri
1764 820 1871 860 fines·
1915 821 1954 860 in
2001 822 2285 861 citramarinis
2331 827 2371 861 et

178 889 476 930 transmarinis
521 889 716 945 partibus
758 888 1074 944 produxerunt.
1125 892 1299 943 propter
1348 887 1460 942 quod
1502 893 1727 943 parentum
1774 888 1992 929 laboribus
2034 889 2219 930 fraudari
2264 890 2372 930 tilios

175 959 306 1000 nostri
339 959 515 1000 noluere
547 959 751 999 maiores:
784 964 892 999 nos⁰
926 958 1117 1013 ipsorum
1143 957 1339 1011 vestigiis
1373 957 1647 998 laudabiliter
1670 958 1928 1000 inherentes.
1964 963 2207 1013 presentem
2237 960 2370 1014 impc-

175 1032 381 1079 ratorem,
420 1042 546 1083 quem
579 1028 622 1069 in
654 1027 964 1069 exaltationem
999 1026 1182 1067 Romani
1218 1027 1407 1067 nominis
1441 1031 1484 1067 et
1517 1026 1740 1082 dignitatis
1774 1032 1986 1082 auguste¹¹
2020 1027 2370 1082 predecessorum

174 1112 347 1140 suorum
382 1111 528 1139 verum
563 1110 856 1138 successorem
891 1097 1167 1151 agnoscimus
1201 1101 1244 1137 ct
1275 1096 1409 1137 filium
1445 1097 1705 1151 experimur,
1742 1097 1782 1137 in
1817 1097 1964 1138 sobole
1997 1112 2073 1138 sua
2097 1098 2221 1138 simili
2247 1098 2369 1138 retri-

175 1168 353 1209 butione
400 1167 671 1209 decrevimus
716 1167 949 1218 honorare,
993 1170 1040 1207 ut
1083 1165 1183 1207 dum
1226 1166 1360 1207 filium
1403 1166 1497 1208 cius
1530 1181 1584 1207 cx
1628 1181 1739 1207 nunc
1775 1168 1814 1207 in
1849 1167 2035 1207 futurum
2070 1167 2371 1222 imperatorem

178 1241 371 1279 nostrum
403 1240 502 1293 post
534 1236 626 1278 cius
659 1240 840 1278 mortem
875 1236 1149 1278 assumimus.
1183 1236 1295 1277 iuste
1329 1250 1402 1291 pro
1438 1235 1618 1291 imperio
1652 1240 1802 1291 patcr‘¹
1836 1236 2045 1278 hactenus
2077 1236 2301 1277 laborasse
2326 1251 2371 1277 sc

174 1306 365 1362 gaudeat
395 1306 650 1361 laboretque
684 1306 887 1347 libentius
921 1305 1090 1354 amodo,
1124 1305 1242 1346 velut
1274 1304 1471 1345 laborum
1505 1319 1678 1345 suorum
1713 1305 1902 1346 fructusr
1936 1320 2018 1346 non
2043 1306 2269 1346 relicturus
2295 1321 2369 1346 ex-

173 1380 337 1426 traneo,
371 1374 446 1417 sed
480 1389 535 1417 ex
568 1375 804 1417 communis
837 1379 934 1416 voto
967 1378 1196 1430 parentum
1228 1374 1315 1415 filio
1349 1379 1594 1430 paraturus.
1660 1374 1818 1430 Sicquc
1852 1389 1942 1418 nos.
1977 1375 2215 1430 inspirante
2252 1375 2373 1416 nobis

174 1449 260 1487 tam
294 1445 466 1487 salubre
500 1445 727 1487 consilium
765 1445 905 1500 gratia
945 1445 1097 1485 summi
1132 1444 1284 1499 Regis,
1325 1443 1379 1484 ad
1412 1445 1679 1485 voluntatem
1717 1448 1759 1485 et
1801 1458 1951 1499 preces
1987 1443 2177 1485 eiusdem
2212 1444 2371 1485 domini

175 1516 308 1557 nostri
356 1515 648 1571 imperatoris.
696 1513 810 1570 apud
843 1514 1078 1555 Viennamt
1119 1514 1382 1555 unanimiter
1415 1518 1515 1554 vota
1558 1519 1700 1554 nostra
1742 1514 2001 1555 contulimus
2043 1515 2080 1554 in
2126 1514 2369 1554 Conradum

175 1584 380 1627 antedicti
413 1583 600 1626 dominiu
635 1584 906 1640 imperatoris
938 1583 1090 1628 filium,
1131 1584 1254 1639 regni
1286 1583 1618 1625 Ierosolimitani
1662 1583 1900 1637 legitimum
1935 1597 2252 1635 successorem,
2296 1584 2370 1624 eli‘

171 1658 322 1710 gentes
359 1654 501 1710 ipsum
542 1653 699 1694 ibidem
738 1654 780 1694 in
814 1653 1105 1695 Romanorum
1144 1667 1293 1708 regem
1327 1657 1369 1694 ct
1401 1653 1443 1694 in
1483 1653 1674 1694 futurum
1708 1653 2010 1708 imperatorem
2045 1658 2233 1694 nostrum
2276 1658 2372 1708 post

172 1723 335 1766 obitum
377 1723 510 1780 patris
548 1722 818 1769 habendum2
859 1737 909 1764 ac
949 1723 1079 1765 etiam
1119 1722 1202 1764 fide
1235 1722 1365 1764 datav
1398 1722 1538 1764 eidem
1572 1722 1785 1764 dominow
1818 1722 2067 1778 imperatori
2101 1727 2370 1763 sacramento

171 1793 452 1844 firmavimus,
493 1792 604 1848 quod
646 1792 860 1849 prefatum
894 1792 1142 1835 Com-adum
1174 1807 1200 1834 a
1242 1792 1366 1834 nobis
1399 1793 1440 1833 in
1474 1806 1620 1848 regem
1655 1792 1840 1833 electum
1874 1796 1970 1847 post
2002 1796 2182 1833 mortem
2217 1806 2372 1846 preno-

173 1863 320 1905 minati
352 1863 486 1919 patris
520 1863 585 1904 sui
617 1863 837 1914 dominum
871 1868 914 1904 et
946 1862 1251 1918 imperatorem
1286 1866 1479 1903 nostrum
1503 1861 1777 1912 habebimus,
1812 1861 1952 1902 eidem
1978 1861 2019 1901 in
2044 1860 2257 1909 omnibus,
2291 1874 2371 1915 quo

174 1932 228 1974 ad
270 1933 496 1988 imperium
537 1937 580 1974 et
622 1933 686 1973 ius
728 1933 896 1988 imperii
937 1932 1178 1988 pertinent,
1223 1931 1519 1982 intendentes,
1563 1931 1762 1986 sibiquex
1806 1931 2043 1972 iurabimus
2077 1929 2374 1971 fidelitatem&

172 2002 332 2055 eidem,
380 2006 529 2058 proutz
568 2007 635 2044 est
676 2003 807 2043 moris
841 2006 883 2043 et
922 2003 1027 2043 iuris
1061 2003 1248 2057 imperii,
1293 2006 1562 2043 sacramenta
1595 2005 1862 2056 prestantes.
1896 2007 1972 2041 acy
2005 1999 2059 2040 ad
2092 1998 2372 2040 obtinendum

172 2072 421 2114 solemniter
451 2072 619 2128 imperii
651 2072 852 2114 diadema
884 2071 978 2118 sibi.
1011 2076 1139 2128 prout
1171 2070 1223 2112 de
1257 2072 1348 2112 iure
1384 2075 1595 2113 tenemur.
1630 2071 1859 2112 consilium
1893 2074 1935 2111 et
1966 2069 2172 2110 auxilium
2208 2068 2374 2123 impen-

172 2140 337 2184 demus.
400 2141 457 2182 Et
499 2142 601 2184 licet
630 2141 870 2183 Henricum
912 2141 1248 2197 primogenitum
1288 2155 1412 2182 suum
1453 2139 1619 2196 pridem
1663 2140 1785 2181 nobis
1827 2140 1899 2180 iny
1931 2152 2077 2193 regem
2113 2137 2240 2178 simili
2275 2151 2374 2192 pro-

172 2211 337 2253 visione
370 2211 620 2253 duxerimus
660 2210 928 2266 eligendum,
968 2211 1069 2266 quia
1100 2215 1245 2253 tamen
1280 2224 1375 2252 cum
1415 2211 1454 2251 in
1491 2210 1652 2251 honore
1684 2210 1795 2251 foret
1828 2223 1910 2250 non
1947 2208 2176 2257 intellexit,
2212 2206 2287 2248 sed
2322 2206 2375 2247 ab

173 2281 374 2337 aquilone
422 2280 571 2323 sedem
615 2281 696 2323 sibi
737 2281 1007 2323 constituens
1051 2285 1199 2322 contra
1241 2284 1434 2336 patrem,
1483 2280 1577 2321 loco
1621 2280 1730 2320 tanti
1777 2279 1997 2334 regiminis
2039 2291 2084 2318 se
2118 2276 2375 2317 monstravit

172 2349 408 2406 indignum,
441 2351 555 2392 iusto
588 2351 721 2406 patris
751 2350 910 2392 iudicio
945 2355 988 2391 et
1020 2351 1113 2392 eius
1145 2350 1344 2391 ultronea
1374 2350 1612 2392 voluntate,
1647 2363 1775 2404 quam
1800 2348 1880 2389 sibi
1905 2346 2171 2389 conscientia
2195 2345 2367 2401 proprie

172 2421 528 2476 transgressionis
561 2421 757 2476 ingessit,
792 2421 845 2462 ab
879 2420 1032 2462 eodem
1065 2419 1284 2462 Henricoa
1316 2423 1591 2460 sacramento
1626 2418 1799 2461 solutib.
1835 2416 1948 2472 quod
1981 2415 2033 2457 de
2059 2415 2271 2456 electione
2297 2428 2374 2455 sua

173 2489 368 2531 similiter
399 2490 661 2533 feceramus.
704 2489 897 2531 Henrico
932 2488 1197 2537 Conradum,
1231 2488 1352 2529 velut
1384 2487 1523 2529 David
1559 2487 1702 2539 Sauli,
1744 2491 1895 2528 sancta
1927 2485 2238 2526 deliberatione
2273 2497 2371 2539 pro-

172 2558 380 2600 vidimusc
413 2558 778 2615 subrogandumd.

316 2629 386 2670 Ad
419 2629 540 2671 cuius
572 2629 635 2671 rei
666 2628 917 2670 memoriam
951 2633 1032 2670 ctc.
1096 2627 1390 2669 Interfucrunt
1415 2626 1611 2668 similiter
1640 2624 1885 2681 patriarcha
1909 2622 2200 2679 Aquileiensis
2234 2621 2370 2662 etalii

173 2699 451 2755 quamplures
483 2704 583 2740 etc.e

307 2837 393 2874 329.
424 2837 450 2881 i)
476 2840 685 2883 previdimus
709 2838 740 2872 4.
836 2836 870 2879 k)
896 2838 986 2871 deest
1009 2837 1042 2870 3.
1148 2835 1173 2875 l)
1193 2848 1262 2879 pro
1290 2837 1468 2880 imperium
1493 2841 1526 2869 et
1551 2834 1587 2868 2:
1626 2836 1679 2868 vel
1706 2835 1899 2867 turbaretur
1923 2838 2031 2865 status
2057 2832 2186 2874 imperii
2212 2837 2244 2863 et
2270 2829 2370 2861 orbis.

172 2896 214 2938 m)
247 2898 337 2930 enim
360 2895 391 2930 2.
418 2896 449 2931 3.
588 2898 622 2939 n)
658 2898 763 2930 dubia
789 2895 913 2929 2-4.
1056 2895 1088 2935 ⁰)
1121 2906 1258 2937 quoque
1284 2894 1364 2927 add.
1389 2893 1420 2927 2.
1563 2894 1595 2934 Ρ)
1629 2893 1863 2936 preteritorum
1890 2890 1969 2923 add.
1992 2890 2022 2923 3.
2163 2888 2194 2929 q)
2226 2887 2315 2920 deest
2343 2886 2371 2918 l.

171 2952 201 2995 ¹')
226 2955 376 2988 fructum
402 2954 440 2993 1;
465 2956 641 2988 fruetuum
665 2953 697 2988 2.
809 2953 837 2998 ²³)
863 2954 921 2987 sed
947 2954 1038 2986 omni
1065 2953 1094 2986 1.
1205 2953 1231 2993 t)
1256 2953 1369 2985 locum
1393 2951 1426 2984 4.
1534 2952 1567 2992 u)
1593 2951 1684 2983 deest
1709 2949 1740 2982 ⁵2.
1767 2948 1799 2982 3.
1908 2953 1938 2988 V)
1966 2947 2077 2980 debita
2103 2944 2135 2978 4.
2243 2948 2282 2985 w)
2305 2955 2370 2985 pro

173 3012 306 3046 domino
332 3032 378 3038 —-
398 3013 535 3056 imperii
561 3017 775 3046 sacramenta
800 3011 837 3045 4:
864 3012 930 3044 fide
955 3012 1044 3044 data.
1176 3010 1208 3051 x)
1233 3015 1267 3043 et
1292 3009 1322 3043 2.
1453 3015 1486 3050 y)
1513 3009 1604 3042 deest
1627 3007 1658 3041 3.
1777 3007 1807 3046 Ζ)
1832 3017 1896 3047 pro
1923 3010 2021 3048 prout
2049 3022 2087 3026 -
2116 3004 2199 3035 iuris
2224 3002 2262 3034 3:
2290 3002 2371 3033 iuris

172 3069 310 3103 honoris
334 3075 376 3104 et.
488 3071 518 3111 ³)
542 3059 684 3103 ab‘eius
708 3071 753 3102 H.
778 3068 810 3102 2.
919 3067 951 3111 b)
977 3069 1078 3101 soluti
1105 3073 1319 3101 sacramento
1344 3068 1483 3111 prestito
1509 3066 1539 3099 4.
1648 3066 1677 3106 c)
1702 3065 1755 3096 liic
1772 3063 1897 3107 finitur
1922 3062 1952 3094 3.
2061 3059 2093 3101 d)
2121 3060 2173 3092 hic
2190 3060 2314 3101 finiem·
2339 3057 2370 3090 4.

173 3127 203 3169 θ)
228 3129 470 3172 Aquilegensis
494 3134 528 3162 et
552 3129 773 3172 quamplures
798 3129 858 3161 alii
884 3127 916 3160 2.

311 3754 359 3777 ιι.
386 3753 672 3778 cons'rffu'rlonns
689 3754 723 3776 11.
2051 3731 2095 3764 56
