2558 3970
74 899 106 924 10

73 1248 104 1273 15

627 149 867 184 ralossmffl
898 150 938 184 ιι.
966 150 1398 185 eoNs‘rrrr'rioxss.
1452 155 1548 187 1:233.
1600 155 1660 188 ΝΥ.
1683 157 1756 188 iso.
1792 156 1863 189 181.
2258 161 2337 199 223

144 269 188 307 et
220 264 425 306 Ottonem
459 263 607 306 Sancti
640 264 806 305 Nicolai
841 265 881 304 in
916 264 1103 305 Car-cere
1137 266 1339 306 Tulliano
1382 267 1606 309 diaconum
1642 270 1906 311 cardinalem
1943 273 2110 312 nonnae
2147 272 2336 313 Romano

144 333 327 375 ecclesie
360 347 438 388 per
471 364 512 374 ..
546 334 798 387 magistrum
832 332 983 373 domus
1007 333 1344 375 'l'eutonicorum
1380 337 1549 377 nomine
1585 344 1727 378 nostro
1769 354 1842 394 pro
1877 340 1999 379 nobis
2032 355 2084 379 ex
2112 354 2194 380 una
2219 349 2337 395 parte.

142 416 308 444 necnon
342 416 418 457 per
450 405 639 443 rectores
672 400 937 456 quarundam
971 401 1192 441 civitatum
1228 403 1501 447 hominu-die.
1539 405 1727 446 Mar-chio
1763 415 1805 447 et
1840 407 2090 447 Humaniole
2126 423 2200 463 pro
2237 410 2337 464 ipsis

142 471 388 512 civitatibus
421 485 475 511 ex
509 471 664 512 altera:
701 469 901 511 videlieet
924 469 1050 524 quod,
1085 471 1274 511 remissis
1308 487 1361 512 ex
1396 477 1516 526 parte
1552 482 1694 514 nostra
1731 477 1920 516 offensis.
1958 477 2121 516 iniuriis
2146 484 2185 516 et
2211 492 2336 531 <piam

142 540 333 596 pluribus
377 540 472 581 aliis
514 539 713 594 capitulis
758 553 838 594 que
882 538 1080 580 diffusius
1115 540 1154 579 in
1201 540 1354 580 litteris
1394 543 1686 584 eontinentur.
1735 553 1897 598 partem
1932 546 2059 585 aliam
2108 561 2180 599 pro
2213 547 2334 586 satis-

142 609 330 651 factione
364 613 512 650 nostra
544 609 585 649 in
619 609 864 663 quingentis
889 608 1094 649 militibus
1117 608 1465 663 condempnavit.
1502 625 1576 664 per
1600 611 1816 653 biennium
1844 628 1936 653 eum
1964 615 2167 668 expensis·
2192 630 2337 655 eorum

140 692 216 734 pro
256 677 449 719 subsidio
488 677 623 719 Terre
659 677 815 718 Sancte
862 677 985 718 ituris
1035 678 1218 718 termino
1266 692 1391 732 quem
1435 678 1626 719 Romana
1672 682 1858 721 eeclesia
1900 683 1960 721 eis
2003 682 2171 722 duxerit
2214 686 2334 736 preli—

140 747 345 802 gendum,
378 747 662 788 conventione
695 747 822 801 priori
857 746 909 786 de
943 745 1270 800 quadringentis
1296 747 1500 787 militibus
1526 762 1701 802 prorsus
1725 750 1895 790 omissa.
1953 751 2152 790 l'reterea
2178 752 2336 792 eis-dem

140 816 297 858 litteris
331 829 675 864 commonemur,
718 819 764 855 ut
795 820 996 869 patentes
1031 814 1194 855 litteras
1228 820 1399 855 nostras
1434 823 1476 855 et
1511 817 1622 869 regis
1656 818 1730 857 filii
1766 819 1896 858 nostri
1932 834 2060 873 super
2095 820 2170 859 ho«-
2206 835 2336 874 usque

143 885 196 926 ad
229 886 426 940 proximo
449 889 676 926 venturum
710 884 869 925 festum
903 883 1040 924 sancti
1067 883 1294 924 Michaelis
1319 883 1398 924 sibi
1424 885 1592 925 mittere
1616 885 1867 926 debeamus.
1922 887 2007 926 Nos
2034 896 2173 927 autem
2201 889 2336 928 eido-m
2370 907 2422 918 ³...

141 968 307 996 summo
345 953 538 1010 pontifici
571 953 728 994 nostris
770 953 925 993 litteris
967 951 1303 1007 respondemus,
1345 953 1459 1006 quod
1503 954 1686 994 reditum
1723 956 1914 1005 niagistri
1949 955 2100 995 domus
2133 956 2335 997 'l'eutoni

141 1038 306 1073 corum,
349 1024 419 1079 qui
453 1022 647 1064 eiusdem
681 1022 842 1077 negotii
877 1022 1022 1063 extitit
1055 1026 1306 1076 procurator
1338 1027 1381 1063 et
1421 1022 1590 1076 plenius
1625 1022 1678 1063 ad
1713 1024 1881 1077 singula
1916 1030 1981 1064 est
2016 1026 2267 1066 insti-uetus.
2303 1026 2339 1065 iu

139 1093 336 1149 proximo
369 1092 671 1148 prestolamur,
705 1104 782 1146 per
815 1105 941 1146 quem
966 1090 1004 1131 ei
1030 1104 1161 1145 super
1183 1090 1266 1131 hiis
1292 1095 1334 1131 et
1358 1091 1455 1131 aliis
1480 1092 1782 1146 proposuimus
1807 1093 2084 1147 respondere.
2139 1095 2339 1133 Ceterum

139 1167 188 1204 ut
220 1162 355 1213 vobis,
388 1161 440 1202 de
474 1161 628 1216 quibus
661 1161 825 1201 sincere
858 1159 1147 1203 confidemus.
1182 1159 1450 1200 confidenter
1483 1165 1526 1201 et
1559 1165 1650 1200 tuto
1687 1161 1923 1215 loquamur.
1961 1162 2078 1202 salva
2111 1163 2341 1216 provisoris

141 1245 263 1288 pace,
295 1244 380 1271 non
413 1229 584 1270 videtur
616 1244 727 1284 equa
759 1229 998 1270 satisfactio
1031 1228 1265 1270 subsecuta
1298 1243 1374 1283 pro
1409 1233 1472 1270 tot
1505 1230 1787 1273 offensarum,
1822 1236 1883 1270 tot
1918 1231 2166 1270 iniuriarum
2192 1246 2339 1285 provo-

87 1317 94 1322 ·
141 1300 397 1350 nationibus,
425 1313 506 1354 que
531 1314 609 1354 per
630 1299 744 1340 illius
766 1298 901 1354 partis
925 1298 1202 1339 insolentiam
1227 1302 1555 1353 processerunt:
1590 1299 1743 1353 quibus
1773 1314 1854 1339 non
1880 1314 2027 1354 parum
2054 1300 2091 1339 in
2117 1299 2341 1340 defensor(-

69 1938 103 1964 25

71 2282 105 2309 30

75 2765 107 2792 35

141 1383 218 1411 suo
251 1370 344 1410 lesa
375 1369 455 1409 fuit
488 1369 692 1419 ecclesia,
735 1382 812 1409 nos
851 1381 1021 1423 quoque
1064 1367 1263 1423 dampnis
1304 1368 1540 1408 innumeris
1573 1369 1724 1408 offensi
1769 1369 2062 1424 multipliciter
2095 1377 2135 1409 et
2169 1370 2339 1410 turbati.

140 1438 226 1480 Ubi
258 1442 346 1480 tam
379 1438 561 1479 celebris
592 1438 803 1479 Ravenne
836 1438 973 1484 curia,
1007 1451 1083 1493 pro
1117 1437 1302 1478 ecclesie
1336 1443 1378 1477 et
1411 1437 1579 1492 imperii
1615 1437 1775 1478 honore
1811 1452 1859 1478 ae
1895 1438 2115 1478 commodo
2149 1440 2339 1491 generali

140 1507 326 1564 prefixa,
371 1521 520 1549 eorum
563 1507 769 1548 instinctu
810 1507 953 1547 extitit
997 1506 1224 1562 impedita,
1269 1507 1362 1561 regi
1407 1506 1493 1547 filio
1528 1512 1707 1547 venturo
1741 1506 1792 1547 ad
1828 1512 1991 1561 patrem
2026 1507 2208 1561 pree-lusi
2245 1514 2340 1547 simt

140 1578 301 1618 viarum
349 1576 512 1628 aditus,
560 1590 748 1631 persone
792 1576 1035 1631 principum
1079 1579 1122 1616 et
1164 1576 1289 1630 copia
1333 1575 1468 1615 multa
1512 1575 1716 1616 nobilium
1759 1575 2140 1617 dehonestationes
2185 1576 2237 1614 al»
2278 1576 2340 1615 eis

139 1645 346 1702 plurimas
388 1645 672 1700 pertulerunt.
743 1645 828 1686 Pro
875 1644 1031 1699 quibus
1081 1644 1279 1684 omnibus
1329 1648 1556 1699 sperantes
1606 1645 1778 1699 assequi
1823 1659 1877 1685 ex
1919 1645 2052 1699 patris
2097 1645 2341 1699 provisione

141 1715 354 1766 solatium,
389 1713 650 1756 ordinationi
684 1718 728 1756 et
759 1714 936 1755 arbitrio
970 1727 1047 1755 suo
1082 1728 1160 1755 nos
1193 1718 1237 1754 et
1269 1727 1441 1754 causam
1476 1714 1644 1768 imperii
1669 1714 1961 1754 commisimus
1987 1713 2263 1754 confidenter.
2299 1720 2339 1752 ut

139 1784 252 1840 quod
283 1784 479 1835 ecclesie,
514 1787 660 1824 nostro
685 1788 728 1825 et
750 1783 918 1838 imperii
952 1782 1101 1823 honori
1127 1782 1302 1823 cederet
1325 1781 1584 1837 provideret.
1638 1782 1802 1823 Verum
1826 1783 1937 1836 quia.
1973 1783 2081 1822 sieut
2104 1782 2142 1822 ei
2169 1782 2340 1836 placuit.

139 1858 207 1896 est
239 1854 477 1910 provisum,
510 1857 557 1894 ut
590 1867 645 1894 ex
677 1852 773 1908 ipsa
807 1852 1054 1908 provisione
1089 1852 1132 1892 in
1165 1851 1283 1892 nullo
1317 1850 1517 1892 videatur
1549 1851 1675 1892 nobis
1709 1866 1732 1892 a
1765 1852 1874 1892 mole
1909 1852 2229 1892 commissorum
2266 1865 2339 1889 ex-

139 1937 339 1965 cessuum
382 1922 651 1964 satisfactum
696 1935 775 1962 nec
808 1921 860 1962 de
898 1925 1046 1962 nostro
1082 1925 1124 1961 et
1163 1920 1331 1975 imperii
1373 1920 1534 1961 honore
1577 1921 1852 1975 aliquatenus
1892 1922 2148 1975 cogitatum,
2192 1920 2341 1959 mirum

139 1993 322 2048 geritur,
375 1992 410 2032 si
457 1994 647 2032 vestrum
697 1990 920 2031 consilium
970 1990 1070 2031 huic
1119 1990 1309 2045 potuerit
1359 1990 1580 2044 processui
1628 1990 1890 2031 concordari.
1970 1989 2112 2036 Quare
2161 1989 2341 2028 eircum-

140 2061 404 2117 spectionem
437 2064 625 2101 vestram
656 2063 822 2101 attente
856 2073 1077 2115 rogamus,
1111 2059 1314 2114 quatinus
1348 2072 1524 2114 precum
1559 2064 1800 2099 nostrarum
1837 2064 1879 2099 et
1913 2058 2156 2099 dilectionis
2191 2057 2341 2097 intuitu

141 2143 270 2185 super
302 2129 382 2170 hiis
414 2128 614 2170 benivolo
647 2128 912 2184 provideatis
944 2128 1115 2179 favore,
1156 2126 1268 2182 quod
1303 2126 1454 2168 honori
1489 2128 1694 2176 ecclesie,
1730 2132 1875 2168 nostro
1909 2133 1952 2168 et
1985 2127 2150 2182 imperii
2184 2139 2337 2179 eogno-

142 2198 259 2240 scitis
294 2197 515 2253 expedire,
549 2198 737 2239 maxime
772 2212 867 2239 eum
901 2197 955 2238 ad
989 2197 1028 2238 id
1059 2211 1134 2252 pro
1171 2197 1357 2237 ecclesie
1391 2196 1550 2237 honore
1585 2197 1835 2252 specialiter
1862 2210 2124 2237 moveamur.
2176 2194 2283 2235 Nam
2309 2194 2341 2233 si

140 2267 194 2309 ad
225 2267 441 2323 publicam
474 2267 671 2308 notitiam
703 2272 827 2308 tenor
858 2267 984 2308 huius
1018 2265 1279 2322 provisionis
1313 2266 1490 2316 exierit,
1535 2280 1662 2320 reges
1697 2271 1740 2306 et
1772 2265 1988 2320 principes
2023 2263 2222 2318 exemplo
2256 2268 2340 2302 tam

139 2336 280 2377 vicino
315 2335 547 2377 submoniti
579 2335 782 2377 arbitrale
815 2335 1018 2377 iudicium
1053 2335 1240 2376 ecclesie
1274 2348 1359 2375 non
1394 2334 1579 2375 libenter
1613 2333 1831 2375 subibunt.

285 2404 383 2446 Dat.
419 2404 645 2456 Siracusis,
678 2404 781 2445 XII.
815 2403 929 2455 Iulii,
963 2403 1037 2444 VI.
1071 2402 1332 2444 indictionis.

339 2599 440 2642 181.
485 2598 906 2642 RATIHABITIO
940 2597 1244 2640 ARBITRII
1272 2596 1395 2638 PER
1428 2595 1750 2639 HECTORES
1780 2594 2153 2638 SOCJETATJS.

285 2681 567 2723 Adhibuimus
597 2681 705 2722 duas
735 2679 945 2728 editiones,
977 2692 1083 2731 quac
1113 2679 1213 2718 sunt
1252 2677 1289 2732 1)
1320 2676 1540 2717 Maratori
1567 2676 1867 2728 ‘Antiqzcz'lales
1891 2674 2074 2718 Italica&
2109 2673 2138 2714 I
2144 2673 2186 2719 V,
2209 2676 2292 2713 331
2323 2689 2342 2711 a:

143 2753 353 2795 tabulario
373 2753 568 2803 Estensi,·
599 2754 641 2806 2)
670 2752 972 2795 Wiozlcelmaam
995 2749 1114 2791 ‘Acta
1136 2748 1303 2800 ‘imperit'
1325 2747 1494 2788 ineditas
1529 2746 1593 2796 II,
1613 2746 1693 2786 6135
1726 2758 1791 2786 nr.
1819 2747 1927 2785 1023
1949 2758 1967 2784 c
1990 2743 2119 2784 codiee
2143 2741 2342 2782 tabularii

142 2822 247 2875 reyii
277 2821 431 2872 Veneti,
461 2821 788 2863 Fontaniniana
810 2833 905 2861 mss.
929 2832 994 2861 mn
1021 2819 1103 2858 650
1128 2831 1171 2869 p.
1195 2818 1291 2867 262,
1324 2816 1391 2857 cui
1415 2816 1537 2856 illata
1558 2817 1617 2856 est
1642 2820 1704 2855 ‘erc
1726 2814 1830 2855 libro
1849 2812 2086 2854 concordiae
2112 2812 2149 2865 f.
2173 2810 2253 2850 «5¹52
2289 2833 2340 2838 —

142 2889 596 2933 Huillard-Breholles
625 2889 707 2941 IV,
729 2892 825 2930 434.
886 2888 1082 2937 Bolcmer,
1115 2886 1215 2939 Ray.
1248 2886 1344 2937 imp.
1377 2883 1422 2934 V,
1447 2886 1599 2924 13137.
1955 2880 2026 2933 (P.
2057 2879 2198 2932 deest.)

289 3017 573 3059 Sanctissimo
614 3017 725 3072 patri
766 3020 808 3057 et
849 3015 1022 3056 domino
1056 3012 1266 3067 Gregorio
1310 3011 1394 3052 Dei
1433 3010 1573 3065 gratia
1614 3013 1887 3051 sacrosancte
1922 3008 2116 3048 Romane
2156 3003 2339 3045 ecclesie

144 3100 310 3128 summo
344 3090 387 3127 et
417 3086 652 3128 universali
683 3085 872 3141 pontifici
902 3088 1096 3125 rectores
1132 3081 1364 3122 Societatis
1398 3079 1696 3127 Lomba1·die¹³,
1730 3078 1921 3119 Marchie
1957 3080 1998 3118 et
2026 3073 2266 3116 Romanie¹’
2299 3077 2341 3113 et

144 3155 452 3197 universitates
490 3159 533 3197 et
573 3155 815 3196 communia
853 3156 896 3194 et
935 3152 1093 3206 singuli
1132 3149 1354 3205 predictae
1387 3148 1618 3190 Societatis
1653 3147 1799 3188 oscula
1830 3145 1989 3200 pedum
2022 3148 2064 3184 et
2097 3145 2338 3197 promptum

144 3223 187 3265 in
219 3224 335 3266 omni
368 3237 527 3279 genere
561 3224 830 3265 famulatum.

286 3292 381 3340 Que
424 3307 500 3348 pro
542 3293 656 3334 bono
699 3291 818 3346 pacis
861 3294 960 3331 sunt
998 3303 1023 3329 a
1054 3287 1342 3342 compositore
1388 3284 1605 3326 amicabili
1638 3283 1837 3324 ordinata
1870 3286 1913 3323 et
1945 3281 2131 3321 maxime
2165 3294 2189 3319 a
2220 3283 2338 3318 tanto

144 3359 336 3413 domino,
385 3361 457 3416 qui
501 3365 649 3416 preest
688 3361 731 3401 in
771 3359 937 3401 iustitia
975 3357 1124 3399 debita
1163 3354 1398 3404 universis,
1443 3352 1674 3408 approbari
1714 3356 1892 3406 rataque
1926 3349 2073 3390 haberi
2106 3348 2264 3389 debent
2298 3350 2340 3387 ct

144 3429 454 3472 inviolabiliter
491 3430 722 3471 observari.
794 3428 1006 3477 Litteras,
1048 3439 1154 3481 quas
1188 3427 1333 3465 vestra
1372 3422 1521 3463 nobisc
1564 3422 1770 3462 sanctitas
1803 3419 2036 3461 destinavit
2073 3431 2201 3472 super
2232 3430 2338 3471 pace

79 3513 112 3540 45
149 3501 192 3540 et
229 3498 454 3540 concordia
498 3512 576 3554 per
613 3503 800 3540 vestram
844 3496 1116 3538 clementiam
1160 3492 1283 3533 cumd
1321 3491 1562 3532 deliberato
1600 3490 1777 3531 consilio
1811 3487 2122 3530 venerabilium
2160 3486 2338 3526 fratrum

285 3600 372 3635 181.
404 3601 435 3644 ²²)
459 3603 731 3636 Lombardorum
753 3600 785 3634 2.
903 3598 937 3642 b)
962 3598 1183 3632 Romandiole
1207 3595 1240 3629 2.
1376 3595 1406 3635 e)
1433 3594 1530 3627 nobis
1555 3599 1670 3627 vestra
1694 3592 1726 3626 2.
1844 3590 1876 3632 d)
1902 3592 1958 3624 cui
1982 3603 2003 3623 a
2028 3589 2069 3629 23
2096 3599 2173 3621 cum
2200 3604 2240 3609 —-
2267 3597 2337 3618 car-

148 3658 314 3694 dinalium
337 3659 407 3692 des.
426 3658 455 3694 1.
