<?xml version="1.0" encoding="UTF-8"?>
<!DOCTYPE html PUBLIC "-//W3C//DTD XHTML 1.0 Transitional//EN"
    "http://www.w3.org/TR/xhtml1/DTD/xhtml1-transitional.dtd">
<html xmlns="http://www.w3.org/1999/xhtml" xml:lang="en" lang="en">
 <head>
  <title>
</title>
<meta http-equiv="Content-Type" content="text/html;charset=utf-8" />
  <meta name='ocr-system' content='tesseract 3.04.00' />
  <meta name='ocr-capabilities' content='ocr_page ocr_carea ocr_par ocr_line ocrx_word'/>
</head>
<body>
  <div class='ocr_page' id='page_1' title='image "./monumentager02geseuoft_0135.png"; bbox 0 0 2558 3970; ppageno 0'>
   <div class='ocr_carea' id='block_1_1' title="bbox 83 918 115 942">
    <p class='ocr_par' dir='ltr' id='par_1_1' title="bbox 83 918 115 942">
     <span class='ocr_line' id='line_1_1' title="bbox 83 918 115 942; baseline 0 0"><span class='ocrx_word' id='word_1_1' title='bbox 83 918 115 942; x_wconf 87' lang='lat'><strong>10</strong></span> 
     </span>
    </p>
   </div>
   <div class='ocr_carea' id='block_1_2' title="bbox 80 1607 113 1633">
    <p class='ocr_par' dir='ltr' id='par_1_2' title="bbox 80 1607 113 1633">
     <span class='ocr_line' id='line_1_2' title="bbox 80 1607 113 1633; baseline 0 0"><span class='ocrx_word' id='word_1_2' title='bbox 80 1607 113 1633; x_wconf 76' lang='lat'><strong>20</strong></span> 
     </span>
    </p>
   </div>
   <div class='ocr_carea' id='block_1_3' title="bbox 78 1954 110 1980">
    <p class='ocr_par' dir='ltr' id='par_1_3' title="bbox 78 1954 110 1980">
     <span class='ocr_line' id='line_1_3' title="bbox 78 1954 110 1980; baseline 0 0"><span class='ocrx_word' id='word_1_3' title='bbox 78 1954 110 1980; x_wconf 78' lang='lat'><strong>25</strong></span> 
     </span>
    </p>
   </div>
   <div class='ocr_carea' id='block_1_4' title="bbox 79 2306 112 2332">
    <p class='ocr_par' dir='ltr' id='par_1_4' title="bbox 79 2306 112 2332">
     <span class='ocr_line' id='line_1_4' title="bbox 79 2306 112 2332; baseline 0 0"><span class='ocrx_word' id='word_1_4' title='bbox 79 2306 112 2332; x_wconf 80' lang='lat'><strong>³0</strong></span> 
     </span>
    </p>
   </div>
   <div class='ocr_carea' id='block_1_5' title="bbox 79 2652 110 2677">
    <p class='ocr_par' dir='ltr' id='par_1_5' title="bbox 79 2652 110 2677">
     <span class='ocr_line' id='line_1_5' title="bbox 79 2652 110 2677; baseline 0 0"><span class='ocrx_word' id='word_1_5' title='bbox 79 2652 110 2677; x_wconf 80' lang='lat'><strong>³5</strong></span> 
     </span>
    </p>
   </div>
   <div class='ocr_carea' id='block_1_6' title="bbox 79 3340 111 3366">
    <p class='ocr_par' dir='ltr' id='par_1_6' title="bbox 79 3340 111 3366">
     <span class='ocr_line' id='line_1_6' title="bbox 79 3340 111 3366; baseline 0 0"><span class='ocrx_word' id='word_1_6' title='bbox 79 3340 111 3366; x_wconf 83' lang='lat'><strong>45</strong></span> 
     </span>
    </p>
   </div>
   <div class='ocr_carea' id='block_1_7' title="bbox 590 142 2347 188">
    <p class='ocr_par' dir='ltr' id='par_1_7' title="bbox 590 142 2347 188">
     <span class='ocr_line' id='line_1_7' title="bbox 590 142 2347 188; baseline 0.001 -11"><span class='ocrx_word' id='word_1_7' title='bbox 590 143 832 178; x_wconf 69' lang='lat' dir='ltr'>FRIDEMCI</span> <span class='ocrx_word' id='word_1_8' title='bbox 862 143 903 177; x_wconf 92' lang='lat' dir='ltr'><strong>ll.</strong></span> <span class='ocrx_word' id='word_1_9' title='bbox 931 142 1362 177; x_wconf 64' lang='lat' dir='ltr'><strong>CONS&#39;rl&#39;rL’TloNEs.</strong></span> <span class='ocrx_word' id='word_1_10' title='bbox 1415 144 1512 178; x_wconf 72' lang='lat'><strong>1220.</strong></span> <span class='ocrx_word' id='word_1_11' title='bbox 1553 145 1649 179; x_wconf 72' lang='lat'><strong>1221.</strong></span> <span class='ocrx_word' id='word_1_12' title='bbox 1702 145 1762 179; x_wconf 85' lang='lat' dir='ltr'><strong>Nr.</strong></span> <span class='ocrx_word' id='word_1_13' title='bbox 1782 146 1836 179; x_wconf 76' lang='grc'><strong>80.</strong></span> <span class='ocrx_word' id='word_1_14' title='bbox 1863 145 1917 178; x_wconf 68' lang='lat'><strong>81.</strong></span> <span class='ocrx_word' id='word_1_15' title='bbox 2283 152 2347 188; x_wconf 72' lang='grc' dir='ltr'><strong>μη</strong></span> 
     </span>
    </p>
   </div>
   <div class='ocr_carea' id='block_1_8' title="bbox 149 258 2359 721">
    <p class='ocr_par' dir='ltr' id='par_1_8' title="bbox 149 258 2359 658">
     <span class='ocr_line' id='line_1_8' title="bbox 154 258 2357 312; baseline -0 -12"><span class='ocrx_word' id='word_1_16' title='bbox 154 259 262 300; x_wconf 71' lang='lat' dir='ltr'><strong>lario</strong></span> <span class='ocrx_word' id='word_1_17' title='bbox 292 258 492 300; x_wconf 65' lang='lat' dir='ltr'><strong>Vaticano</strong></span> <span class='ocrx_word' id='word_1_18' title='bbox 523 259 641 300; x_wconf 85' lang='lat' dir='ltr'><strong><em>Arm.</em></strong></span> <span class='ocrx_word' id='word_1_19' title='bbox 667 259 696 300; x_wconf 94' lang='lat' dir='ltr'><strong><em>I</em></strong></span> <span class='ocrx_word' id='word_1_20' title='bbox 720 272 752 300; x_wconf 76' lang='lat' dir='ltr'><strong>e.</strong></span> <span class='ocrx_word' id='word_1_21' title='bbox 777 258 848 299; x_wconf 93' lang='lat' dir='ltr'><strong>IV</strong></span> <span class='ocrx_word' id='word_1_22' title='bbox 876 272 941 299; x_wconf 70' lang='lat' dir='ltr'><strong>nr.</strong></span> <span class='ocrx_word' id='word_1_23' title='bbox 965 262 992 296; x_wconf 66' lang='lat'><strong>5:</strong></span> <span class='ocrx_word' id='word_1_24' title='bbox 1023 262 1281 299; x_wconf 66' lang='lat' dir='ltr'><strong>asservat-nm</strong></span> <span class='ocrx_word' id='word_1_25' title='bbox 1312 260 1485 299; x_wconf 72' lang='lat' dir='ltr'><strong>eontulit</strong></span> <span class='ocrx_word' id='word_1_26' title='bbox 1519 260 1580 299; x_wconf 76' lang='grc' dir='ltr'><strong>νίν</strong></span> <span class='ocrx_word' id='word_1_27' title='bbox 1613 259 1815 302; x_wconf 70' lang='lat' dir='ltr'><strong>‹·l.Kel1›·.</strong></span> <span class='ocrx_word' id='word_1_28' title='bbox 1880 261 1962 312; x_wconf 59' lang='lat' dir='ltr'><strong>(gui</strong></span> <span class='ocrx_word' id='word_1_29' title='bbox 1993 263 2135 300; x_wconf 73' lang='lat' dir='ltr'><strong>cmm-11</strong></span> <span class='ocrx_word' id='word_1_30' title='bbox 2168 276 2226 306; x_wconf 72' lang='lat' dir='ltr'><strong>m,</strong></span> <span class='ocrx_word' id='word_1_31' title='bbox 2253 276 2357 312; x_wconf 70' lang='lat' dir='ltr'><strong>qma·</strong></span> 
     </span>
     <span class='ocr_line' id='line_1_9' title="bbox 153 325 2358 380; baseline 0.001 -13"><span class='ocrx_word' id='word_1_32' title='bbox 153 329 218 368; x_wconf 77' lang='lat' dir='ltr'><strong>vir</strong></span> <span class='ocrx_word' id='word_1_33' title='bbox 255 327 304 370; x_wconf 82' lang='lat' dir='ltr'><strong>cl.</strong></span> <span class='ocrx_word' id='word_1_34' title='bbox 337 326 529 379; x_wconf 67' lang='lat' dir='ltr'><strong>Philippi</strong></span> <span class='ocrx_word' id='word_1_35' title='bbox 561 327 663 368; x_wconf 73' lang='lat' dir='ltr'><strong>‘Zur</strong></span> <span class='ocrx_word' id='word_1_36' title='bbox 698 326 840 368; x_wconf 75' lang='lat' dir='ltr'><strong>(r&#39;eseh.</strong></span> <span class='ocrx_word' id='word_1_37' title='bbox 873 327 946 367; x_wconf 71' lang='lat' dir='ltr'><strong>dm·</strong></span> <span class='ocrx_word' id='word_1_38' title='bbox 986 325 1305 367; x_wconf 61' lang='lat' dir='ltr'><strong>Reiehslnmslci</strong></span> <span class='ocrx_word' id='word_1_39' title='bbox 1352 331 1471 367; x_wconf 68' lang='lat' dir='ltr'><strong>umor</strong></span> <span class='ocrx_word' id='word_1_40' title='bbox 1512 328 1587 367; x_wconf 69' lang='lat' dir='ltr'><strong>den</strong></span> <span class='ocrx_word' id='word_1_41' title='bbox 1632 328 1777 367; x_wconf 50' lang='grc' dir='ltr'><strong>Μάνη</strong></span> <span class='ocrx_word' id='word_1_42' title='bbox 1812 329 2029 379; x_wconf 62' lang='lat' dir='ltr'><strong>Slccus&#39;crn&#39;</strong></span> <span class='ocrx_word' id='word_1_43' title='bbox 2059 344 2100 380; x_wconf 73' lang='lat' dir='ltr'><strong>p.</strong></span> <span class='ocrx_word' id='word_1_44' title='bbox 2127 332 2178 368; x_wconf 58' lang='lat'><strong>7⁸</strong></span> <span class='ocrx_word' id='word_1_45' title='bbox 2216 333 2358 380; x_wconf 73' lang='lat' dir='ltr'><strong>prolu-</strong></span> 
     </span>
     <span class='ocr_line' id='line_1_10' title="bbox 153 395 2356 449; baseline 0.001 -12"><span class='ocrx_word' id='word_1_46' title='bbox 153 397 278 446; x_wconf 78' lang='lat' dir='ltr'><strong>lerat,</strong></span> <span class='ocrx_word' id='word_1_47' title='bbox 311 395 538 444; x_wconf 77' lang='lat' dir='ltr'><strong>contencle&#39;t,</strong></span> <span class='ocrx_word' id='word_1_48' title='bbox 570 408 659 436; x_wconf 76' lang='lat' dir='ltr'><strong>mm</strong></span> <span class='ocrx_word' id='word_1_49' title='bbox 691 395 910 447; x_wconf 76' lang='lat' dir='ltr'><strong>eademque</strong></span> <span class='ocrx_word' id='word_1_50' title='bbox 948 408 1076 436; x_wconf 75' lang='lat' dir='ltr'><strong>manu</strong></span> <span class='ocrx_word' id='word_1_51' title='bbox 1116 397 1242 435; x_wconf 71' lang='lat' dir='ltr'><strong>iot-um</strong></span> <span class='ocrx_word' id='word_1_52' title='bbox 1276 396 1544 448; x_wconf 60' lang='lat' dir='ltr'><strong>pricileyium</strong></span> <span class='ocrx_word' id='word_1_53' title='bbox 1585 396 1737 447; x_wconf 62' lang='lat' dir='ltr'><strong>absque</strong></span> <span class='ocrx_word' id='word_1_54' title='bbox 1781 397 1932 437; x_wconf 64' lang='lat' dir='ltr'><strong>litteris</strong></span> <span class='ocrx_word' id='word_1_55' title='bbox 1962 398 2163 449; x_wconf 62' lang='lat' dir='ltr'><strong>‘&#39;l‘)²l!l(lll&lt;</strong></span> <span class='ocrx_word' id='word_1_56' title='bbox 2205 413 2356 439; x_wconf 60' lang='lat' dir='ltr'><strong>crura-</strong></span> 
     </span>
     <span class='ocr_line' id='line_1_11' title="bbox 153 463 2358 515; baseline 0.001 -11"><span class='ocrx_word' id='word_1_57' title='bbox 153 467 250 512; x_wconf 70' lang='lat' dir='ltr'><strong>tum,</strong></span> <span class='ocrx_word' id='word_1_58' title='bbox 282 464 438 505; x_wconf 76' lang='lat' dir='ltr'><strong>bullam</strong></span> <span class='ocrx_word' id='word_1_59' title='bbox 468 478 639 505; x_wconf 70' lang='lat' dir='ltr'><strong>[tuream</strong></span> <span class='ocrx_word' id='word_1_60' title='bbox 673 464 757 504; x_wconf 76' lang='lat' dir='ltr'><strong>iam</strong></span> <span class='ocrx_word' id='word_1_61' title='bbox 798 463 1053 515; x_wconf 70' lang='lat' dir='ltr'><strong>deperditam</strong></span> <span class='ocrx_word' id='word_1_62' title='bbox 1084 478 1189 509; x_wconf 68' lang='lat' dir='ltr'><strong>esse,</strong></span> <span class='ocrx_word' id='word_1_63' title='bbox 1227 464 1315 515; x_wconf 74' lang='lat' dir='ltr'><strong>silis</strong></span> <span class='ocrx_word' id='word_1_64' title='bbox 1345 465 1487 504; x_wconf 64' lang='lat' dir='ltr'><strong>seria-is</strong></span> <span class='ocrx_word' id='word_1_65' title='bbox 1528 466 1747 505; x_wconf 47' lang='lat' dir='ltr'><strong>‘nonnullis</strong></span> <span class='ocrx_word' id='word_1_66' title='bbox 1788 466 1922 506; x_wconf 72' lang='lat' dir='ltr'><strong>atlhm·</strong></span> <span class='ocrx_word' id='word_1_67' title='bbox 1969 468 2154 507; x_wconf 61' lang='lat' dir='ltr'><strong>servatis.</strong></span> <span class='ocrx_word' id='word_1_68' title='bbox 2229 468 2358 508; x_wconf 74' lang='lat' dir='ltr'><strong>Aulo-</strong></span> 
     </span>
     <span class='ocr_line' id='line_1_12' title="bbox 149 531 2359 586; baseline 0 -13"><span class='ocrx_word' id='word_1_69' title='bbox 149 532 338 585; x_wconf 61' lang='lat' dir='ltr'><strong>(paphon</strong></span> <span class='ocrx_word' id='word_1_70' title='bbox 379 532 569 573; x_wconf 72' lang='lat' dir='ltr'><strong>adhibuit</strong></span> <span class='ocrx_word' id='word_1_71' title='bbox 600 533 721 573; x_wconf 75' lang='lat' dir='ltr'><strong>ctiam</strong></span> <span class='ocrx_word' id='word_1_72' title='bbox 761 531 937 572; x_wconf 70' lang='lat' dir='ltr'><strong>Theium·</strong></span> <span class='ocrx_word' id='word_1_73' title='bbox 981 533 1024 572; x_wconf 79' lang='lat' dir='ltr'><strong>in</strong></span> <span class='ocrx_word' id='word_1_74' title='bbox 1061 532 1204 573; x_wconf 68' lang='lat' dir='ltr'><strong>Cadit-c</strong></span> <span class='ocrx_word' id='word_1_75' title='bbox 1243 532 1508 583; x_wconf 63' lang='lat' dir='ltr'><strong>diplomatico</strong></span> <span class='ocrx_word' id='word_1_76' title='bbox 1550 534 1726 573; x_wconf 74' lang='lat' dir='ltr'><strong>dmne&#39;m&#39;i</strong></span> <span class='ocrx_word' id='word_1_77' title='bbox 1768 536 2003 586; x_wconf 59' lang='lat' dir='ltr'><strong>tmnlmralis</strong></span> <span class='ocrx_word' id='word_1_78' title='bbox 2043 550 2074 578; x_wconf 72' lang='lat' dir='ltr'><strong>s.</strong></span> <span class='ocrx_word' id='word_1_79' title='bbox 2107 536 2214 576; x_wconf 61' lang='lat' dir='ltr'><strong>salis</strong></span> <span class='ocrx_word' id='word_1_80' title='bbox 2250 538 2281 580; x_wconf 86' lang='lat' dir='ltr'><strong>l.</strong></span> <span class='ocrx_word' id='word_1_81' title='bbox 2306 541 2359 574; x_wconf 62' lang='lat'><strong>11:3⁵</strong></span> 
     </span>
     <span class='ocr_line' id='line_1_13' title="bbox 151 602 2210 658; baseline 0 -13"><span class='ocrx_word' id='word_1_82' title='bbox 151 618 219 647; x_wconf 70' lang='lat' dir='ltr'><strong>nr.</strong></span> <span class='ocrx_word' id='word_1_83' title='bbox 247 606 336 644; x_wconf 84' lang='lat'><strong>101.</strong></span> <span class='ocrx_word' id='word_1_84' title='bbox 373 629 421 634; x_wconf 92' lang='lat'><strong>—-</strong></span> <span class='ocrx_word' id='word_1_85' title='bbox 455 602 923 644; x_wconf 66' lang='lat' dir='ltr'><strong>Mecium-‹l-B›·‹1le0l!es</strong></span> <span class='ocrx_word' id='word_1_86' title='bbox 954 603 988 646; x_wconf 80' lang='lat' dir='ltr'><strong>J.</strong></span> <span class='ocrx_word' id='word_1_87' title='bbox 1013 604 1108 643; x_wconf 59' lang='lat'><strong>⁸515.</strong></span> <span class='ocrx_word' id='word_1_88' title='bbox 1146 603 1208 653; x_wconf 78' lang='lat' dir='ltr'><strong>II.</strong></span> <span class='ocrx_word' id='word_1_89' title='bbox 1239 607 1326 643; x_wconf 70' lang='lat' dir='ltr'><strong>mu,</strong></span> <span class='ocrx_word' id='word_1_90' title='bbox 1392 603 1584 649; x_wconf 47' lang='lat' dir='ltr'><strong>lauhun-r,</strong></span> <span class='ocrx_word' id='word_1_91' title='bbox 1623 605 1717 657; x_wconf 65' lang='lat'><strong>1:120.</strong></span> <span class='ocrx_word' id='word_1_92' title='bbox 1744 607 1837 658; x_wconf 68' lang='lat' dir='ltr'><strong>imp.</strong></span> <span class='ocrx_word' id='word_1_93' title='bbox 1873 606 1911 655; x_wconf 70' lang='lat'><strong>1⁷,</strong></span> <span class='ocrx_word' id='word_1_94' title='bbox 1937 609 2053 647; x_wconf 64' lang='grc'><strong>1173.</strong></span> <span class='ocrx_word' id='word_1_95' title='bbox 2095 609 2210 646; x_wconf 62' lang='lat'><strong>1255.</strong></span> 
     </span>
    </p>

    <p class='ocr_par' dir='ltr' id='par_1_9' title="bbox 1938 675 2152 721">
     <span class='ocr_line' id='line_1_14' title="bbox 1938 675 2152 721; baseline 0.019 -7"><span class='ocrx_word' id='word_1_96' title='bbox 1938 675 2008 721; x_wconf 79' lang='lat' dir='ltr'><strong>(l&#39;.</strong></span> <span class='ocrx_word' id='word_1_97' title='bbox 2033 680 2152 718; x_wconf 55' lang='lat'><strong>235¹.)</strong></span> 
     </span>
    </p>
   </div>
   <div class='ocr_carea' id='block_1_9' title="bbox 150 764 2357 1235">
    <p class='ocr_par' dir='ltr' id='par_1_10' title="bbox 150 764 2354 1165">
     <span class='ocr_line' id='line_1_15' title="bbox 296 764 2354 822; baseline 0 -16"><span class='ocrx_word' id='word_1_98' title='bbox 296 764 555 806; x_wconf 85' lang='lat' dir='ltr'><strong>Fredericus</strong></span> <span class='ocrx_word' id='word_1_99' title='bbox 594 764 740 805; x_wconf 85' lang='lat' dir='ltr'><strong>divina</strong></span> <span class='ocrx_word' id='word_1_100' title='bbox 781 765 954 804; x_wconf 77' lang='lat' dir='ltr'><strong>favento</strong></span> <span class='ocrx_word' id='word_1_101' title='bbox 1002 765 1233 805; x_wconf 80' lang='lat' dir='ltr'><strong>clementia</strong></span> <span class='ocrx_word' id='word_1_102' title='bbox 1268 764 1558 806; x_wconf 74' lang='lat' dir='ltr'><strong>Romanorum</strong></span> <span class='ocrx_word' id='word_1_103' title='bbox 1597 767 1831 821; x_wconf 78' lang='lat' dir='ltr'><strong>imperator</strong></span> <span class='ocrx_word' id='word_1_104' title='bbox 1863 782 2034 822; x_wconf 77' lang='lat' dir='ltr'><strong>semper</strong></span> <span class='ocrx_word' id='word_1_105' title='bbox 2067 772 2276 819; x_wconf 73' lang='lat' dir='ltr'><strong>augustus</strong></span> <span class='ocrx_word' id='word_1_106' title='bbox 2313 774 2354 807; x_wconf 75' lang='lat' dir='ltr'><strong>et</strong></span> 
     </span>
     <span class='ocr_line' id='line_1_16' title="bbox 153 833 2354 891; baseline -0 -15"><span class='ocrx_word' id='word_1_107' title='bbox 153 849 229 876; x_wconf 86' lang='lat' dir='ltr'><strong>rex</strong></span> <span class='ocrx_word' id='word_1_108' title='bbox 262 834 421 875; x_wconf 83' lang='lat' dir='ltr'><strong>Sicilie.</strong></span> <span class='ocrx_word' id='word_1_109' title='bbox 484 833 569 874; x_wconf 88' lang='lat' dir='ltr'><strong>Per</strong></span> <span class='ocrx_word' id='word_1_110' title='bbox 601 846 779 888; x_wconf 79' lang='lat' dir='ltr'>presens</span> <span class='ocrx_word' id='word_1_111' title='bbox 813 833 1019 888; x_wconf 91' lang='lat' dir='ltr'><strong>scriptum</strong></span> <span class='ocrx_word' id='word_1_112' title='bbox 1054 839 1200 874; x_wconf 85' lang='lat' dir='ltr'><strong>notum</strong></span> <span class='ocrx_word' id='word_1_113' title='bbox 1236 834 1417 874; x_wconf 57' lang='lat' dir='ltr'><strong>sanximus</strong></span> <span class='ocrx_word' id='word_1_114' title='bbox 1452 841 1535 874; x_wconf 86' lang='lat' dir='ltr'><strong>tam</strong></span> <span class='ocrx_word' id='word_1_115' title='bbox 1572 836 1848 889; x_wconf 65' lang='lat' dir='ltr'><strong>presentibus</strong></span> <span class='ocrx_word' id='word_1_116' title='bbox 1881 851 2005 891; x_wconf 80' lang='lat' dir='ltr'><strong>qnam</strong></span> <span class='ocrx_word' id='word_1_117' title='bbox 2041 838 2209 876; x_wconf 71' lang='lat' dir='ltr'><strong>futuris.</strong></span> <span class='ocrx_word' id='word_1_118' title='bbox 2244 836 2354 890; x_wconf 67' lang='lat' dir='ltr'><strong>quod</strong></span> 
     </span>
     <span class='ocr_line' id='line_1_17' title="bbox 153 902 2351 959; baseline 0 -15"><span class='ocrx_word' id='word_1_119' title='bbox 153 904 275 945; x_wconf 88' lang='lat' dir='ltr'><strong>nobis</strong></span> <span class='ocrx_word' id='word_1_120' title='bbox 309 902 598 944; x_wconf 77' lang='lat' dir='ltr'><strong>existentibus</strong></span> <span class='ocrx_word' id='word_1_121' title='bbox 632 903 671 942; x_wconf 92' lang='lat' dir='ltr'><strong>in</strong></span> <span class='ocrx_word' id='word_1_122' title='bbox 698 903 903 957; x_wconf 81' lang='lat' dir='ltr'><strong>preterito</strong></span> <span class='ocrx_word' id='word_1_123' title='bbox 927 917 1072 943; x_wconf 79' lang='lat' dir='ltr'><strong>mense</strong></span> <span class='ocrx_word' id='word_1_124' title='bbox 1098 902 1329 943; x_wconf 85' lang='lat' dir='ltr'><strong>Novembr.</strong></span> <span class='ocrx_word' id='word_1_125' title='bbox 1366 918 1473 943; x_wconf 80' lang='lat' dir='ltr'><strong>none</strong></span> <span class='ocrx_word' id='word_1_126' title='bbox 1498 904 1742 945; x_wconf 79' lang='lat' dir='ltr'><strong>indictionis</strong></span> <span class='ocrx_word' id='word_1_127' title='bbox 1768 906 1806 945; x_wconf 88' lang='lat' dir='ltr'><strong>in</strong></span> <span class='ocrx_word' id='word_1_128' title='bbox 1833 906 1983 945; x_wconf 53' lang='lat' dir='ltr'><strong>eastris</strong></span> <span class='ocrx_word' id='word_1_129' title='bbox 2008 904 2120 959; x_wconf 83' lang='lat' dir='ltr'><strong>apud</strong></span> <span class='ocrx_word' id='word_1_130' title='bbox 2146 907 2351 945; x_wconf 67' lang='lat' dir='ltr'><strong>Sanctum</strong></span> 
     </span>
     <span class='ocr_line' id='line_1_18' title="bbox 152 971 2351 1027; baseline -0 -13"><span class='ocrx_word' id='word_1_131' title='bbox 152 973 360 1017; x_wconf 83' lang='lat' dir='ltr'><strong>Leonem.</strong></span> <span class='ocrx_word' id='word_1_132' title='bbox 393 971 446 1012; x_wconf 89' lang='lat' dir='ltr'><strong>ad</strong></span> <span class='ocrx_word' id='word_1_133' title='bbox 479 971 756 1012; x_wconf 82' lang='lat' dir='ltr'><strong>monitionem</strong></span> <span class='ocrx_word' id='word_1_134' title='bbox 790 971 1005 1011; x_wconf 82' lang='lat' dir='ltr'><strong>karissimi</strong></span> <span class='ocrx_word' id='word_1_135' title='bbox 1041 972 1078 1011; x_wconf 88' lang='lat' dir='ltr'><strong>in</strong></span> <span class='ocrx_word' id='word_1_136' title='bbox 1114 971 1284 1012; x_wconf 67' lang='lat' dir='ltr'><strong>(tin-isto</strong></span> <span class='ocrx_word' id='word_1_137' title='bbox 1319 975 1450 1027; x_wconf 79' lang='lat' dir='ltr'><strong>patris</strong></span> <span class='ocrx_word' id='word_1_138' title='bbox 1484 972 1641 1013; x_wconf 77' lang='lat' dir='ltr'><strong>‹loinini</strong></span> <span class='ocrx_word' id='word_1_139' title='bbox 1680 973 1731 1014; x_wconf 86' lang='lat' dir='ltr'><strong>ll.</strong></span> <span class='ocrx_word' id='word_1_140' title='bbox 1767 980 1914 1015; x_wconf 65' lang='lat' dir='ltr'><strong>sancte</strong></span> <span class='ocrx_word' id='word_1_141' title='bbox 1942 975 2133 1014; x_wconf 73' lang='lat' dir='ltr'><strong>Romane</strong></span> <span class='ocrx_word' id='word_1_142' title='bbox 2168 975 2351 1014; x_wconf 63' lang='lat' dir='ltr'><strong>ers-lesi«-</strong></span> 
     </span>
     <span class='ocr_line' id='line_1_19' title="bbox 153 1040 2351 1098; baseline -0.001 -15"><span class='ocrx_word' id='word_1_143' title='bbox 153 1042 305 1083; x_wconf 88' lang='lat' dir='ltr'><strong>summi</strong></span> <span class='ocrx_word' id='word_1_144' title='bbox 344 1041 557 1096; x_wconf 82' lang='lat' dir='ltr'><strong>pontificis</strong></span> <span class='ocrx_word' id='word_1_145' title='bbox 599 1047 641 1081; x_wconf 84' lang='lat' dir='ltr'><strong>et</strong></span> <span class='ocrx_word' id='word_1_146' title='bbox 675 1040 919 1080; x_wconf 82' lang='lat' dir='ltr'><strong>nuntiorum</strong></span> <span class='ocrx_word' id='word_1_147' title='bbox 956 1040 1047 1080; x_wconf 81' lang='lat' dir='ltr'><strong>eius</strong></span> <span class='ocrx_word' id='word_1_148' title='bbox 1080 1040 1169 1080; x_wconf 80' lang='lat' dir='ltr'><strong>ficri</strong></span> <span class='ocrx_word' id='word_1_149' title='bbox 1205 1041 1382 1081; x_wconf 72' lang='lat' dir='ltr'><strong>fecimus</strong></span> <span class='ocrx_word' id='word_1_150' title='bbox 1417 1041 1631 1095; x_wconf 79' lang='lat' dir='ltr'><strong>quoddam</strong></span> <span class='ocrx_word' id='word_1_151' title='bbox 1667 1044 1871 1098; x_wconf 72' lang='lat' dir='ltr'><strong>scriptum</strong></span> <span class='ocrx_word' id='word_1_152' title='bbox 1914 1043 2029 1083; x_wconf 77' lang='lat' dir='ltr'><strong>bulla</strong></span> <span class='ocrx_word' id='word_1_153' title='bbox 2063 1057 2191 1083; x_wconf 76' lang='lat' dir='ltr'><strong>aurea</strong></span> <span class='ocrx_word' id='word_1_154' title='bbox 2231 1044 2351 1083; x_wconf 69' lang='lat' dir='ltr'><strong>rolm-</strong></span> 
     </span>
     <span class='ocr_line' id='line_1_20' title="bbox 150 1109 758 1165; baseline -0.005 -13"><span class='ocrx_word' id='word_1_155' title='bbox 150 1114 305 1162; x_wconf 85' lang='lat' dir='ltr'><strong>ratum,</strong></span> <span class='ocrx_word' id='word_1_156' title='bbox 339 1109 452 1165; x_wconf 93' lang='lat' dir='ltr'><strong>quod</strong></span> <span class='ocrx_word' id='word_1_157' title='bbox 487 1109 758 1150; x_wconf 88' lang='lat' dir='ltr'><strong>continebat:</strong></span> 
     </span>
    </p>

    <p class='ocr_par' dir='ltr' id='par_1_11' title="bbox 294 1178 2357 1235">
     <span class='ocr_line' id='line_1_21' title="bbox 294 1178 2357 1235; baseline -0.001 -14"><span class='ocrx_word' id='word_1_158' title='bbox 294 1179 550 1221; x_wconf 85' lang='lat' dir='ltr'><strong>Fredericus</strong></span> <span class='ocrx_word' id='word_1_159' title='bbox 597 1178 680 1219; x_wconf 92' lang='lat' dir='ltr'><strong>Dei</strong></span> <span class='ocrx_word' id='word_1_160' title='bbox 728 1179 868 1233; x_wconf 86' lang='lat' dir='ltr'><strong>gratia</strong></span> <span class='ocrx_word' id='word_1_161' title='bbox 915 1178 1209 1219; x_wconf 80' lang='lat' dir='ltr'><strong>Romanorum</strong></span> <span class='ocrx_word' id='word_1_162' title='bbox 1258 1193 1334 1220; x_wconf 84' lang='lat' dir='ltr'><strong>rex</strong></span> <span class='ocrx_word' id='word_1_163' title='bbox 1379 1194 1554 1235; x_wconf 77' lang='lat' dir='ltr'><strong>semper</strong></span> <span class='ocrx_word' id='word_1_164' title='bbox 1596 1186 1806 1233; x_wconf 80' lang='lat' dir='ltr'><strong>augustus</strong></span> <span class='ocrx_word' id='word_1_165' title='bbox 1852 1187 1895 1221; x_wconf 79' lang='lat' dir='ltr'><strong>et</strong></span> <span class='ocrx_word' id='word_1_166' title='bbox 1939 1196 2014 1221; x_wconf 80' lang='lat' dir='ltr'><strong>rex</strong></span> <span class='ocrx_word' id='word_1_167' title='bbox 2050 1181 2210 1222; x_wconf 77' lang='lat' dir='ltr'><strong>Sicilie.</strong></span> <span class='ocrx_word' id='word_1_168' title='bbox 2276 1180 2357 1220; x_wconf 83' lang='lat' dir='ltr'><strong>l&#39;er</strong></span> 
     </span>
    </p>
   </div>
   <div class='ocr_carea' id='block_1_10' title="bbox 101 1247 2354 1306">
    <p class='ocr_par' dir='ltr' id='par_1_12' title="bbox 101 1247 2354 1306">
     <span class='ocr_line' id='line_1_22' title="bbox 101 1247 2354 1306; baseline -0 -15"><span class='ocrx_word' id='word_1_169' title='bbox 101 1262 114 1284; x_wconf 55' lang='grc' dir='ltr'><strong>ἤ</strong></span> <span class='ocrx_word' id='word_1_170' title='bbox 151 1263 332 1306; x_wconf 82' lang='lat' dir='ltr'><strong>presens</strong></span> <span class='ocrx_word' id='word_1_171' title='bbox 365 1249 572 1304; x_wconf 88' lang='lat' dir='ltr'><strong>scriptum</strong></span> <span class='ocrx_word' id='word_1_172' title='bbox 604 1254 751 1288; x_wconf 90' lang='lat' dir='ltr'><strong>notum</strong></span> <span class='ocrx_word' id='word_1_173' title='bbox 785 1247 968 1288; x_wconf 83' lang='lat' dir='ltr'><strong>facimus</strong></span> <span class='ocrx_word' id='word_1_174' title='bbox 1001 1247 1215 1288; x_wconf 86' lang='lat' dir='ltr'><strong>universis</strong></span> <span class='ocrx_word' id='word_1_175' title='bbox 1249 1253 1336 1289; x_wconf 83' lang='lat' dir='ltr'><strong>tam</strong></span> <span class='ocrx_word' id='word_1_176' title='bbox 1370 1249 1646 1301; x_wconf 82' lang='lat' dir='ltr'><strong>presentibus</strong></span> <span class='ocrx_word' id='word_1_177' title='bbox 1670 1264 1796 1304; x_wconf 89' lang='lat' dir='ltr'><strong>quam</strong></span> <span class='ocrx_word' id='word_1_178' title='bbox 1832 1250 1999 1293; x_wconf 78' lang='lat' dir='ltr'><strong>futuris.</strong></span> <span class='ocrx_word' id='word_1_179' title='bbox 2034 1250 2147 1305; x_wconf 83' lang='lat' dir='ltr'><strong>quod</strong></span> <span class='ocrx_word' id='word_1_180' title='bbox 2182 1264 2276 1290; x_wconf 79' lang='lat' dir='ltr'><strong>eum</strong></span> <span class='ocrx_word' id='word_1_181' title='bbox 2303 1250 2354 1290; x_wconf 77' lang='lat' dir='ltr'><strong>:ul</strong></span> 
     </span>
    </p>
   </div>
   <div class='ocr_carea' id='block_1_11' title="bbox 144 1316 2358 3518">
    <p class='ocr_par' dir='ltr' id='par_1_13' title="bbox 144 1316 2358 3518">
     <span class='ocr_line' id='line_1_23' title="bbox 150 1316 2355 1374; baseline -0 -15"><span class='ocrx_word' id='word_1_182' title='bbox 150 1318 487 1374; x_wconf 86' lang='lat' dir='ltr'><strong>resignationem</strong></span> <span class='ocrx_word' id='word_1_183' title='bbox 521 1317 751 1358; x_wconf 80' lang='lat' dir='ltr'><strong>comitatus</strong></span> <span class='ocrx_word' id='word_1_184' title='bbox 786 1321 899 1358; x_wconf 88' lang='lat' dir='ltr'><strong>terre</strong></span> <span class='ocrx_word' id='word_1_185' title='bbox 935 1320 977 1358; x_wconf 90' lang='lat' dir='ltr'><strong>et</strong></span> <span class='ocrx_word' id='word_1_186' title='bbox 1008 1316 1182 1371; x_wconf 88' lang='lat' dir='ltr'><strong>poderis</strong></span> <span class='ocrx_word' id='word_1_187' title='bbox 1207 1317 1424 1371; x_wconf 88' lang='lat' dir='ltr'><strong>quondam</strong></span> <span class='ocrx_word' id='word_1_188' title='bbox 1459 1319 1677 1360; x_wconf 79' lang='lat' dir='ltr'><strong>comitisse</strong></span> <span class='ocrx_word' id='word_1_189' title='bbox 1705 1318 1911 1360; x_wconf 80' lang='lat' dir='ltr'><strong>Mattildis</strong></span> <span class='ocrx_word' id='word_1_190' title='bbox 1935 1320 2179 1361; x_wconf 80' lang='lat' dir='ltr'><strong>faciendam</strong></span> <span class='ocrx_word' id='word_1_191' title='bbox 2207 1326 2355 1360; x_wconf 77' lang='lat' dir='ltr'><strong>sancte</strong></span> 
     </span>
     <span class='ocr_line' id='line_1_24' title="bbox 149 1385 2355 1443; baseline 0 -14"><span class='ocrx_word' id='word_1_192' title='bbox 149 1387 342 1429; x_wconf 87' lang='lat' dir='ltr'><strong>Romane</strong></span> <span class='ocrx_word' id='word_1_193' title='bbox 367 1387 552 1428; x_wconf 83' lang='lat' dir='ltr'><strong>ecclesie</strong></span> <span class='ocrx_word' id='word_1_194' title='bbox 577 1385 815 1427; x_wconf 84' lang='lat' dir='ltr'><strong>venerabili</strong></span> <span class='ocrx_word' id='word_1_195' title='bbox 849 1386 974 1426; x_wconf 90' lang='lat' dir='ltr'><strong>matri</strong></span> <span class='ocrx_word' id='word_1_196' title='bbox 1008 1391 1169 1437; x_wconf 85' lang='lat' dir='ltr'><strong>nostre,</strong></span> <span class='ocrx_word' id='word_1_197' title='bbox 1203 1386 1255 1427; x_wconf 85' lang='lat' dir='ltr'><strong>ad</strong></span> <span class='ocrx_word' id='word_1_198' title='bbox 1281 1401 1408 1442; x_wconf 84' lang='lat' dir='ltr'><strong>quam</strong></span> <span class='ocrx_word' id='word_1_199' title='bbox 1442 1388 1628 1442; x_wconf 79' lang='lat' dir='ltr'><strong>pertinet</strong></span> <span class='ocrx_word' id='word_1_200' title='bbox 1662 1388 1787 1443; x_wconf 82' lang='lat' dir='ltr'><strong>pleno</strong></span> <span class='ocrx_word' id='word_1_201' title='bbox 1824 1389 1930 1440; x_wconf 89' lang='lat' dir='ltr'><strong>iure,</strong></span> <span class='ocrx_word' id='word_1_202' title='bbox 1968 1390 2181 1429; x_wconf 77' lang='lat' dir='ltr'><strong>serenitas</strong></span> <span class='ocrx_word' id='word_1_203' title='bbox 2214 1396 2355 1429; x_wconf 72' lang='lat' dir='ltr'><strong>nostra</strong></span> 
     </span>
     <span class='ocr_line' id='line_1_25' title="bbox 149 1455 2358 1513; baseline 0 -15"><span class='ocrx_word' id='word_1_204' title='bbox 149 1461 298 1498; x_wconf 87' lang='lat' dir='ltr'><strong>contra</strong></span> <span class='ocrx_word' id='word_1_205' title='bbox 336 1455 556 1512; x_wconf 89' lang='lat' dir='ltr'><strong>quoslibet</strong></span> <span class='ocrx_word' id='word_1_206' title='bbox 593 1455 847 1497; x_wconf 84' lang='lat' dir='ltr'><strong>detentores</strong></span> <span class='ocrx_word' id='word_1_207' title='bbox 888 1455 1077 1509; x_wconf 86' lang='lat' dir='ltr'><strong>speciale</strong></span> <span class='ocrx_word' id='word_1_208' title='bbox 1116 1455 1367 1496; x_wconf 88' lang='lat' dir='ltr'><strong>mandatum</strong></span> <span class='ocrx_word' id='word_1_209' title='bbox 1406 1456 1574 1497; x_wconf 82' lang='lat' dir='ltr'><strong>dederit</strong></span> <span class='ocrx_word' id='word_1_210' title='bbox 1615 1472 1663 1497; x_wconf 87' lang='lat' dir='ltr'><strong>ae</strong></span> <span class='ocrx_word' id='word_1_211' title='bbox 1712 1458 1838 1498; x_wconf 82' lang='lat' dir='ltr'><strong>ctiam</strong></span> <span class='ocrx_word' id='word_1_212' title='bbox 1880 1459 2108 1511; x_wconf 78' lang='lat' dir='ltr'><strong>generale.</strong></span> <span class='ocrx_word' id='word_1_213' title='bbox 2151 1463 2236 1498; x_wconf 84' lang='lat' dir='ltr'><strong>tam</strong></span> <span class='ocrx_word' id='word_1_214' title='bbox 2283 1473 2358 1513; x_wconf 73' lang='lat' dir='ltr'><strong>per</strong></span> 
     </span>
     <span class='ocr_line' id='line_1_26' title="bbox 150 1523 2352 1583; baseline 0 -16"><span class='ocrx_word' id='word_1_215' title='bbox 150 1527 316 1567; x_wconf 84' lang='lat' dir='ltr'><strong>litteras</strong></span> <span class='ocrx_word' id='word_1_216' title='bbox 349 1539 474 1581; x_wconf 88' lang='lat' dir='ltr'><strong>quam</strong></span> <span class='ocrx_word' id='word_1_217' title='bbox 508 1538 583 1581; x_wconf 90' lang='lat' dir='ltr'><strong>per</strong></span> <span class='ocrx_word' id='word_1_218' title='bbox 616 1524 819 1565; x_wconf 84' lang='lat' dir='ltr'><strong>dilectum</strong></span> <span class='ocrx_word' id='word_1_219' title='bbox 854 1523 1024 1565; x_wconf 85' lang='lat' dir='ltr'><strong>fidelem</strong></span> <span class='ocrx_word' id='word_1_220' title='bbox 1059 1523 1105 1567; x_wconf 79' lang='lat' dir='ltr'><strong>G.</strong></span> <span class='ocrx_word' id='word_1_221' title='bbox 1142 1526 1433 1566; x_wconf 86' lang='lat' dir='ltr'><strong>venerabilem</strong></span> <span class='ocrx_word' id='word_1_222' title='bbox 1463 1524 1704 1568; x_wconf 84' lang='lat' dir='ltr'><strong>Metensem</strong></span> <span class='ocrx_word' id='word_1_223' title='bbox 1740 1534 1781 1568; x_wconf 87' lang='lat' dir='ltr'><strong>et</strong></span> <span class='ocrx_word' id='word_1_224' title='bbox 1815 1528 2066 1582; x_wconf 79' lang='lat' dir='ltr'><strong>Spirensem</strong></span> <span class='ocrx_word' id='word_1_225' title='bbox 2101 1529 2352 1583; x_wconf 82' lang='lat' dir='ltr'><strong>episcopum</strong></span> 
     </span>
     <span class='ocr_line' id='line_1_27' title="bbox 150 1593 2352 1650; baseline 0 -14"><span class='ocrx_word' id='word_1_226' title='bbox 150 1595 453 1637; x_wconf 87' lang='lat' dir='ltr'><strong>cancellarium</strong></span> <span class='ocrx_word' id='word_1_227' title='bbox 486 1598 678 1635; x_wconf 89' lang='lat' dir='ltr'><strong>nostrum</strong></span> <span class='ocrx_word' id='word_1_228' title='bbox 713 1593 792 1635; x_wconf 89' lang='lat' dir='ltr'><strong>sub</strong></span> <span class='ocrx_word' id='word_1_229' title='bbox 825 1607 938 1648; x_wconf 85' lang='lat' dir='ltr'><strong>pena</strong></span> <span class='ocrx_word' id='word_1_230' title='bbox 970 1593 1086 1634; x_wconf 90' lang='lat' dir='ltr'><strong>mille</strong></span> <span class='ocrx_word' id='word_1_231' title='bbox 1115 1594 1386 1635; x_wconf 86' lang='lat' dir='ltr'><strong>marcharum</strong></span> <span class='ocrx_word' id='word_1_232' title='bbox 1411 1596 1593 1650; x_wconf 77' lang='lat' dir='ltr'><strong>argenti,</strong></span> <span class='ocrx_word' id='word_1_233' title='bbox 1627 1600 1670 1637; x_wconf 88' lang='lat' dir='ltr'><strong>et</strong></span> <span class='ocrx_word' id='word_1_234' title='bbox 1693 1595 1832 1636; x_wconf 85' lang='lat' dir='ltr'><strong>dictus</strong></span> <span class='ocrx_word' id='word_1_235' title='bbox 1858 1598 2141 1637; x_wconf 84' lang='lat' dir='ltr'><strong>cancellarius</strong></span> <span class='ocrx_word' id='word_1_236' title='bbox 2167 1604 2352 1638; x_wconf 72' lang='lat' dir='ltr'><strong>castrum</strong></span> 
     </span>
     <span class='ocr_line' id='line_1_28' title="bbox 148 1657 2357 1721; baseline 0 -15"><span class='ocrx_word' id='word_1_237' title='bbox 148 1664 352 1720; x_wconf 74' lang='lat' dir='ltr'><strong>Gonzage</strong></span> <span class='ocrx_word' id='word_1_238' title='bbox 402 1677 497 1705; x_wconf 88' lang='lat' dir='ltr'><strong>curn</strong></span> <span class='ocrx_word' id='word_1_239' title='bbox 543 1657 815 1718; x_wconf 85' lang='lat' dir='ltr'><strong>pertinentiis</strong></span> <span class='ocrx_word' id='word_1_240' title='bbox 861 1662 971 1715; x_wconf 88' lang='lat' dir='ltr'><strong>suis,</strong></span> <span class='ocrx_word' id='word_1_241' title='bbox 1015 1662 1128 1717; x_wconf 90' lang='lat' dir='ltr'><strong>quod</strong></span> <span class='ocrx_word' id='word_1_242' title='bbox 1177 1668 1243 1704; x_wconf 91' lang='lat' dir='ltr'><strong>est</strong></span> <span class='ocrx_word' id='word_1_243' title='bbox 1291 1662 1344 1704; x_wconf 89' lang='lat' dir='ltr'><strong>de</strong></span> <span class='ocrx_word' id='word_1_244' title='bbox 1387 1665 1592 1705; x_wconf 85' lang='lat' dir='ltr'><strong>comitatu</strong></span> <span class='ocrx_word' id='word_1_245' title='bbox 1625 1665 1842 1706; x_wconf 77' lang='lat' dir='ltr'><strong>comitisse</strong></span> <span class='ocrx_word' id='word_1_246' title='bbox 1887 1666 2095 1721; x_wconf 74' lang='lat' dir='ltr'><strong>predicte,</strong></span> <span class='ocrx_word' id='word_1_247' title='bbox 2144 1667 2357 1707; x_wconf 83' lang='lat' dir='ltr'><strong>invenerit</strong></span> 
     </span>
     <span class='ocr_line' id='line_1_29' title="bbox 146 1731 2358 1791; baseline 0 -15"><span class='ocrx_word' id='word_1_248' title='bbox 146 1738 405 1790; x_wconf 89' lang='lat' dir='ltr'><strong>occupatum</strong></span> <span class='ocrx_word' id='word_1_249' title='bbox 439 1747 464 1773; x_wconf 85' lang='lat' dir='ltr'><strong>a</strong></span> <span class='ocrx_word' id='word_1_250' title='bbox 495 1732 593 1774; x_wconf 89' lang='lat' dir='ltr'><strong>filiis</strong></span> <span class='ocrx_word' id='word_1_251' title='bbox 628 1731 831 1773; x_wconf 85' lang='lat' dir='ltr'><strong>comitum</strong></span> <span class='ocrx_word' id='word_1_252' title='bbox 866 1731 1036 1772; x_wconf 86' lang='lat' dir='ltr'><strong>Alberti</strong></span> <span class='ocrx_word' id='word_1_253' title='bbox 1069 1731 1120 1772; x_wconf 90' lang='lat' dir='ltr'><strong>de</strong></span> <span class='ocrx_word' id='word_1_254' title='bbox 1158 1731 1379 1773; x_wconf 74' lang='lat' dir='ltr'><strong>Casalod.²¹</strong></span> <span class='ocrx_word' id='word_1_255' title='bbox 1414 1738 1457 1774; x_wconf 89' lang='lat' dir='ltr'><strong>et</strong></span> <span class='ocrx_word' id='word_1_256' title='bbox 1490 1733 1677 1776; x_wconf 84' lang='lat' dir='ltr'><strong>Neresii.</strong></span> <span class='ocrx_word' id='word_1_257' title='bbox 1720 1735 1875 1788; x_wconf 91' lang='lat' dir='ltr'><strong>quibus</strong></span> <span class='ocrx_word' id='word_1_258' title='bbox 1910 1735 1987 1776; x_wconf 88' lang='lat' dir='ltr'><strong>sub</strong></span> <span class='ocrx_word' id='word_1_259' title='bbox 2021 1750 2133 1791; x_wconf 86' lang='lat' dir='ltr'><strong>pena</strong></span> <span class='ocrx_word' id='word_1_260' title='bbox 2165 1736 2358 1790; x_wconf 74' lang='lat' dir='ltr'><strong>predicta</strong></span> 
     </span>
     <span class='ocr_line' id='line_1_30' title="bbox 145 1800 2354 1859; baseline 0 -14"><span class='ocrx_word' id='word_1_261' title='bbox 145 1803 408 1845; x_wconf 81' lang='lat' dir='ltr'><strong>iniuncxerit</strong></span> <span class='ocrx_word' id='word_1_262' title='bbox 450 1800 771 1856; x_wconf 86' lang='lat' dir='ltr'><strong>resignandum,</strong></span> <span class='ocrx_word' id='word_1_263' title='bbox 816 1805 858 1841; x_wconf 90' lang='lat' dir='ltr'><strong>et</strong></span> <span class='ocrx_word' id='word_1_264' title='bbox 899 1800 1040 1842; x_wconf 90' lang='lat' dir='ltr'><strong>eidem</strong></span> <span class='ocrx_word' id='word_1_265' title='bbox 1083 1815 1214 1856; x_wconf 91' lang='lat' dir='ltr'><strong>super</strong></span> <span class='ocrx_word' id='word_1_266' title='bbox 1253 1801 1331 1842; x_wconf 92' lang='lat' dir='ltr'><strong>hoc</strong></span> <span class='ocrx_word' id='word_1_267' title='bbox 1374 1816 1527 1857; x_wconf 85' lang='lat' dir='ltr'><strong>parere</strong></span> <span class='ocrx_word' id='word_1_268' title='bbox 1563 1804 1906 1859; x_wconf 87' lang='lat' dir='ltr'><strong>contempserint</strong></span> <span class='ocrx_word' id='word_1_269' title='bbox 1938 1805 1990 1845; x_wconf 86' lang='lat' dir='ltr'><strong>ad</strong></span> <span class='ocrx_word' id='word_1_270' title='bbox 2025 1819 2107 1845; x_wconf 88' lang='lat' dir='ltr'><strong>non</strong></span> <span class='ocrx_word' id='word_1_271' title='bbox 2144 1805 2354 1845; x_wconf 85' lang='lat' dir='ltr'><strong>modicam</strong></span> 
     </span>
     <span class='ocr_line' id='line_1_31' title="bbox 146 1870 2356 1929; baseline 0 -15"><span class='ocrx_word' id='word_1_272' title='bbox 146 1873 342 1914; x_wconf 84' lang='lat' dir='ltr'><strong>iniuriam</strong></span> <span class='ocrx_word' id='word_1_273' title='bbox 387 1871 505 1926; x_wconf 89' lang='lat' dir='ltr'><strong>regie</strong></span> <span class='ocrx_word' id='word_1_274' title='bbox 546 1870 804 1921; x_wconf 49' lang='lat' dir='ltr'><strong>maiestatis</strong></span> <span class='ocrx_word' id='word_1_275' title='bbox 845 1875 1020 1925; x_wconf 89' lang='lat' dir='ltr'><strong>propter</strong></span> <span class='ocrx_word' id='word_1_276' title='bbox 1058 1870 1172 1925; x_wconf 90' lang='lat' dir='ltr'><strong>quod</strong></span> <span class='ocrx_word' id='word_1_277' title='bbox 1213 1871 1303 1912; x_wconf 85' lang='lat' dir='ltr'><strong>sine</strong></span> <span class='ocrx_word' id='word_1_278' title='bbox 1344 1872 1430 1912; x_wconf 88' lang='lat' dir='ltr'><strong>alia</strong></span> <span class='ocrx_word' id='word_1_279' title='bbox 1471 1873 1682 1913; x_wconf 87' lang='lat' dir='ltr'><strong>citacione</strong></span> <span class='ocrx_word' id='word_1_280' title='bbox 1725 1874 1764 1914; x_wconf 90' lang='lat' dir='ltr'><strong>in</strong></span> <span class='ocrx_word' id='word_1_281' title='bbox 1800 1878 1961 1914; x_wconf 90' lang='lat' dir='ltr'><strong>metum</strong></span> <span class='ocrx_word' id='word_1_282' title='bbox 1996 1873 2175 1914; x_wconf 89' lang='lat' dir='ltr'><strong>aliorum</strong></span> <span class='ocrx_word' id='word_1_283' title='bbox 2209 1882 2356 1929; x_wconf 85' lang='lat' dir='ltr'><strong>preter</strong></span> 
     </span>
     <span class='ocr_line' id='line_1_32' title="bbox 148 1938 2354 1998; baseline 0 -15"><span class='ocrx_word' id='word_1_284' title='bbox 148 1956 305 1998; x_wconf 89' lang='lat' dir='ltr'><strong>penam</strong></span> <span class='ocrx_word' id='word_1_285' title='bbox 339 1940 579 1997; x_wconf 85' lang='lat' dir='ltr'><strong>predictam</strong></span> <span class='ocrx_word' id='word_1_286' title='bbox 612 1938 1044 1980; x_wconf 87' lang='lat' dir='ltr'><strong>animadvertendum</strong></span> <span class='ocrx_word' id='word_1_287' title='bbox 1080 1944 1174 1980; x_wconf 85' lang='lat' dir='ltr'><strong>erat</strong></span> <span class='ocrx_word' id='word_1_288' title='bbox 1206 1940 1248 1980; x_wconf 89' lang='lat' dir='ltr'><strong>in</strong></span> <span class='ocrx_word' id='word_1_289' title='bbox 1283 1954 1378 1982; x_wconf 91' lang='lat' dir='ltr'><strong>eos:</strong></span> <span class='ocrx_word' id='word_1_290' title='bbox 1413 1945 1560 1982; x_wconf 87' lang='lat' dir='ltr'><strong>tamen</strong></span> <span class='ocrx_word' id='word_1_291' title='bbox 1595 1946 1640 1982; x_wconf 89' lang='lat' dir='ltr'><strong>ut</strong></span> <span class='ocrx_word' id='word_1_292' title='bbox 1673 1943 1934 1983; x_wconf 79' lang='lat' dir='ltr'><strong>excellentia</strong></span> <span class='ocrx_word' id='word_1_293' title='bbox 1958 1947 2105 1984; x_wconf 85' lang='lat' dir='ltr'><strong>nostra</strong></span> <span class='ocrx_word' id='word_1_294' title='bbox 2129 1944 2276 1998; x_wconf 77' lang='lat' dir='ltr'><strong>pocius</strong></span> <span class='ocrx_word' id='word_1_295' title='bbox 2301 1943 2354 1984; x_wconf 88' lang='lat' dir='ltr'><strong>ad</strong></span> 
     </span>
     <span class='ocr_line' id='line_1_33' title="bbox 149 2008 2351 2067; baseline 0 -14"><span class='ocrx_word' id='word_1_296' title='bbox 149 2011 320 2053; x_wconf 87' lang='lat' dir='ltr'><strong>veniam</strong></span> <span class='ocrx_word' id='word_1_297' title='bbox 354 2024 481 2066; x_wconf 89' lang='lat' dir='ltr'><strong>quam</strong></span> <span class='ocrx_word' id='word_1_298' title='bbox 513 2009 567 2050; x_wconf 90' lang='lat' dir='ltr'><strong>ad</strong></span> <span class='ocrx_word' id='word_1_299' title='bbox 601 2008 834 2050; x_wconf 85' lang='lat' dir='ltr'><strong>vindictam</strong></span> <span class='ocrx_word' id='word_1_300' title='bbox 867 2009 1041 2064; x_wconf 89' lang='lat' dir='ltr'><strong>pronior</strong></span> <span class='ocrx_word' id='word_1_301' title='bbox 1074 2008 1306 2059; x_wconf 86' lang='lat' dir='ltr'><strong>videretur,</strong></span> <span class='ocrx_word' id='word_1_302' title='bbox 1340 2010 1630 2051; x_wconf 80' lang='lat' dir='ltr'><strong>laboravimus</strong></span> <span class='ocrx_word' id='word_1_303' title='bbox 1665 2026 1742 2066; x_wconf 91' lang='lat' dir='ltr'><strong>per</strong></span> <span class='ocrx_word' id='word_1_304' title='bbox 1774 2013 1964 2067; x_wconf 88' lang='lat' dir='ltr'><strong>ipsorum</strong></span> <span class='ocrx_word' id='word_1_305' title='bbox 1998 2013 2160 2053; x_wconf 85' lang='lat' dir='ltr'><strong>amicos</strong></span> <span class='ocrx_word' id='word_1_306' title='bbox 2185 2018 2227 2053; x_wconf 88' lang='lat' dir='ltr'><strong>et</strong></span> <span class='ocrx_word' id='word_1_307' title='bbox 2252 2027 2351 2053; x_wconf 79' lang='lat' dir='ltr'><strong>con-</strong></span> 
     </span>
     <span class='ocr_line' id='line_1_34' title="bbox 150 2079 2352 2137; baseline 0 -15"><span class='ocrx_word' id='word_1_308' title='bbox 150 2081 423 2136; x_wconf 87' lang='lat' dir='ltr'><strong>sanguineos,</strong></span> <span class='ocrx_word' id='word_1_309' title='bbox 454 2093 550 2121; x_wconf 91' lang='lat' dir='ltr'><strong>cum</strong></span> <span class='ocrx_word' id='word_1_310' title='bbox 575 2079 692 2120; x_wconf 90' lang='lat' dir='ltr'><strong>citati</strong></span> <span class='ocrx_word' id='word_1_311' title='bbox 724 2092 807 2119; x_wconf 92' lang='lat' dir='ltr'><strong>non</strong></span> <span class='ocrx_word' id='word_1_312' title='bbox 841 2079 1162 2134; x_wconf 85' lang='lat' dir='ltr'><strong>comparuerint</strong></span> <span class='ocrx_word' id='word_1_313' title='bbox 1195 2092 1336 2120; x_wconf 88' lang='lat' dir='ltr'><strong>coram</strong></span> <span class='ocrx_word' id='word_1_314' title='bbox 1369 2080 1507 2131; x_wconf 90' lang='lat' dir='ltr'><strong>nobis,</strong></span> <span class='ocrx_word' id='word_1_315' title='bbox 1541 2085 1588 2121; x_wconf 92' lang='lat' dir='ltr'><strong>ut</strong></span> <span class='ocrx_word' id='word_1_316' title='bbox 1611 2081 1703 2122; x_wconf 91' lang='lat' dir='ltr'><strong>sine</strong></span> <span class='ocrx_word' id='word_1_317' title='bbox 1728 2086 1845 2122; x_wconf 89' lang='lat' dir='ltr'><strong>metu</strong></span> <span class='ocrx_word' id='word_1_318' title='bbox 1870 2096 1981 2137; x_wconf 88' lang='lat' dir='ltr'><strong>pene</strong></span> <span class='ocrx_word' id='word_1_319' title='bbox 2009 2082 2132 2123; x_wconf 87' lang='lat' dir='ltr'><strong>nobis</strong></span> <span class='ocrx_word' id='word_1_320' title='bbox 2157 2083 2352 2137; x_wconf 78' lang='lat' dir='ltr'><strong>resigna-</strong></span> 
     </span>
     <span class='ocr_line' id='line_1_35' title="bbox 147 2147 2355 2206; baseline -0.001 -14"><span class='ocrx_word' id='word_1_321' title='bbox 147 2155 244 2192; x_wconf 87' lang='lat' dir='ltr'><strong>rent</strong></span> <span class='ocrx_word' id='word_1_322' title='bbox 284 2154 472 2191; x_wconf 86' lang='lat' dir='ltr'><strong>castrum</strong></span> <span class='ocrx_word' id='word_1_323' title='bbox 509 2149 666 2204; x_wconf 90' lang='lat' dir='ltr'><strong>ipsum,</strong></span> <span class='ocrx_word' id='word_1_324' title='bbox 708 2151 751 2188; x_wconf 86' lang='lat' dir='ltr'><strong>et</strong></span> <span class='ocrx_word' id='word_1_325' title='bbox 794 2147 1042 2188; x_wconf 81' lang='lat' dir='ltr'><strong>mandatum</strong></span> <span class='ocrx_word' id='word_1_326' title='bbox 1083 2152 1278 2188; x_wconf 82' lang='lat' dir='ltr'><strong>nostrum</strong></span> <span class='ocrx_word' id='word_1_327' title='bbox 1319 2150 1659 2204; x_wconf 89' lang='lat' dir='ltr'><strong>contempserint</strong></span> <span class='ocrx_word' id='word_1_328' title='bbox 1698 2150 1740 2190; x_wconf 89' lang='lat' dir='ltr'><strong>in</strong></span> <span class='ocrx_word' id='word_1_329' title='bbox 1779 2150 1859 2191; x_wconf 84' lang='lat' dir='ltr'><strong>hac</strong></span> <span class='ocrx_word' id='word_1_330' title='bbox 1899 2156 2040 2206; x_wconf 85' lang='lat' dir='ltr'><strong>parte:</strong></span> <span class='ocrx_word' id='word_1_331' title='bbox 2088 2151 2140 2192; x_wconf 90' lang='lat' dir='ltr'><strong>de</strong></span> <span class='ocrx_word' id='word_1_332' title='bbox 2176 2152 2355 2192; x_wconf 77' lang='lat' dir='ltr'><strong>consilio</strong></span> 
     </span>
     <span class='ocr_line' id='line_1_36' title="bbox 147 2217 2354 2274; baseline 0 -14"><span class='ocrx_word' id='word_1_333' title='bbox 147 2218 459 2261; x_wconf 85' lang='lat' dir='ltr'><strong>venerabilium</strong></span> <span class='ocrx_word' id='word_1_334' title='bbox 482 2217 723 2273; x_wconf 88' lang='lat' dir='ltr'><strong>principum</strong></span> <span class='ocrx_word' id='word_1_335' title='bbox 748 2221 1006 2267; x_wconf 87' lang='lat' dir='ltr'><strong>nostrorum,</strong></span> <span class='ocrx_word' id='word_1_336' title='bbox 1031 2217 1277 2273; x_wconf 85' lang='lat' dir='ltr'><strong>patriarche</strong></span> <span class='ocrx_word' id='word_1_337' title='bbox 1297 2217 1620 2273; x_wconf 83' lang='lat' dir='ltr'><strong>Aquilegensis,</strong></span> <span class='ocrx_word' id='word_1_338' title='bbox 1646 2220 1947 2274; x_wconf 88' lang='lat' dir='ltr'><strong>episcoporum</strong></span> <span class='ocrx_word' id='word_1_339' title='bbox 1966 2220 2354 2265; x_wconf 64' lang='lat' dir='ltr'><strong>Tridentinensisb,</strong></span> 
     </span>
     <span class='ocr_line' id='line_1_37' title="bbox 148 2286 2354 2344; baseline 0 -15"><span class='ocrx_word' id='word_1_340' title='bbox 148 2287 447 2335; x_wconf 79' lang='lat' dir='ltr'><strong>Brissinensis,</strong></span> <span class='ocrx_word' id='word_1_341' title='bbox 469 2286 808 2337; x_wconf 90' lang='lat' dir='ltr'><strong>Vicentinensis,</strong></span> <span class='ocrx_word' id='word_1_342' title='bbox 838 2286 1172 2333; x_wconf 71' lang='lat' dir='ltr'><strong>paduanensisc,</strong></span> <span class='ocrx_word' id='word_1_343' title='bbox 1196 2286 1451 2331; x_wconf 87' lang='lat' dir='ltr'><strong>Feltrensis.</strong></span> <span class='ocrx_word' id='word_1_344' title='bbox 1478 2286 1823 2332; x_wconf 78' lang='lat' dir='ltr'><strong>Mantuanensis.</strong></span> <span class='ocrx_word' id='word_1_345' title='bbox 1846 2288 2165 2339; x_wconf 79' lang='lat' dir='ltr'><strong>Cremonensis,</strong></span> <span class='ocrx_word' id='word_1_346' title='bbox 2191 2290 2354 2344; x_wconf 76' lang='lat' dir='ltr'><strong>Berga-</strong></span> 
     </span>
     <span class='ocr_line' id='line_1_38' title="bbox 147 2355 2356 2409; baseline -0 -11"><span class='ocrx_word' id='word_1_347' title='bbox 147 2356 349 2407; x_wconf 72' lang='lat' dir='ltr'><strong>mensisd,</strong></span> <span class='ocrx_word' id='word_1_348' title='bbox 387 2355 644 2406; x_wconf 85' lang='lat' dir='ltr'><strong>Laudensis,</strong></span> <span class='ocrx_word' id='word_1_349' title='bbox 683 2355 949 2406; x_wconf 80' lang='lat' dir='ltr'><strong>Parmensis,</strong></span> <span class='ocrx_word' id='word_1_350' title='bbox 989 2355 1190 2397; x_wconf 87' lang='lat' dir='ltr'><strong>Astensis</strong></span> <span class='ocrx_word' id='word_1_351' title='bbox 1233 2361 1275 2397; x_wconf 90' lang='lat' dir='ltr'><strong>et</strong></span> <span class='ocrx_word' id='word_1_352' title='bbox 1314 2355 1622 2409; x_wconf 88' lang='lat' dir='ltr'><strong>Taurinensis,</strong></span> <span class='ocrx_word' id='word_1_353' title='bbox 1662 2358 1807 2398; x_wconf 89' lang='lat' dir='ltr'><strong>taliter</strong></span> <span class='ocrx_word' id='word_1_354' title='bbox 1845 2363 1993 2399; x_wconf 91' lang='lat' dir='ltr'><strong>contra</strong></span> <span class='ocrx_word' id='word_1_355' title='bbox 2035 2373 2110 2400; x_wconf 86' lang='lat' dir='ltr'><strong>eos</strong></span> <span class='ocrx_word' id='word_1_356' title='bbox 2155 2358 2356 2400; x_wconf 76' lang='lat' dir='ltr'><strong>duximus</strong></span> 
     </span>
     <span class='ocr_line' id='line_1_39' title="bbox 146 2425 2355 2484; baseline 0 -17"><span class='ocrx_word' id='word_1_357' title='bbox 146 2425 492 2483; x_wconf 90' lang='lat' dir='ltr'><strong>procedendum,</strong></span> <span class='ocrx_word' id='word_1_358' title='bbox 534 2425 841 2467; x_wconf 88' lang='lat' dir='ltr'><strong>confirmantes</strong></span> <span class='ocrx_word' id='word_1_359' title='bbox 881 2426 1018 2481; x_wconf 90' lang='lat' dir='ltr'><strong>primo</strong></span> <span class='ocrx_word' id='word_1_360' title='bbox 1059 2425 1173 2480; x_wconf 91' lang='lat' dir='ltr'><strong>quod</strong></span> <span class='ocrx_word' id='word_1_361' title='bbox 1217 2426 1375 2466; x_wconf 88' lang='lat' dir='ltr'><strong>factum</strong></span> <span class='ocrx_word' id='word_1_362' title='bbox 1409 2430 1477 2467; x_wconf 87' lang='lat' dir='ltr'><strong>est</strong></span> <span class='ocrx_word' id='word_1_363' title='bbox 1509 2430 1659 2467; x_wconf 87' lang='lat' dir='ltr'><strong>contra</strong></span> <span class='ocrx_word' id='word_1_364' title='bbox 1692 2441 1767 2468; x_wconf 88' lang='lat' dir='ltr'><strong>eos</strong></span> <span class='ocrx_word' id='word_1_365' title='bbox 1801 2427 1852 2468; x_wconf 92' lang='lat' dir='ltr'><strong>de</strong></span> <span class='ocrx_word' id='word_1_366' title='bbox 1893 2427 2036 2469; x_wconf 91' lang='lat' dir='ltr'><strong>banno</strong></span> <span class='ocrx_word' id='word_1_367' title='bbox 2070 2433 2113 2469; x_wconf 88' lang='lat' dir='ltr'><strong>et</strong></span> <span class='ocrx_word' id='word_1_368' title='bbox 2145 2443 2256 2484; x_wconf 87' lang='lat' dir='ltr'><strong>pena</strong></span> <span class='ocrx_word' id='word_1_369' title='bbox 2289 2429 2355 2469; x_wconf 92' lang='lat' dir='ltr'><strong>in-</strong></span> 
     </span>
     <span class='ocr_line' id='line_1_40' title="bbox 144 2495 2353 2553; baseline 0.001 -16"><span class='ocrx_word' id='word_1_370' title='bbox 144 2495 291 2537; x_wconf 89' lang='lat' dir='ltr'><strong>iuncta</strong></span> <span class='ocrx_word' id='word_1_371' title='bbox 322 2510 400 2552; x_wconf 91' lang='lat' dir='ltr'><strong>per</strong></span> <span class='ocrx_word' id='word_1_372' title='bbox 431 2495 740 2537; x_wconf 87' lang='lat' dir='ltr'><strong>cancellarium</strong></span> <span class='ocrx_word' id='word_1_373' title='bbox 772 2499 1078 2546; x_wconf 90' lang='lat' dir='ltr'><strong>memoratum,</strong></span> <span class='ocrx_word' id='word_1_374' title='bbox 1121 2499 1165 2536; x_wconf 90' lang='lat' dir='ltr'><strong>et</strong></span> <span class='ocrx_word' id='word_1_375' title='bbox 1205 2508 1259 2535; x_wconf 85' lang='lat' dir='ltr'><strong>ex</strong></span> <span class='ocrx_word' id='word_1_376' title='bbox 1292 2509 1406 2536; x_wconf 89' lang='lat' dir='ltr'><strong>nunc</strong></span> <span class='ocrx_word' id='word_1_377' title='bbox 1448 2509 1655 2550; x_wconf 87' lang='lat' dir='ltr'><strong>personas</strong></span> <span class='ocrx_word' id='word_1_378' title='bbox 1688 2497 1879 2551; x_wconf 89' lang='lat' dir='ltr'><strong>ipsorum</strong></span> <span class='ocrx_word' id='word_1_379' title='bbox 1911 2497 2108 2551; x_wconf 88' lang='lat' dir='ltr'><strong>ponimus</strong></span> <span class='ocrx_word' id='word_1_380' title='bbox 2143 2498 2221 2538; x_wconf 88' lang='lat' dir='ltr'><strong>sub</strong></span> <span class='ocrx_word' id='word_1_381' title='bbox 2257 2512 2353 2553; x_wconf 90' lang='lat' dir='ltr'><strong>per—</strong></span> 
     </span>
     <span class='ocr_line' id='line_1_41' title="bbox 145 2564 2350 2621; baseline 0 -15"><span class='ocrx_word' id='word_1_382' title='bbox 145 2568 275 2621; x_wconf 90' lang='lat' dir='ltr'><strong>petuo</strong></span> <span class='ocrx_word' id='word_1_383' title='bbox 317 2565 456 2606; x_wconf 87' lang='lat' dir='ltr'><strong>banno</strong></span> <span class='ocrx_word' id='word_1_384' title='bbox 495 2565 666 2621; x_wconf 90' lang='lat' dir='ltr'><strong>imperii</strong></span> <span class='ocrx_word' id='word_1_385' title='bbox 705 2569 748 2606; x_wconf 89' lang='lat' dir='ltr'><strong>et</strong></span> <span class='ocrx_word' id='word_1_386' title='bbox 780 2565 925 2605; x_wconf 90' lang='lat' dir='ltr'><strong>omnia</strong></span> <span class='ocrx_word' id='word_1_387' title='bbox 958 2565 1069 2606; x_wconf 90' lang='lat' dir='ltr'><strong>bona</strong></span> <span class='ocrx_word' id='word_1_388' title='bbox 1101 2578 1252 2606; x_wconf 90' lang='lat' dir='ltr'><strong>eorum</strong></span> <span class='ocrx_word' id='word_1_389' title='bbox 1284 2565 1482 2606; x_wconf 91' lang='lat' dir='ltr'><strong>iubemus</strong></span> <span class='ocrx_word' id='word_1_390' title='bbox 1516 2564 1774 2620; x_wconf 87' lang='lat' dir='ltr'><strong>ubicumque</strong></span> <span class='ocrx_word' id='word_1_391' title='bbox 1807 2566 1967 2607; x_wconf 86' lang='lat' dir='ltr'><strong>fuerint</strong></span> <span class='ocrx_word' id='word_1_392' title='bbox 2001 2567 2225 2607; x_wconf 81' lang='lat' dir='ltr'><strong>confiscari</strong></span> <span class='ocrx_word' id='word_1_393' title='bbox 2259 2567 2350 2607; x_wconf 85' lang='lat' dir='ltr'><strong>sinc</strong></span> 
     </span>
     <span class='ocr_line' id='line_1_42' title="bbox 146 2632 2350 2690; baseline 0 -15"><span class='ocrx_word' id='word_1_394' title='bbox 146 2634 292 2690; x_wconf 88' lang='lat' dir='ltr'><strong>aliqua</strong></span> <span class='ocrx_word' id='word_1_395' title='bbox 323 2649 400 2690; x_wconf 89' lang='lat' dir='ltr'><strong>spe</strong></span> <span class='ocrx_word' id='word_1_396' title='bbox 432 2634 702 2676; x_wconf 90' lang='lat' dir='ltr'><strong>remissionis</strong></span> <span class='ocrx_word' id='word_1_397' title='bbox 736 2647 813 2675; x_wconf 90' lang='lat' dir='ltr'><strong>seu</strong></span> <span class='ocrx_word' id='word_1_398' title='bbox 845 2634 1150 2685; x_wconf 80' lang='lat' dir='ltr'><strong>revocationis,</strong></span> <span class='ocrx_word' id='word_1_399' title='bbox 1185 2634 1219 2674; x_wconf 89' lang='lat' dir='ltr'><strong>si</strong></span> <span class='ocrx_word' id='word_1_400' title='bbox 1242 2647 1381 2688; x_wconf 91' lang='lat' dir='ltr'><strong>usque</strong></span> <span class='ocrx_word' id='word_1_401' title='bbox 1405 2632 1459 2674; x_wconf 87' lang='lat' dir='ltr'><strong>ad</strong></span> <span class='ocrx_word' id='word_1_402' title='bbox 1483 2633 1595 2675; x_wconf 89' lang='lat' dir='ltr'><strong>diem</strong></span> <span class='ocrx_word' id='word_1_403' title='bbox 1619 2633 1879 2675; x_wconf 87' lang='lat' dir='ltr'><strong>dominicum</strong></span> <span class='ocrx_word' id='word_1_404' title='bbox 1905 2635 2098 2689; x_wconf 80' lang='lat' dir='ltr'><strong>proximo</strong></span> <span class='ocrx_word' id='word_1_405' title='bbox 2122 2640 2350 2676; x_wconf 76' lang='lat' dir='ltr'><strong>venturum</strong></span> 
     </span>
     <span class='ocr_line' id='line_1_43' title="bbox 146 2703 2352 2759; baseline -0 -15"><span class='ocrx_word' id='word_1_406' title='bbox 146 2703 306 2745; x_wconf 88' lang='lat' dir='ltr'><strong>dictum</strong></span> <span class='ocrx_word' id='word_1_407' title='bbox 341 2707 530 2745; x_wconf 90' lang='lat' dir='ltr'><strong>castrum</strong></span> <span class='ocrx_word' id='word_1_408' title='bbox 565 2717 662 2745; x_wconf 90' lang='lat' dir='ltr'><strong>cum</strong></span> <span class='ocrx_word' id='word_1_409' title='bbox 694 2703 896 2745; x_wconf 90' lang='lat' dir='ltr'><strong>omnibus</strong></span> <span class='ocrx_word' id='word_1_410' title='bbox 929 2703 1205 2759; x_wconf 87' lang='lat' dir='ltr'><strong>pertinentiis</strong></span> <span class='ocrx_word' id='word_1_411' title='bbox 1238 2703 1426 2745; x_wconf 87' lang='lat' dir='ltr'><strong>detentis</strong></span> <span class='ocrx_word' id='word_1_412' title='bbox 1461 2703 1513 2744; x_wconf 87' lang='lat' dir='ltr'><strong>ab</strong></span> <span class='ocrx_word' id='word_1_413' title='bbox 1548 2704 1611 2744; x_wconf 90' lang='lat' dir='ltr'><strong>eis</strong></span> <span class='ocrx_word' id='word_1_414' title='bbox 1635 2717 1720 2744; x_wconf 90' lang='lat' dir='ltr'><strong>non</strong></span> <span class='ocrx_word' id='word_1_415' title='bbox 1744 2704 2066 2758; x_wconf 85' lang='lat' dir='ltr'><strong>resignaverint</strong></span> <span class='ocrx_word' id='word_1_416' title='bbox 2090 2705 2131 2744; x_wconf 89' lang='lat' dir='ltr'><strong>in</strong></span> <span class='ocrx_word' id='word_1_417' title='bbox 2155 2704 2352 2744; x_wconf 80' lang='lat' dir='ltr'><strong>manibus</strong></span> 
     </span>
     <span class='ocr_line' id='line_1_44' title="bbox 146 2771 2353 2828; baseline -0 -14"><span class='ocrx_word' id='word_1_418' title='bbox 146 2771 330 2814; x_wconf 85' lang='lat' dir='ltr'><strong>Alatrini</strong></span> <span class='ocrx_word' id='word_1_419' title='bbox 374 2777 417 2814; x_wconf 90' lang='lat' dir='ltr'><strong>et</strong></span> <span class='ocrx_word' id='word_1_420' title='bbox 446 2772 662 2828; x_wconf 87' lang='lat' dir='ltr'><strong>Raynaldi</strong></span> <span class='ocrx_word' id='word_1_421' title='bbox 695 2772 1046 2828; x_wconf 87' lang='lat' dir='ltr'><strong>cappellanorum</strong></span> <span class='ocrx_word' id='word_1_422' title='bbox 1089 2771 1247 2813; x_wconf 90' lang='lat' dir='ltr'><strong>domini</strong></span> <span class='ocrx_word' id='word_1_423' title='bbox 1288 2786 1415 2828; x_wconf 88' lang='lat' dir='ltr'><strong>pape,</strong></span> <span class='ocrx_word' id='word_1_424' title='bbox 1452 2772 1519 2812; x_wconf 88' lang='lat' dir='ltr'><strong>vel</strong></span> <span class='ocrx_word' id='word_1_425' title='bbox 1559 2785 1709 2813; x_wconf 89' lang='lat' dir='ltr'><strong>eorum</strong></span> <span class='ocrx_word' id='word_1_426' title='bbox 1748 2772 1946 2822; x_wconf 78' lang='lat' dir='ltr'><strong>alterius,</strong></span> <span class='ocrx_word' id='word_1_427' title='bbox 1988 2773 2053 2813; x_wconf 90' lang='lat' dir='ltr'><strong>vel</strong></span> <span class='ocrx_word' id='word_1_428' title='bbox 2096 2774 2136 2813; x_wconf 90' lang='lat' dir='ltr'><strong>in</strong></span> <span class='ocrx_word' id='word_1_429' title='bbox 2170 2777 2353 2824; x_wconf 89' lang='lat' dir='ltr'><strong>nostras,</strong></span> 
     </span>
     <span class='ocr_line' id='line_1_45' title="bbox 147 2840 2353 2896; baseline -0.001 -13"><span class='ocrx_word' id='word_1_430' title='bbox 147 2845 296 2883; x_wconf 87' lang='lat' dir='ltr'><strong>sancte</strong></span> <span class='ocrx_word' id='word_1_431' title='bbox 342 2841 538 2883; x_wconf 86' lang='lat' dir='ltr'><strong>Romane</strong></span> <span class='ocrx_word' id='word_1_432' title='bbox 587 2842 776 2884; x_wconf 87' lang='lat' dir='ltr'><strong>ecclesie</strong></span> <span class='ocrx_word' id='word_1_433' title='bbox 818 2841 1140 2896; x_wconf 87' lang='lat' dir='ltr'><strong>resignandum.</strong></span> <span class='ocrx_word' id='word_1_434' title='bbox 1212 2840 1337 2889; x_wconf 87' lang='lat' dir='ltr'><strong>Quod</strong></span> <span class='ocrx_word' id='word_1_435' title='bbox 1377 2841 1412 2881; x_wconf 92' lang='lat' dir='ltr'><strong>si</strong></span> <span class='ocrx_word' id='word_1_436' title='bbox 1451 2855 1534 2882; x_wconf 90' lang='lat' dir='ltr'><strong>non</strong></span> <span class='ocrx_word' id='word_1_437' title='bbox 1578 2841 1784 2891; x_wconf 87' lang='lat' dir='ltr'><strong>fecerint,</strong></span> <span class='ocrx_word' id='word_1_438' title='bbox 1834 2842 2091 2896; x_wconf 88' lang='lat' dir='ltr'><strong>quicumque</strong></span> <span class='ocrx_word' id='word_1_439' title='bbox 2135 2841 2186 2882; x_wconf 90' lang='lat' dir='ltr'><strong>de</strong></span> <span class='ocrx_word' id='word_1_440' title='bbox 2232 2841 2353 2881; x_wconf 88' lang='lat' dir='ltr'><strong>bonis</strong></span> 
     </span>
     <span class='ocr_line' id='line_1_46' title="bbox 146 2909 2351 2966; baseline -0.001 -14"><span class='ocrx_word' id='word_1_441' title='bbox 146 2909 338 2966; x_wconf 86' lang='lat' dir='ltr'><strong>ipsorum</strong></span> <span class='ocrx_word' id='word_1_442' title='bbox 384 2910 610 2952; x_wconf 88' lang='lat' dir='ltr'><strong>detineant</strong></span> <span class='ocrx_word' id='word_1_443' title='bbox 651 2911 717 2951; x_wconf 91' lang='lat' dir='ltr'><strong>vel</strong></span> <span class='ocrx_word' id='word_1_444' title='bbox 763 2915 925 2952; x_wconf 83' lang='lat' dir='ltr'><strong>extunc</strong></span> <span class='ocrx_word' id='word_1_445' title='bbox 967 2911 1276 2966; x_wconf 86' lang='lat' dir='ltr'><strong>occupaverint</strong></span> <span class='ocrx_word' id='word_1_446' title='bbox 1325 2911 1416 2952; x_wconf 90' lang='lat' dir='ltr'><strong>sive</strong></span> <span class='ocrx_word' id='word_1_447' title='bbox 1459 2924 1729 2965; x_wconf 90' lang='lat' dir='ltr'><strong>quocumque</strong></span> <span class='ocrx_word' id='word_1_448' title='bbox 1767 2910 1851 2950; x_wconf 85' lang='lat' dir='ltr'><strong>alio</strong></span> <span class='ocrx_word' id='word_1_449' title='bbox 1894 2910 2020 2951; x_wconf 87' lang='lat' dir='ltr'><strong>modo</strong></span> <span class='ocrx_word' id='word_1_450' title='bbox 2061 2911 2351 2965; x_wconf 83' lang='lat' dir='ltr'><strong>acquisierint.</strong></span> 
     </span>
     <span class='ocr_line' id='line_1_47' title="bbox 147 2979 2349 3035; baseline -0 -15"><span class='ocrx_word' id='word_1_451' title='bbox 147 2980 285 3021; x_wconf 89' lang='lat' dir='ltr'><strong>libere</strong></span> <span class='ocrx_word' id='word_1_452' title='bbox 331 2979 586 3035; x_wconf 87' lang='lat' dir='ltr'><strong>possideant</strong></span> <span class='ocrx_word' id='word_1_453' title='bbox 628 2984 671 3021; x_wconf 90' lang='lat' dir='ltr'><strong>et</strong></span> <span class='ocrx_word' id='word_1_454' title='bbox 712 2981 966 3021; x_wconf 87' lang='lat' dir='ltr'><strong>auctoritate</strong></span> <span class='ocrx_word' id='word_1_455' title='bbox 1007 2984 1156 3021; x_wconf 89' lang='lat' dir='ltr'><strong>nostra</strong></span> <span class='ocrx_word' id='word_1_456' title='bbox 1197 2979 1436 3021; x_wconf 88' lang='lat' dir='ltr'><strong>detineant.</strong></span> <span class='ocrx_word' id='word_1_457' title='bbox 1508 2979 1565 3020; x_wconf 87' lang='lat' dir='ltr'><strong>Et</strong></span> <span class='ocrx_word' id='word_1_458' title='bbox 1598 2993 1728 3034; x_wconf 90' lang='lat' dir='ltr'><strong>super</strong></span> <span class='ocrx_word' id='word_1_459' title='bbox 1760 2979 1841 3020; x_wconf 93' lang='lat' dir='ltr'><strong>hoc</strong></span> <span class='ocrx_word' id='word_1_460' title='bbox 1876 2980 2137 3034; x_wconf 69' lang='lat' dir='ltr'><strong>precipimus</strong></span> <span class='ocrx_word' id='word_1_461' title='bbox 2171 2979 2349 3020; x_wconf 83' lang='lat' dir='ltr'><strong>Cremo-</strong></span> 
     </span>
     <span class='ocr_line' id='line_1_48' title="bbox 146 3048 2352 3104; baseline -0.001 -14"><span class='ocrx_word' id='word_1_462' title='bbox 146 3049 376 3098; x_wconf 82' lang='lat' dir='ltr'><strong>nensibuS,</strong></span> <span class='ocrx_word' id='word_1_463' title='bbox 421 3048 753 3100; x_wconf 85' lang='lat' dir='ltr'><strong>Parmensibus,</strong></span> <span class='ocrx_word' id='word_1_464' title='bbox 801 3048 1168 3104; x_wconf 68' lang='lat' dir='ltr'><strong>Reginensibuse,</strong></span> <span class='ocrx_word' id='word_1_465' title='bbox 1217 3048 1551 3089; x_wconf 86' lang='lat' dir='ltr'><strong>Mutinensibus.</strong></span> <span class='ocrx_word' id='word_1_466' title='bbox 1601 3048 1951 3089; x_wconf 89' lang='lat' dir='ltr'><strong>Bononiensibus</strong></span> <span class='ocrx_word' id='word_1_467' title='bbox 2000 3053 2042 3089; x_wconf 91' lang='lat' dir='ltr'><strong>ct</strong></span> <span class='ocrx_word' id='word_1_468' title='bbox 2088 3049 2352 3103; x_wconf 80' lang='lat' dir='ltr'><strong>generaliter</strong></span> 
     </span>
     <span class='ocr_line' id='line_1_49' title="bbox 146 3116 2350 3169; baseline -0.001 -10"><span class='ocrx_word' id='word_1_469' title='bbox 146 3117 344 3159; x_wconf 90' lang='lat' dir='ltr'><strong>omnibus</strong></span> <span class='ocrx_word' id='word_1_470' title='bbox 385 3118 478 3159; x_wconf 88' lang='lat' dir='ltr'><strong>aliis</strong></span> <span class='ocrx_word' id='word_1_471' title='bbox 517 3117 718 3160; x_wconf 91' lang='lat' dir='ltr'><strong>fidelibus</strong></span> <span class='ocrx_word' id='word_1_472' title='bbox 757 3119 933 3169; x_wconf 88' lang='lat' dir='ltr'><strong>nostris,</strong></span> <span class='ocrx_word' id='word_1_473' title='bbox 975 3123 1022 3159; x_wconf 92' lang='lat' dir='ltr'><strong>ut</strong></span> <span class='ocrx_word' id='word_1_474' title='bbox 1054 3118 1303 3159; x_wconf 87' lang='lat' dir='ltr'><strong>memoratis</strong></span> <span class='ocrx_word' id='word_1_475' title='bbox 1336 3118 1553 3159; x_wconf 91' lang='lat' dir='ltr'><strong>nobilibus</strong></span> <span class='ocrx_word' id='word_1_476' title='bbox 1587 3121 1630 3158; x_wconf 88' lang='lat' dir='ltr'><strong>et</strong></span> <span class='ocrx_word' id='word_1_477' title='bbox 1661 3117 1757 3158; x_wconf 89' lang='lat' dir='ltr'><strong>aliis</strong></span> <span class='ocrx_word' id='word_1_478' title='bbox 1790 3116 2074 3166; x_wconf 86' lang='lat' dir='ltr'><strong>adiutoribus,</strong></span> <span class='ocrx_word' id='word_1_479' title='bbox 2108 3117 2350 3158; x_wconf 79' lang='lat' dir='ltr'><strong>fautoribus</strong></span> 
     </span>
     <span class='ocr_line' id='line_1_50' title="bbox 147 3185 2349 3241; baseline -0.001 -13"><span class='ocrx_word' id='word_1_480' title='bbox 147 3192 190 3228; x_wconf 89' lang='lat' dir='ltr'><strong>et</strong></span> <span class='ocrx_word' id='word_1_481' title='bbox 230 3186 529 3229; x_wconf 87' lang='lat' dir='ltr'><strong>detentoribus</strong></span> <span class='ocrx_word' id='word_1_482' title='bbox 574 3187 800 3228; x_wconf 89' lang='lat' dir='ltr'><strong>memorati</strong></span> <span class='ocrx_word' id='word_1_483' title='bbox 842 3187 974 3228; x_wconf 86' lang='lat' dir='ltr'><strong>castri</strong></span> <span class='ocrx_word' id='word_1_484' title='bbox 1015 3187 1177 3227; x_wconf 85' lang='lat' dir='ltr'><strong>faciant</strong></span> <span class='ocrx_word' id='word_1_485' title='bbox 1209 3187 1352 3227; x_wconf 84' lang='lat' dir='ltr'><strong>vivam</strong></span> <span class='ocrx_word' id='word_1_486' title='bbox 1391 3200 1606 3241; x_wconf 86' lang='lat' dir='ltr'><strong>guerram,</strong></span> <span class='ocrx_word' id='word_1_487' title='bbox 1651 3186 1829 3226; x_wconf 86' lang='lat' dir='ltr'><strong>firmiter</strong></span> <span class='ocrx_word' id='word_1_488' title='bbox 1870 3185 2116 3226; x_wconf 87' lang='lat' dir='ltr'><strong>inhibentes</strong></span> <span class='ocrx_word' id='word_1_489' title='bbox 2149 3185 2349 3226; x_wconf 85' lang='lat' dir='ltr'><strong>Mantua-</strong></span> 
     </span>
     <span class='ocr_line' id='line_1_51' title="bbox 146 3253 2349 3308; baseline -0.002 -11"><span class='ocrx_word' id='word_1_490' title='bbox 146 3255 384 3308; x_wconf 74' lang='lat' dir='ltr'><strong>nensibusf,</strong></span> <span class='ocrx_word' id='word_1_491' title='bbox 409 3255 753 3306; x_wconf 87' lang='lat' dir='ltr'><strong>Veronensibus,</strong></span> <span class='ocrx_word' id='word_1_492' title='bbox 786 3255 1157 3307; x_wconf 85' lang='lat' dir='ltr'><strong>Ferrariensibus,</strong></span> <span class='ocrx_word' id='word_1_493' title='bbox 1192 3254 1510 3296; x_wconf 90' lang='lat' dir='ltr'><strong>Brissiensibus</strong></span> <span class='ocrx_word' id='word_1_494' title='bbox 1545 3260 1587 3295; x_wconf 92' lang='lat' dir='ltr'><strong>et</strong></span> <span class='ocrx_word' id='word_1_495' title='bbox 1619 3255 1819 3295; x_wconf 90' lang='lat' dir='ltr'><strong>omnibus</strong></span> <span class='ocrx_word' id='word_1_496' title='bbox 1843 3254 1939 3295; x_wconf 90' lang='lat' dir='ltr'><strong>aliis</strong></span> <span class='ocrx_word' id='word_1_497' title='bbox 1963 3253 2164 3295; x_wconf 87' lang='lat' dir='ltr'><strong>fidelibus</strong></span> <span class='ocrx_word' id='word_1_498' title='bbox 2189 3254 2349 3294; x_wconf 85' lang='lat' dir='ltr'><strong>nostris</strong></span> 
     </span>
     <span class='ocr_line' id='line_1_52' title="bbox 148 3323 2351 3380; baseline -0.001 -15"><span class='ocrx_word' id='word_1_499' title='bbox 148 3324 226 3365; x_wconf 87' lang='lat' dir='ltr'><strong>sub</strong></span> <span class='ocrx_word' id='word_1_500' title='bbox 270 3324 452 3366; x_wconf 88' lang='lat' dir='ltr'><strong>obtentu</strong></span> <span class='ocrx_word' id='word_1_501' title='bbox 494 3324 714 3366; x_wconf 89' lang='lat' dir='ltr'><strong>fidelitatis</strong></span> <span class='ocrx_word' id='word_1_502' title='bbox 757 3329 800 3366; x_wconf 90' lang='lat' dir='ltr'><strong>et</strong></span> <span class='ocrx_word' id='word_1_503' title='bbox 838 3325 977 3380; x_wconf 86' lang='lat' dir='ltr'><strong>gratie</strong></span> <span class='ocrx_word' id='word_1_504' title='bbox 1018 3329 1186 3376; x_wconf 83' lang='lat' dir='ltr'><strong>nostre,</strong></span> <span class='ocrx_word' id='word_1_505' title='bbox 1230 3324 1527 3365; x_wconf 85' lang='lat' dir='ltr'><strong>communitati</strong></span> <span class='ocrx_word' id='word_1_506' title='bbox 1570 3323 1862 3379; x_wconf 86' lang='lat' dir='ltr'><strong>predictarum</strong></span> <span class='ocrx_word' id='word_1_507' title='bbox 1903 3323 2079 3364; x_wconf 91' lang='lat' dir='ltr'><strong>cuilibet</strong></span> <span class='ocrx_word' id='word_1_508' title='bbox 2118 3323 2196 3363; x_wconf 91' lang='lat' dir='ltr'><strong>sub</strong></span> <span class='ocrx_word' id='word_1_509' title='bbox 2238 3336 2351 3377; x_wconf 80' lang='lat' dir='ltr'><strong>pena</strong></span> 
     </span>
     <span class='ocr_line' id='line_1_53' title="bbox 147 3391 2347 3447; baseline -0.001 -14"><span class='ocrx_word' id='word_1_510' title='bbox 147 3393 263 3435; x_wconf 89' lang='lat' dir='ltr'><strong>mille</strong></span> <span class='ocrx_word' id='word_1_511' title='bbox 294 3394 582 3445; x_wconf 88' lang='lat' dir='ltr'><strong>marcharum,</strong></span> <span class='ocrx_word' id='word_1_512' title='bbox 615 3394 950 3445; x_wconf 87' lang='lat' dir='ltr'><strong>marchionibus,</strong></span> <span class='ocrx_word' id='word_1_513' title='bbox 975 3394 1218 3443; x_wconf 87' lang='lat' dir='ltr'><strong>comitibus,</strong></span> <span class='ocrx_word' id='word_1_514' title='bbox 1253 3393 1489 3434; x_wconf 89' lang='lat' dir='ltr'><strong>baronibus</strong></span> <span class='ocrx_word' id='word_1_515' title='bbox 1514 3392 1592 3433; x_wconf 88' lang='lat' dir='ltr'><strong>sub</strong></span> <span class='ocrx_word' id='word_1_516' title='bbox 1617 3406 1730 3447; x_wconf 91' lang='lat' dir='ltr'><strong>pena</strong></span> <span class='ocrx_word' id='word_1_517' title='bbox 1752 3391 2038 3433; x_wconf 86' lang='lat' dir='ltr'><strong>ducentarum</strong></span> <span class='ocrx_word' id='word_1_518' title='bbox 2062 3391 2347 3436; x_wconf 80' lang='lat' dir='ltr'><strong>marcharum,</strong></span> 
     </span>
     <span class='ocr_line' id='line_1_54' title="bbox 147 3461 2348 3518; baseline -0.001 -16"><span class='ocrx_word' id='word_1_519' title='bbox 147 3462 354 3504; x_wconf 89' lang='lat' dir='ltr'><strong>militibus</strong></span> <span class='ocrx_word' id='word_1_520' title='bbox 377 3468 550 3505; x_wconf 89' lang='lat' dir='ltr'><strong>centum</strong></span> <span class='ocrx_word' id='word_1_521' title='bbox 569 3467 612 3505; x_wconf 88' lang='lat' dir='ltr'><strong>et</strong></span> <span class='ocrx_word' id='word_1_522' title='bbox 631 3464 725 3504; x_wconf 90' lang='lat' dir='ltr'><strong>aliis</strong></span> <span class='ocrx_word' id='word_1_523' title='bbox 749 3464 1024 3505; x_wconf 86' lang='lat' dir='ltr'><strong>inferioribus</strong></span> <span class='ocrx_word' id='word_1_524' title='bbox 1043 3463 1365 3518; x_wconf 85' lang='lat' dir='ltr'><strong>quinquaginta,</strong></span> <span class='ocrx_word' id='word_1_525' title='bbox 1385 3461 1498 3516; x_wconf 86' lang='lat' dir='ltr'><strong>quod</strong></span> <span class='ocrx_word' id='word_1_526' title='bbox 1523 3461 1585 3502; x_wconf 88' lang='lat' dir='ltr'><strong>eis</strong></span> <span class='ocrx_word' id='word_1_527' title='bbox 1608 3461 1772 3502; x_wconf 92' lang='lat' dir='ltr'><strong>nullum</strong></span> <span class='ocrx_word' id='word_1_528' title='bbox 1792 3466 1987 3516; x_wconf 90' lang='lat' dir='ltr'><strong>prestent</strong></span> <span class='ocrx_word' id='word_1_529' title='bbox 2005 3461 2229 3507; x_wconf 79' lang='lat' dir='ltr'><strong>auxilium,</strong></span> <span class='ocrx_word' id='word_1_530' title='bbox 2249 3474 2348 3500; x_wconf 89' lang='lat' dir='ltr'><strong>con-</strong></span> 
     </span>
    </p>
   </div>
   <div class='ocr_carea' id='block_1_12' title="bbox 148 3585 2347 3689">
    <p class='ocr_par' dir='ltr' id='par_1_14' title="bbox 148 3585 2347 3689">
     <span class='ocr_line' id='line_1_55' title="bbox 283 3585 2347 3633; baseline -0.002 -11"><span class='ocrx_word' id='word_1_531' title='bbox 283 3587 346 3623; x_wconf 86' lang='grc'><strong>80.</strong></span> <span class='ocrx_word' id='word_1_532' title='bbox 372 3587 433 3623; x_wconf 83' lang='grc'><strong>81.</strong></span> <span class='ocrx_word' id='word_1_533' title='bbox 467 3590 499 3631; x_wconf 82' lang='lat' dir='ltr'><strong>a)</strong></span> <span class='ocrx_word' id='word_1_534' title='bbox 533 3589 680 3623; x_wconf 80' lang='lat' dir='ltr'><strong>Casalod</strong></span> <span class='ocrx_word' id='word_1_535' title='bbox 713 3602 763 3624; x_wconf 86' lang='lat' dir='ltr'><strong>or.</strong></span> <span class='ocrx_word' id='word_1_536' title='bbox 904 3589 937 3633; x_wconf 88' lang='lat' dir='ltr'><strong>b)</strong></span> <span class='ocrx_word' id='word_1_537' title='bbox 972 3590 1159 3623; x_wconf 85' lang='lat' dir='ltr'><strong>Tridentin.</strong></span> <span class='ocrx_word' id='word_1_538' title='bbox 1194 3600 1242 3621; x_wconf 83' lang='lat' dir='ltr'><strong>or.</strong></span> <span class='ocrx_word' id='word_1_539' title='bbox 1393 3586 1424 3629; x_wconf 81' lang='lat' dir='ltr'><strong>e)</strong></span> <span class='ocrx_word' id='word_1_540' title='bbox 1455 3588 1624 3621; x_wconf 87' lang='lat' dir='ltr'><strong>Vicentin.</strong></span> <span class='ocrx_word' id='word_1_541' title='bbox 1657 3587 1812 3620; x_wconf 82' lang='lat' dir='ltr'><strong>l&#39;aduau.</strong></span> <span class='ocrx_word' id='word_1_542' title='bbox 1846 3600 1894 3619; x_wconf 79' lang='lat' dir='ltr'><strong>or.</strong></span> <span class='ocrx_word' id='word_1_543' title='bbox 2037 3585 2068 3627; x_wconf 75' lang='lat' dir='ltr'><strong>d)</strong></span> <span class='ocrx_word' id='word_1_544' title='bbox 2108 3589 2263 3628; x_wconf 72' lang='lat' dir='ltr'><strong>Ber-gam.</strong></span> <span class='ocrx_word' id='word_1_545' title='bbox 2300 3598 2347 3617; x_wconf 75' lang='lat' dir='ltr'><strong>or.</strong></span> 
     </span>
     <span class='ocr_line' id='line_1_56' title="bbox 148 3643 828 3689; baseline 0.004 -11"><span class='ocrx_word' id='word_1_546' title='bbox 148 3643 180 3687; x_wconf 81' lang='lat' dir='ltr'><strong>e)</strong></span> <span class='ocrx_word' id='word_1_547' title='bbox 203 3646 323 3689; x_wconf 87' lang='lat' dir='ltr'><strong>Regin.</strong></span> <span class='ocrx_word' id='word_1_548' title='bbox 349 3658 399 3679; x_wconf 88' lang='lat' dir='ltr'><strong>or.</strong></span> <span class='ocrx_word' id='word_1_549' title='bbox 517 3645 547 3689; x_wconf 83' lang='lat' dir='ltr'><strong>f)</strong></span> <span class='ocrx_word' id='word_1_550' title='bbox 573 3649 751 3681; x_wconf 83' lang='lat' dir='ltr'><strong>Mantuan.</strong></span> <span class='ocrx_word' id='word_1_551' title='bbox 779 3660 828 3681; x_wconf 83' lang='lat' dir='ltr'><strong>or.</strong></span> 
     </span>
    </p>
   </div>
  </div>
 </body>
</html>
