2558 3970
65 1080 98 1105 10

67 1423 100 1448 15

68 2115 101 2142 25

67 2459 101 2486 3⁰

39 3851 91 3970 3523·
59 3820 71 3843 ν
52 3804 69 3810 ³

616 159 857 194 FRIDERICI
884 160 925 194 11.
953 160 1380 198 CONsTl'rU‘rwNRS.
1433 166 1529 199 12:32.
1581 166 1734 200 Nr.164.
1767 168 1838 200 165.
2242 174 2320 212 203

136 274 305 322 bardie,
348 275 418 329 qui
458 274 555 314 ituri
588 279 708 316 sunt.
753 274 1019 315 sufficientes
1054 276 1137 315 sint
1169 277 1220 316 ad
1255 279 1522 319 terminanda
1558 280 1745 334 predicta
1779 289 1817 320 vt
1853 282 2112 323 diffinienda.
2177 287 2249 323 Set
2285 286 2321 324 υἱ

136 344 326 396 videtur,
366 343 477 398 quod
510 342 801 384 Mediolanum
845 347 888 384 et
926 344 1019 384 eius
1061 345 1186 384 amici
1233 348 1455 399 magnifice
1498 354 1539 388 ct
1571 349 1776 389 ‹levi-nter
1808 357 1846 390 vt
1889 353 2105 392 iunioritcr
2136 352 2320 404 debcant

138 426 327 466 congruo
359 415 552 467 tempore
594 411 805 452 interesse
839 424 981 451 coram
1017 412 1171 466 legatis
1205 419 1247 453 ct
1281 428 1355 468 pro
1392 415 1594 469 predictis
1629 419 1807 468 negotiis
1841 420 2120 460 terminandis
2155 428 2194 460 ct
2229 422 2321 460 tini-

137 480 272 530 endis,
304 480 340 521 si
372 480 521 521 modus
555 483 598 520 et
620 479 755 520 forma
787 481 947 534 poterit
969 480 1162 523 inveniri.
1196 495 1279 536 quo
1303 483 1492 536 predicta
1517 499 1609 525 cuni
1636 486 1792 526 bonor«-
1818 495 1857 526 et
1882 489 2065 528 utilituu·
2098 490 2323 528 societatis

136 547 397 590 Lombardie
427 548 664 604 poterimus
697 548 929 589 terminare
962 552 1005 589 et
1040 550 1272 604 complere.

138 742 236 784 165.
268 740 586 783 LITTERAE
611 740 997 782 NUNTIORIJM
1031 740 1473 784 BRIXIJCNSIIJM
1496 743 1579 784 ΛΙ)
1607 745 2023 789 l’n'l'lz‘sTA'l'lz'JL
2071 748 2222 791 (Jlart.
2248 752 2325 794 iu.)

278 822 323 863 E
349 821 478 863 Libro
508 820 694 867 Poteris.-
725 821 943 861 odalman!
976 820 1127 862 Fieker
1153 823 1238 860 3023
1269 836 1336 864 nr.
1359 826 1442 861 3311·
1473 826 1508 862 (Ἰ
1547 823 1754 864 Valentini
1782 842 1822 878 μ.
1849 829 1910 866 7‘1'.
1978 827 2226 867 I‘.'.1·hi!u>mu,s·
2258 844 2326 868 ras

134 892 206 933 hoc
235 892 330 941 loco,
360 904 412 932 ne
442 890 545 943 quid
573 903 713 931 eorum
742 889 948 931 desideres
979 903 1084 942 quac!
1117 890 1161 930 in
1193 890 1324 931 codice
1359 891 1580 932 Bria—lensi
1612 892 1659 932 dv
1692 896 1873 934 lrarlaln
1901 896 2018 945 paris
2050 896 2251 947 lryunlur.

1889 962 1958 1006 (Ι).
1983 963 2124 1010 ‹less-l.)

281 1062 490 1104 Prudenti
539 1066 582 1105 et
628 1061 762 1104 nobili
799 1062 888 1102 viro
939 1061 1096 1102 domno
1141 1061 1190 1103 O.
1232 1064 1434 1118 potestati
1484 1063 1633 1104 Brixic
1684 1064 1893 1105 lohannes
1943 1066 1995 1106 ‹le
2041 1067 2245 1107 Minci-vis
2287 1075 2324 1107 vt

135 1131 224 1175 Wi.
260 1132 414 1183 OE‘ruffi,
458 1130 723 1173 Pe.Vilan.⁸
767 1135 809 1171 et
849 1129 987 1171 Obizo
1029 1129 1227 1185 Ugonum
1276 1136 1467 1172 rectores
1514 1137 1556 1172 ct
1599 1133 1902 1174 ambaxatorcs
1949 1136 2140 1175 comunis
2188 1135 2327 1175 Brixiae-

135 1202 319 1243 salutem
353 1214 448 1242 cum
480 1200 738 1242 reverentia.

279 1269 396 1311 Nulli
426 1269 593 1311 litteras
625 1269 728 1310 istas
761 1268 847 1324 legi
879 1268 1062 1319 faciatis,
1096 1269 1177 1309 nisi
1212 1269 1452 1311 iuramento
1485 1270 1749 1311 credentiam
1783 1271 1945 1312 fecerit.
2001 1272 2153 1312 Vestro
2187 1271 2319 1312 ‹luini-

135 1339 297 1380 nationi
330 1343 479 1380 notum
520 1338 721 1389 facimus,
765 1338 876 1393 quod
909 1342 1138 1393 postquam
1172 1339 1367 1380 misimus
1401 1339 1455 1380 ad
1489 1354 1559 1380 vos
1594 1339 1822 1380 Girardum
1859 1342 2085 1382 notarium.
2130 1342 2325 1395 sequenti

137 1408 206 1450 die
238 1412 427 1449 rectores
459 1412 502 1448 et
533 1408 838 1448 ambaxatores
862 1407 1096 1448 Societatis
1119 1407 1379 1449 Lombardic
1412 1409 1542 1449 locuti
1576 1410 1746 1449 fuerunt
1771 1423 1863 1449 cum
1888 1409 2177 1450 cardinalibus
2202 1425 2328 1465 supi—r

135 1476 324 1532 capitulo
358 1476 671 1518 emendationis
702 1476 882 1528 offense,
916 1490 1044 1531 quam
1079 1476 1182 1517 dicit
1214 1477 1447 1532 imperator
1480 1477 1560 1517 sibi
1594 1492 1617 1517 a
1644 1477 1895 1519 Lornbardis
1929 1479 2099 1519 factam.
2135 1485 2175 1519 ct
2201 1494 2328 1534 supi-1·

135 1544 325 1587 adventu
363 1545 440 1586 filii
484 1546 575 1586 eius
608 1550 651 1588 et
690 1545 927 1600 principum
975 1546 1066 1586 eius
1106 1546 1148 1586 in
1182 1545 1508 1596 Lombardiam,
1551 1547 1654 1601 ipsis
1688 1546 2070 1602 respondentibus,
2110 1548 2218 1602 quml
2254 1563 2327 1587 nos

135 1614 336 1656 daremus
376 1614 439 1656 eis
480 1615 524 1655 in
565 1615 755 1670 scriptis,
803 1613 915 1669 quod
957 1628 1087 1670 super
1125 1615 1207 1655 illis
1241 1615 1440 1670 capitulis
1475 1615 1740 1656 volebamus.
1804 1615 1968 1662 Quibus
2004 1616 2088 1656 tale
2125 1616 2326 1671 scriptum

135 1683 346 1734 dedimus,
378 1683 492 1738 quod
512 1697 597 1725 non
620 1683 902 1725 credebamus
925 1697 1003 1724 nos
1034 1683 1314 1725 offensionem
1352 1684 1600 1739 imperatori
1625 1684 1781 1725 fecisse
1814 1698 1889 1725 nec
1916 1684 2162 1726 volebamus
2187 1686 2327 1723 sacci-‹-

136 1751 484 1794 emendationem
515 1752 600 1794 nisi
632 1752 794 1794 nudum
827 1756 870 1794 et
901 1766 1054 1808 purum
1087 1752 1306 1798 honorem,
1341 1756 1383 1793 et
1414 1766 1498 1793 non
1532 1767 1613 1807 que
1648 1752 1882 1808 pertineret
1916 1753 1969 1793 ad
1994 1753 2328 1808 prestatioiwin'·

134 1835 277 1863 rerum
309 1822 378 1863 vel
410 1821 663 1877 obsequium
695 1836 992 1878 personarum.
1057 1820 1199 1877 Super
1222 1820 1410 1862 adventu
1434 1821 1509 1861 filii
1535 1822 1625 1862 eius
1649 1826 1692 1862 et
1722 1821 1957 1876 principum
1982 1821 2182 1863 diximus.
2217 1820 2327 1874 quod

134 1890 348 1946 placebat,
379 1894 427 1931 ut
457 1891 655 1932 venirent
687 1905 782 1932 cum
816 1889 849 1931 C
882 1890 1091 1931 militibus
1114 1893 1280 1930 tantum
1306 1894 1348 1931 et
1372 1890 1463 1931 sine
1487 1891 1628 1933 armis,
1663 1891 1733 1945 qui
1758 1905 1841 1930 non
1867 1890 2074 1931 deberent
2097 1889 2326 1944 dampnum

135 1959 392 2002 Lombardis
424 1959 527 2002 dare
559 1960 629 2001 vel
662 1960 745 2001 vim
777 1959 952 2002 inferre.
1015 1959 1183 2006 Quibus
1207 1959 1337 2000 etiam
1361 1974 1385 1999 a
1409 1958 1699 2000 cardinalibus
1724 1959 1968 2001 intellectis.
2004 1958 2331 2014 responderunt.

136 2029 248 2085 quod
280 2042 363 2070 non
407 2029 600 2071 facerent
640 2028 765 2070 nobis
798 2027 916 2069 aliud
955 2032 1210 2084 preceptum
1244 2028 1352 2068 nisic
1385 2027 1621 2069 secundum
1654 2028 1825 2069 modum
1868 2027 2110 2083 predictum
2144 2027 2327 2081 abs-ques

137 2111 349 2140 consensu
379 2102 597 2140 rectorum
629 2102 672 2139 et
714 2098 1065 2149 ambaxatorum,
1112 2102 1153 2138 et
1193 2096 1244 2138 de
1287 2097 1367 2138 hoc
1408 2097 1524 2138 facta
1557 2101 1623 2137 est
1655 2097 1825 2152 publica
1860 2097 2083 2151 scriptura.
2147 2095 2329 2135 Verum-

134 2171 282 2209 tamen
313 2167 534 2220 volebant,
567 2167 683 2223 quod
716 2168 959 2209 commissio
992 2167 1117 2209 fieret
1149 2167 1191 2207 in
1224 2167 1285 2207 eis
1318 2166 1488 2222 publice
1512 2166 1742 2221 generalis,
1777 2166 1878 2220 quia
1901 2179 1974 2220 pro
1998 2165 2144 2205 maiori
2170 2164 2330 2204 honore

135 2236 216 2278 sibi
259 2235 518 2292 reputabant
550 2239 594 2278 et
624 2236 779 2277 melius
821 2236 1035 2291 putabant
1067 2236 1228 2277 factum
1261 2249 1388 2291 posse
1432 2234 1681 2290 procedere.
1745 2233 1911 2281 Quibus
1945 2248 1969 2274 a
2002 2233 2124 2274 nobis
2160 2232 2331 2273 auditis.

135 2305 362 2361 responsio
395 2305 676 2346 cardinalium
709 2305 909 2346 omnibus
941 2304 1064 2345 nobis
1096 2305 1270 2359 placuit.
1334 2303 1411 2345 Set
1443 2304 1754 2359 postulavimus
1788 2304 1841 2343 ab
1867 2304 1942 2351 eis,
1979 2303 2223 2358 priusquam
2252 2301 2330 2340 sub

134 2374 197 2415 eis
229 2374 610 2424 committeremus,
654 2373 768 2415 irent
799 2373 853 2414 ad
885 2374 1187 2429 imperatorem
1219 2378 1261 2414 et
1293 2373 1475 2424 scirent,
1515 2373 1548 2412 si
1583 2372 1756 2413 volebat
1788 2372 1827 2412 in
1863 2385 1938 2412 cos
1971 2371 2254 2413 committere.
2290 2374 2331 2408 ct

134 2456 214 2484 nos
246 2447 290 2484 et
319 2441 686 2492 Mediolanenses,
728 2442 828 2497 quia
859 2442 1053 2492 interim,
1093 2442 1195 2482 dum
1229 2442 1348 2482 ibant
1379 2441 1432 2482 ad
1465 2442 1789 2496 imperatorem.
1835 2440 2082 2481 volebamus
2117 2454 2139 2479 a
2174 2438 2330 2479 nostris

137 2510 381 2553 civitatibus
412 2511 632 2553 licentiam
665 2511 976 2552 commissionis
1009 2510 1182 2552 habere.
1245 2510 1322 2551 Set
1354 2511 1438 2551 alie
1473 2510 1670 2550 civitates
1694 2509 1910 2554 dicebant,
1945 2523 1989 2549 se
2024 2521 2149 2562 posse
2183 2507 2327 2547 facere

136 2580 437 2622 comissionem
470 2580 629 2632 statim,
662 2579 896 2621 secundum
920 2578 1034 2635 quod
1067 2578 1228 2620 dictum
1251 2583 1328 2619 est.
1383 2577 1637 2619 Cardinales
1662 2592 1761 2619 vero
1786 2577 1853 2618 die
1879 2577 2105 2621 dominico.
2138 2574 2236 2616 Vll.
2261 2574 2328 2614 dic

135 2650 322 2691 intrante
353 2662 502 2690 mense
534 2648 681 2690 Martii
712 2649 986 2704 arripuerunt
1017 2645 1098 2690 iter
1121 2647 1249 2690 eundi
1272 2647 1326 2688 ad
1357 2648 1681 2703 imperatorem;
1715 2660 1810 2687 011111
1833 2645 1985 2700 quibus
2011 2643 2122 2684 vadit
2145 2643 2324 2683 domnus

137 2718 364 2773 episcopus
395 2721 554 2759 noster.
616 2717 914 2772 Preceperunt
946 2723 1092 2759 autem
1124 2717 1246 2758 nobis
1281 2715 1521 2757 cardinales
1556 2716 1633 2756 sub
1669 2729 1779 2769 pena
1802 2712 2252 2754 excommunicationis
2286 2717 2326 2750 vt

110 2790 329 2828 rectores
361 2786 440 2828 sub
473 2785 618 2827 debito
660 2787 911 2838 iuramenti,
953 2791 1000 2827 ut
1039 2785 1180 2826 nullus
1212 2790 1353 2827 rector
1387 2797 1462 2825 seu
1495 2784 1749 2825 ambaxator
1788 2781 2008 2823 recederet
2042 2782 2130 2820 sinc
2164 2780 2326 2819 illorum

136 2854 329 2903 licentia;
363 2859 405 2896 et
437 2855 541 2896 visis
572 2855 745 2896 illorum
776 2855 947 2906 litteris,
981 2855 1140 2896 iremus
1173 2853 1448 2905 Faventiam,
1482 2854 1518 2893 si
1553 2853 1763 2893 haberent
1795 2850 1847 2891 ab
1881 2851 2136 2905 imperatore
2171 2848 2325 2888 bonam

136 2924 476 2980 responsionem.
553 2923 828 2979 Quapropter
866 2923 986 2965 vobis
1032 2922 1311 2969 mandamus,
1359 2927 1406 2962 ut
1449 2921 1602 2962 vestris
1652 2920 1804 2960 litteris
1848 2932 1922 2973 per
1966 2918 2113 2958 harum
2153 2917 2328 2956 latorem

139 2992 331 3044 mittatis,
366 2993 402 3034 si
433 2992 574 3044 vultis,
606 3006 684 3034 nos
714 2993 860 3034 facere
893 2993 1244 3034 commissionem
1277 2992 1316 3032 in
1354 2989 1655 3039 cardinalibus,
1689 2987 1922 3029 secundum
1947 2986 2056 3041 quod
2090 2984 2328 3040 predictum

138 3065 217 3102 est.
277 3060 498 3103 Noveritis
529 3062 719 3117 insuper,
753 3061 867 3117 quod
900 3061 1137 3103 secundum
1171 3059 1282 3116 quod
1315 3059 1461 3100 videre
1495 3064 1537 3099 et
1569 3057 1812 3111 intelligere
1846 3056 2078 3110 potuimus.
2114 3055 2155 3094 in
2191 3051 2326 3093 cardi-

137 3129 309 3170 nalibus
339 3143 542 3185 magnam
573 3129 776 3171 fiduciam
808 3129 1033 3180 habemus,
1066 3129 1252 3169 maxime
1284 3127 1383 3182 quia
1414 3140 1523 3167 unus
1557 3126 1724 3166 illorum
1758 3128 1823 3165 cst
1855 3123 2130 3164 Placentinus
2155 3126 2196 3162 et
2220 3121 2327 3160 alius

140 3197 192 3238 de
213 3197 550 3240 Vercelensibus
582 3199 791 3254 partibus.
855 3198 1031 3247 Sciatis,
1065 3197 1132 3238 hie
1165 3197 1365 3252 scriptam
1399 3195 1583 3235 litteram
1618 3206 1789 3248 parvam
1821 3192 1954 3232 ethic
1979 3191 2165 3231 clausam
2191 3187 2326 3228 cardi-

140 3267 262 3308 nales
293 3267 470 3322 propria
499 3281 630 3309 manu
663 3267 905 3322 scripsisse.

278 3402 362 3438 165.
393 3404 425 3446 ⁹⁴)
449 3400 549 3438 Vilafi
573 3417 600 3438 e.
717 3405 749 3447 b)
782 3407 971 3449 prationem
998 3416 1025 3438 e.
1144 3404 1173 3445 0)
1209 3404 1273 3436 nisi
1307 3403 1493 3436 secundum
1521 3401 1708 3444 predictum
1735 3399 1868 3431 modum
1895 3398 1958 3429 nisi
1984 3397 2168 3429 secundum
2198 3394 2329 3427 moduni

142 3460 329 3503 predictum
353 3462 490 3495 modum
514 3463 644 3505 absque
669 3474 694 3496 c.

1990 3721 2060 3757 ⁶26*

2354 2657 2432 2682 Mari.
2450 2660 2472 2682 7.
