<?xml version="1.0" encoding="UTF-8"?>
<!DOCTYPE html PUBLIC "-//W3C//DTD XHTML 1.0 Transitional//EN"
    "http://www.w3.org/TR/xhtml1/DTD/xhtml1-transitional.dtd">
<html xmlns="http://www.w3.org/1999/xhtml" xml:lang="en" lang="en">
 <head>
  <title>
</title>
<meta http-equiv="Content-Type" content="text/html;charset=utf-8" />
  <meta name='ocr-system' content='tesseract 3.04.00' />
  <meta name='ocr-capabilities' content='ocr_page ocr_carea ocr_par ocr_line ocrx_word'/>
</head>
<body>
  <div class='ocr_page' id='page_1' title='image "./monumentager02geseuoft_0404.png"; bbox 0 0 2558 3970; ppageno 0'>
   <div class='ocr_carea' id='block_1_1' title="bbox 242 162 1948 208">
    <p class='ocr_par' dir='ltr' id='par_1_1' title="bbox 242 162 1948 208">
     <span class='ocr_line' id='line_1_1' title="bbox 242 162 1948 208; baseline 0.001 -10"><span class='ocrx_word' id='word_1_1' title='bbox 242 170 321 208; x_wconf 76' lang='grc'><strong>356</strong></span> <span class='ocrx_word' id='word_1_2' title='bbox 718 163 959 198; x_wconf 80' lang='lat' dir='ltr'>FRIDERICI</span> <span class='ocrx_word' id='word_1_3' title='bbox 986 164 1030 198; x_wconf 95' lang='lat' dir='ltr'><strong>II.</strong></span> <span class='ocrx_word' id='word_1_4' title='bbox 1057 162 1486 197; x_wconf 82' lang='lat' dir='ltr'><strong>CONSTITUTIONES.</strong></span> <span class='ocrx_word' id='word_1_5' title='bbox 1537 164 1634 198; x_wconf 77' lang='lat'><strong>1245.</strong></span> <span class='ocrx_word' id='word_1_6' title='bbox 1684 164 1841 199; x_wconf 79' lang='lat' dir='ltr'><strong>N1·.257.</strong></span> <span class='ocrx_word' id='word_1_7' title='bbox 1871 165 1948 200; x_wconf 79' lang='lat'><strong>258.</strong></span> 
     </span>
    </p>
   </div>
   <div class='ocr_carea' id='block_1_2' title="bbox 240 278 2425 472">
    <p class='ocr_par' dir='ltr' id='par_1_2' title="bbox 240 278 2425 472">
     <span class='ocr_line' id='line_1_2' title="bbox 242 278 2425 335; baseline 0.001 -16"><span class='ocrx_word' id='word_1_8' title='bbox 242 281 504 335; x_wconf 81' lang='lat' dir='ltr'><strong>propositum</strong></span> <span class='ocrx_word' id='word_1_9' title='bbox 539 279 760 334; x_wconf 87' lang='lat' dir='ltr'><strong>impedire.</strong></span> <span class='ocrx_word' id='word_1_10' title='bbox 822 278 945 318; x_wconf 79' lang='lat' dir='ltr'><strong>Dixit</strong></span> <span class='ocrx_word' id='word_1_11' title='bbox 976 278 1089 318; x_wconf 89' lang='lat' dir='ltr'><strong>enim</strong></span> <span class='ocrx_word' id='word_1_12' title='bbox 1113 279 1323 332; x_wconf 75' lang='lat' dir='ltr'><strong>princeps.</strong></span> <span class='ocrx_word' id='word_1_13' title='bbox 1357 278 1571 332; x_wconf 86' lang='lat' dir='ltr'><strong>quodnisi</strong></span> <span class='ocrx_word' id='word_1_14' title='bbox 1602 278 1762 319; x_wconf 87' lang='lat' dir='ltr'><strong>factum</strong></span> <span class='ocrx_word' id='word_1_15' title='bbox 1786 278 1837 320; x_wconf 89' lang='lat' dir='ltr'><strong>de</strong></span> <span class='ocrx_word' id='word_1_16' title='bbox 1861 279 2057 321; x_wconf 80' lang='lat' dir='ltr'><strong>Viterbio</strong></span> <span class='ocrx_word' id='word_1_17' title='bbox 2081 280 2308 333; x_wconf 70' lang='lat' dir='ltr'><strong>extitisset,</strong></span> <span class='ocrx_word' id='word_1_18' title='bbox 2340 281 2425 322; x_wconf 88' lang='lat' dir='ltr'><strong>iam</strong></span> 
     </span>
     <span class='ocr_line' id='line_1_3' title="bbox 240 340 2423 402; baseline 0.001 -13"><span class='ocrx_word' id='word_1_19' title='bbox 240 350 349 389; x_wconf 80' lang='lat' dir='ltr'><strong>foret</strong></span> <span class='ocrx_word' id='word_1_20' title='bbox 383 348 604 389; x_wconf 80' lang='lat' dir='ltr'><strong>concordia</strong></span> <span class='ocrx_word' id='word_1_21' title='bbox 639 347 883 389; x_wconf 81' lang='lat' dir='ltr'><strong>reformata.</strong></span> <span class='ocrx_word' id='word_1_22' title='bbox 944 346 1077 387; x_wconf 88' lang='lat' dir='ltr'><strong>Porro</strong></span> <span class='ocrx_word' id='word_1_23' title='bbox 1112 347 1364 401; x_wconf 89' lang='lat' dir='ltr'><strong>rescriptum</strong></span> <span class='ocrx_word' id='word_1_24' title='bbox 1399 348 1658 399; x_wconf 85' lang='lat' dir='ltr'><strong>litterarum,</strong></span> <span class='ocrx_word' id='word_1_25' title='bbox 1687 340 1797 402; x_wconf 56' lang='lat' dir='ltr'><strong>⁴quas</strong></span> <span class='ocrx_word' id='word_1_26' title='bbox 1830 348 2062 402; x_wconf 88' lang='lat' dir='ltr'><strong>imperator</strong></span> <span class='ocrx_word' id='word_1_27' title='bbox 2092 349 2222 390; x_wconf 90' lang='lat' dir='ltr'><strong>mittit</strong></span> <span class='ocrx_word' id='word_1_28' title='bbox 2253 349 2423 391; x_wconf 89' lang='lat' dir='ltr'><strong>domino</strong></span> 
     </span>
     <span class='ocr_line' id='line_1_4' title="bbox 240 415 1408 472; baseline 0.002 -18"><span class='ocrx_word' id='word_1_29' title='bbox 240 417 389 472; x_wconf 56' lang='grc' dir='ltr'><strong>μηροὶ.</strong></span> <span class='ocrx_word' id='word_1_30' title='bbox 423 416 542 457; x_wconf 67' lang='lat' dir='ltr'><strong>vobis</strong></span> <span class='ocrx_word' id='word_1_31' title='bbox 576 416 656 456; x_wconf 90' lang='lat' dir='ltr'><strong>hiis</strong></span> <span class='ocrx_word' id='word_1_32' title='bbox 689 416 843 456; x_wconf 87' lang='lat' dir='ltr'><strong>litteris</strong></span> <span class='ocrx_word' id='word_1_33' title='bbox 877 415 1082 455; x_wconf 85' lang='lat' dir='ltr'><strong>mittimus</strong></span> <span class='ocrx_word' id='word_1_34' title='bbox 1115 415 1408 457; x_wconf 89' lang='lat' dir='ltr'><strong>interclusum.</strong></span> 
     </span>
    </p>
   </div>
   <div class='ocr_carea' id='block_1_3' title="bbox 238 619 2428 1031">
    <p class='ocr_par' dir='ltr' id='par_1_3' title="bbox 238 619 2428 1031">
     <span class='ocr_line' id='line_1_5' title="bbox 282 619 2375 666; baseline 0.001 -4"><span class='ocrx_word' id='word_1_35' title='bbox 282 620 383 662; x_wconf 71' lang='lat'><strong>258.</strong></span> <span class='ocrx_word' id='word_1_36' title='bbox 423 620 798 663; x_wconf 72' lang='lat' dir='ltr'><em>IXNOCENTII</em></span> <span class='ocrx_word' id='word_1_37' title='bbox 822 621 902 663; x_wconf 82' lang='lat' dir='ltr'><strong>IV.</strong></span> <span class='ocrx_word' id='word_1_38' title='bbox 945 620 1249 662; x_wconf 80' lang='lat' dir='ltr'><strong><em>EPISTOLA</em></strong></span> <span class='ocrx_word' id='word_1_39' title='bbox 1280 619 1367 661; x_wconf 82' lang='lat' dir='ltr'><strong>AD</strong></span> <span class='ocrx_word' id='word_1_40' title='bbox 1406 619 1873 662; x_wconf 79' lang='lat' dir='ltr'><strong><em>PATRIARCHAM</em></strong></span> <span class='ocrx_word' id='word_1_41' title='bbox 1901 620 2375 666; x_wconf 78' lang='lat' dir='ltr'><em>ANTIOCHENUM.</em></span> 
     </span>
     <span class='ocr_line' id='line_1_6' title="bbox 1154 690 1508 740; baseline 0.003 -11"><span class='ocrx_word' id='word_1_42' title='bbox 1154 690 1277 730; x_wconf 68' lang='lat'><strong>1245.</strong></span> <span class='ocrx_word' id='word_1_43' title='bbox 1312 690 1416 740; x_wconf 71' lang='lat' dir='ltr'><strong>Apr.</strong></span> <span class='ocrx_word' id='word_1_44' title='bbox 1439 690 1508 730; x_wconf 82' lang='lat'><strong>30.</strong></span> 
     </span>
     <span class='ocr_line' id='line_1_7' title="bbox 380 769 2427 824; baseline 0.001 -13"><span class='ocrx_word' id='word_1_45' title='bbox 380 770 554 822; x_wconf 73' lang='lat' dir='ltr'><strong>chilm·</strong></span> <span class='ocrx_word' id='word_1_46' title='bbox 595 771 638 809; x_wconf 76' lang='lat' dir='ltr'><strong>in</strong></span> <span class='ocrx_word' id='word_1_47' title='bbox 675 769 859 823; x_wconf 68' lang='lat' dir='ltr'><strong>chlistri</strong></span> <span class='ocrx_word' id='word_1_48' title='bbox 900 772 1002 810; x_wconf 75' lang='lat' dir='ltr'><strong>tomo</strong></span> <span class='ocrx_word' id='word_1_49' title='bbox 1035 769 1071 819; x_wconf 88' lang='grc' dir='ltr'><strong>Ι,</strong></span> <span class='ocrx_word' id='word_1_50' title='bbox 1098 770 1194 819; x_wconf 74' lang='lat'><strong>205,</strong></span> <span class='ocrx_word' id='word_1_51' title='bbox 1233 769 1300 811; x_wconf 69' lang='lat' dir='ltr'><strong>lib.</strong></span> <span class='ocrx_word' id='word_1_52' title='bbox 1325 769 1390 819; x_wconf 73' lang='grc' dir='ltr'><strong>ΙΙ,</strong></span> <span class='ocrx_word' id='word_1_53' title='bbox 1430 782 1515 811; x_wconf 73' lang='lat' dir='ltr'><strong>cur.</strong></span> <span class='ocrx_word' id='word_1_54' title='bbox 1549 770 1585 818; x_wconf 73' lang='lat'><strong>(5,</strong></span> <span class='ocrx_word' id='word_1_55' title='bbox 1622 783 1642 809; x_wconf 75' lang='lat' dir='ltr'><strong>c</strong></span> <span class='ocrx_word' id='word_1_56' title='bbox 1680 782 1758 820; x_wconf 72' lang='lat' dir='ltr'><strong>(seco</strong></span> <span class='ocrx_word' id='word_1_57' title='bbox 1802 782 1890 809; x_wconf 82' lang='lat' dir='ltr'><strong>eam</strong></span> <span class='ocrx_word' id='word_1_58' title='bbox 1926 769 2054 810; x_wconf 70' lang='lat' dir='ltr'><strong>edidit</strong></span> <span class='ocrx_word' id='word_1_59' title='bbox 2090 770 2344 824; x_wconf 71' lang='lat' dir='ltr'><strong>Raynaldus</strong></span> <span class='ocrx_word' id='word_1_60' title='bbox 2379 773 2427 814; x_wconf 73' lang='lat' dir='ltr'><strong>in</strong></span> 
     </span>
     <span class='ocr_line' id='line_1_8' title="bbox 238 836 2428 892; baseline 0.001 -13"><span class='ocrx_word' id='word_1_61' title='bbox 238 838 480 879; x_wconf 74' lang='lat' dir='ltr'><strong>Annalibus</strong></span> <span class='ocrx_word' id='word_1_62' title='bbox 511 839 793 879; x_wconf 67' lang='lat' dir='ltr'><strong>eeclesiaslim&#39;s</strong></span> <span class='ocrx_word' id='word_1_63' title='bbox 823 840 931 878; x_wconf 67' lang='lat'><strong><em>1:245</em></strong></span> <span class='ocrx_word' id='word_1_64' title='bbox 962 838 990 892; x_wconf 62' lang='grc' dir='ltr'><em>ἕ</em></span> <span class='ocrx_word' id='word_1_65' title='bbox 1011 840 1049 887; x_wconf 80' lang='lat'><strong>3,</strong></span> <span class='ocrx_word' id='word_1_66' title='bbox 1092 851 1209 889; x_wconf 72' lang='lat' dir='ltr'><strong>quem.</strong></span> <span class='ocrx_word' id='word_1_67' title='bbox 1241 836 1364 877; x_wconf 53' lang='lat' dir='ltr'><strong>Perta</strong></span> <span class='ocrx_word' id='word_1_68' title='bbox 1405 839 1564 877; x_wconf 70' lang='lat' dir='ltr'><strong>secutus</strong></span> <span class='ocrx_word' id='word_1_69' title='bbox 1601 848 1685 877; x_wconf 79' lang='lat' dir='ltr'><strong>csse</strong></span> <span class='ocrx_word' id='word_1_70' title='bbox 1721 837 1894 879; x_wconf 71' lang='lat' dir='ltr'><strong>videtur.</strong></span> <span class='ocrx_word' id='word_1_71' title='bbox 1962 838 2149 890; x_wconf 72' lang='lat' dir='ltr'><strong>suspecto</strong></span> <span class='ocrx_word' id='word_1_72' title='bbox 2179 838 2370 892; x_wconf 68' lang='lat' dir='ltr'><strong>Reqz’stro</strong></span> <span class='ocrx_word' id='word_1_73' title='bbox 2401 855 2428 882; x_wconf 84' lang='grc' dir='ltr'><em>α</em></span> 
     </span>
     <span class='ocr_line' id='line_1_9' title="bbox 242 905 2426 959; baseline 0.002 -14"><span class='ocrx_word' id='word_1_74' title='bbox 242 908 326 947; x_wconf 67' lang='lat' dir='ltr'><strong>rim</strong></span> <span class='ocrx_word' id='word_1_75' title='bbox 362 908 408 948; x_wconf 77' lang='lat' dir='ltr'><strong>cl.</strong></span> <span class='ocrx_word' id='word_1_76' title='bbox 442 907 570 950; x_wconf 74' lang='grc' dir='ltr'><strong>ῙΙΙαιι.</strong></span> <span class='ocrx_word' id='word_1_77' title='bbox 615 907 841 959; x_wconf 61' lang='lat' dir='ltr'><strong>romanor-it</strong></span> <span class='ocrx_word' id='word_1_78' title='bbox 883 921 971 947; x_wconf 48' lang='lat' dir='ltr'><strong>eam&gt;</strong></span> <span class='ocrx_word' id='word_1_79' title='bbox 1017 905 1258 957; x_wconf 69' lang='lat' dir='ltr'><strong>Rodenberq</strong></span> <span class='ocrx_word' id='word_1_80' title='bbox 1298 905 1360 955; x_wconf 82' lang='lat' dir='ltr'><strong>H,</strong></span> <span class='ocrx_word' id='word_1_81' title='bbox 1398 918 1462 946; x_wconf 63' lang='lat' dir='ltr'><strong>m:</strong></span> <span class='ocrx_word' id='word_1_82' title='bbox 1497 906 1590 946; x_wconf 84' lang='lat'><strong>110.</strong></span> <span class='ocrx_word' id='word_1_83' title='bbox 1636 929 1688 934; x_wconf 97' lang='lat'><strong>-—</strong></span> <span class='ocrx_word' id='word_1_84' title='bbox 1731 905 2191 949; x_wconf 74' lang='lat' dir='ltr'><strong>Huillczrd-Bre&#39;holles</strong></span> <span class='ocrx_word' id='word_1_85' title='bbox 2229 908 2302 958; x_wconf 85' lang='lat' dir='ltr'><strong>VI,</strong></span> <span class='ocrx_word' id='word_1_86' title='bbox 2329 910 2426 950; x_wconf 82' lang='lat'><strong>271.</strong></span> 
     </span>
     <span class='ocr_line' id='line_1_10' title="bbox 240 974 2285 1031; baseline 0.001 -16"><span class='ocrx_word' id='word_1_87' title='bbox 240 975 427 1017; x_wconf 74' lang='lat' dir='ltr'><strong>Potthast</strong></span> <span class='ocrx_word' id='word_1_88' title='bbox 460 978 609 1017; x_wconf 67' lang='lat'><strong>11644.</strong></span> <span class='ocrx_word' id='word_1_89' title='bbox 671 975 864 1025; x_wconf 73' lang='lat' dir='ltr'><strong>Bo‘hmcr,</strong></span> <span class='ocrx_word' id='word_1_90' title='bbox 902 974 1000 1027; x_wconf 66' lang='lat' dir='ltr'><strong>chy.</strong></span> <span class='ocrx_word' id='word_1_91' title='bbox 1035 975 1130 1026; x_wconf 70' lang='lat' dir='ltr'><strong>imp.</strong></span> <span class='ocrx_word' id='word_1_92' title='bbox 1167 974 1207 1024; x_wconf 81' lang='lat' dir='ltr'><strong>V,</strong></span> <span class='ocrx_word' id='word_1_93' title='bbox 1234 975 1356 1013; x_wconf 80' lang='lat'><strong>7530.</strong></span> <span class='ocrx_word' id='word_1_94' title='bbox 2076 974 2145 1028; x_wconf 91' lang='lat' dir='ltr'><strong>(P.</strong></span> <span class='ocrx_word' id='word_1_95' title='bbox 2166 976 2285 1031; x_wconf 81' lang='lat'><strong>352.)</strong></span> 
     </span>
    </p>
   </div>
   <div class='ocr_carea' id='block_1_4' title="bbox 235 1100 2431 3081">
    <p class='ocr_par' dir='ltr' id='par_1_4' title="bbox 235 1100 2431 3081">
     <span class='ocr_line' id='line_1_11' title="bbox 382 1100 2426 1158; baseline 0.001 -15"><span class='ocrx_word' id='word_1_96' title='bbox 382 1102 594 1144; x_wconf 70' lang='lat' dir='ltr'><strong>”Litteras</strong></span> <span class='ocrx_word' id='word_1_97' title='bbox 628 1107 724 1142; x_wconf 82' lang='lat' dir='ltr'><strong>tuas</strong></span> <span class='ocrx_word' id='word_1_98' title='bbox 758 1101 883 1141; x_wconf 85' lang='lat' dir='ltr'><strong>solita</strong></span> <span class='ocrx_word' id='word_1_99' title='bbox 921 1101 1190 1155; x_wconf 77' lang='lat' dir='ltr'><strong>benignitate</strong></span> <span class='ocrx_word' id='word_1_100' title='bbox 1225 1100 1466 1155; x_wconf 85' lang='lat' dir='ltr'><strong>recepimus</strong></span> <span class='ocrx_word' id='word_1_101' title='bbox 1501 1103 1543 1141; x_wconf 90' lang='lat' dir='ltr'><strong>et</strong></span> <span class='ocrx_word' id='word_1_102' title='bbox 1575 1113 1723 1141; x_wconf 88' lang='lat' dir='ltr'><strong>earum</strong></span> <span class='ocrx_word' id='word_1_103' title='bbox 1755 1103 1949 1141; x_wconf 87' lang='lat' dir='ltr'><strong>tenorem</strong></span> <span class='ocrx_word' id='word_1_104' title='bbox 1988 1101 2116 1156; x_wconf 90' lang='lat' dir='ltr'><strong>pleno</strong></span> <span class='ocrx_word' id='word_1_105' title='bbox 2150 1103 2426 1158; x_wconf 83' lang='lat' dir='ltr'><strong>concepimus</strong></span> 
     </span>
     <span class='ocr_line' id='line_1_12' title="bbox 240 1169 2427 1227; baseline 0 -15"><span class='ocrx_word' id='word_1_106' title='bbox 240 1172 475 1212; x_wconf 88' lang='lat' dir='ltr'><strong>intellectu.</strong></span> <span class='ocrx_word' id='word_1_107' title='bbox 539 1170 652 1211; x_wconf 83' lang='lat' dir='ltr'><strong>Sane</strong></span> <span class='ocrx_word' id='word_1_108' title='bbox 684 1169 808 1211; x_wconf 88' lang='lat' dir='ltr'><strong>nobis</strong></span> <span class='ocrx_word' id='word_1_109' title='bbox 841 1175 883 1211; x_wconf 93' lang='lat' dir='ltr'><strong>et</strong></span> <span class='ocrx_word' id='word_1_110' title='bbox 915 1170 1119 1210; x_wconf 90' lang='lat' dir='ltr'><strong>fratribus</strong></span> <span class='ocrx_word' id='word_1_111' title='bbox 1153 1169 1309 1210; x_wconf 90' lang='lat' dir='ltr'><strong>nostris</strong></span> <span class='ocrx_word' id='word_1_112' title='bbox 1343 1169 1442 1209; x_wconf 93' lang='lat' dir='ltr'><strong>olim</strong></span> <span class='ocrx_word' id='word_1_113' title='bbox 1475 1169 1517 1209; x_wconf 92' lang='lat' dir='ltr'><strong>in</strong></span> <span class='ocrx_word' id='word_1_114' title='bbox 1561 1173 1708 1209; x_wconf 91' lang='lat' dir='ltr'><strong>nostra</strong></span> <span class='ocrx_word' id='word_1_115' title='bbox 1741 1172 1784 1210; x_wconf 92' lang='lat' dir='ltr'><strong>et</strong></span> <span class='ocrx_word' id='word_1_116' title='bbox 1815 1169 2006 1223; x_wconf 89' lang='lat' dir='ltr'><strong>ipsorum</strong></span> <span class='ocrx_word' id='word_1_117' title='bbox 2040 1171 2296 1212; x_wconf 90' lang='lat' dir='ltr'><strong>constitutus</strong></span> <span class='ocrx_word' id='word_1_118' title='bbox 2327 1185 2427 1227; x_wconf 91' lang='lat' dir='ltr'><strong>pre-</strong></span> 
     </span>
     <span class='ocr_line' id='line_1_13' title="bbox 240 1237 2428 1295; baseline 0 -14"><span class='ocrx_word' id='word_1_119' title='bbox 240 1242 375 1281; x_wconf 79' lang='lat' dir='ltr'><strong>sentia</strong></span> <span class='ocrx_word' id='word_1_120' title='bbox 416 1240 615 1281; x_wconf 87' lang='lat' dir='ltr'><strong>retulisti.</strong></span> <span class='ocrx_word' id='word_1_121' title='bbox 663 1238 773 1294; x_wconf 90' lang='lat' dir='ltr'><strong>quod</strong></span> <span class='ocrx_word' id='word_1_122' title='bbox 814 1253 909 1279; x_wconf 90' lang='lat' dir='ltr'><strong>cum</strong></span> <span class='ocrx_word' id='word_1_123' title='bbox 952 1238 1005 1279; x_wconf 89' lang='lat' dir='ltr'><strong>ad</strong></span> <span class='ocrx_word' id='word_1_124' title='bbox 1052 1237 1200 1280; x_wconf 90' lang='lat' dir='ltr'><strong>sedem</strong></span> <span class='ocrx_word' id='word_1_125' title='bbox 1243 1239 1525 1293; x_wconf 90' lang='lat' dir='ltr'><strong>apostolicam</strong></span> <span class='ocrx_word' id='word_1_126' title='bbox 1558 1237 1771 1278; x_wconf 88' lang='lat' dir='ltr'><strong>veniendo</strong></span> <span class='ocrx_word' id='word_1_127' title='bbox 1813 1239 2044 1279; x_wconf 83' lang='lat' dir='ltr'><strong>transitum</strong></span> <span class='ocrx_word' id='word_1_128' title='bbox 2082 1253 2158 1294; x_wconf 91' lang='lat' dir='ltr'><strong>per</strong></span> <span class='ocrx_word' id='word_1_129' title='bbox 2189 1240 2428 1295; x_wconf 88' lang='lat' dir='ltr'><strong>principem</strong></span> 
     </span>
     <span class='ocr_line' id='line_1_14' title="bbox 239 1305 2429 1363; baseline 0 -13"><span class='ocrx_word' id='word_1_130' title='bbox 239 1309 484 1350; x_wconf 82' lang='lat' dir='ltr'><strong>habuisses.</strong></span> <span class='ocrx_word' id='word_1_131' title='bbox 525 1309 664 1363; x_wconf 89' lang='lat' dir='ltr'><strong>ipsum</strong></span> <span class='ocrx_word' id='word_1_132' title='bbox 706 1308 932 1348; x_wconf 79' lang='lat' dir='ltr'><strong>inveneras</strong></span> <span class='ocrx_word' id='word_1_133' title='bbox 971 1307 1089 1361; x_wconf 82' lang='lat' dir='ltr'><strong>pacis</strong></span> <span class='ocrx_word' id='word_1_134' title='bbox 1134 1306 1326 1356; x_wconf 87' lang='lat' dir='ltr'><strong>avidum,</strong></span> <span class='ocrx_word' id='word_1_135' title='bbox 1377 1312 1419 1347; x_wconf 89' lang='lat' dir='ltr'><strong>et</strong></span> <span class='ocrx_word' id='word_1_136' title='bbox 1464 1306 1576 1347; x_wconf 91' lang='lat' dir='ltr'><strong>sicut</strong></span> <span class='ocrx_word' id='word_1_137' title='bbox 1619 1305 1789 1347; x_wconf 81' lang='lat' dir='ltr'><strong>dixerat</strong></span> <span class='ocrx_word' id='word_1_138' title='bbox 1828 1305 1941 1347; x_wconf 90' lang='lat' dir='ltr'><strong>idem</strong></span> <span class='ocrx_word' id='word_1_139' title='bbox 1982 1306 2077 1358; x_wconf 88' lang='lat' dir='ltr'><strong>tibi,</strong></span> <span class='ocrx_word' id='word_1_140' title='bbox 2125 1313 2303 1362; x_wconf 88' lang='lat' dir='ltr'><strong>paratus</strong></span> <span class='ocrx_word' id='word_1_141' title='bbox 2336 1312 2429 1350; x_wconf 90' lang='lat' dir='ltr'><strong>erat</strong></span> 
     </span>
     <span class='ocr_line' id='line_1_15' title="bbox 238 1373 2426 1432; baseline 0 -14"><span class='ocrx_word' id='word_1_142' title='bbox 238 1379 468 1419; x_wconf 70' lang='lat' dir='ltr'><strong>observare</strong></span> <span class='ocrx_word' id='word_1_143' title='bbox 514 1391 665 1432; x_wconf 81' lang='lat' dir='ltr'><strong>pacem</strong></span> <span class='ocrx_word' id='word_1_144' title='bbox 713 1376 948 1417; x_wconf 89' lang='lat' dir='ltr'><strong>secundum</strong></span> <span class='ocrx_word' id='word_1_145' title='bbox 994 1376 1175 1416; x_wconf 88' lang='lat' dir='ltr'><strong>formam</strong></span> <span class='ocrx_word' id='word_1_146' title='bbox 1224 1375 1276 1416; x_wconf 89' lang='lat' dir='ltr'><strong>ab</strong></span> <span class='ocrx_word' id='word_1_147' title='bbox 1327 1375 1512 1416; x_wconf 90' lang='lat' dir='ltr'><strong>ecclesia</strong></span> <span class='ocrx_word' id='word_1_148' title='bbox 1556 1379 1598 1416; x_wconf 90' lang='lat' dir='ltr'><strong>et</strong></span> <span class='ocrx_word' id='word_1_149' title='bbox 1639 1373 1791 1415; x_wconf 89' lang='lat' dir='ltr'><strong>eodem</strong></span> <span class='ocrx_word' id='word_1_150' title='bbox 1832 1388 1943 1415; x_wconf 90' lang='lat' dir='ltr'><strong>anno</strong></span> <span class='ocrx_word' id='word_1_151' title='bbox 1985 1376 2181 1431; x_wconf 88' lang='lat' dir='ltr'><strong>proximo</strong></span> <span class='ocrx_word' id='word_1_152' title='bbox 2219 1378 2426 1432; x_wconf 91' lang='lat' dir='ltr'><strong>preterito</strong></span> 
     </span>
     <span class='ocr_line' id='line_1_16' title="bbox 239 1444 2424 1502; baseline 0 -15"><span class='ocrx_word' id='word_1_153' title='bbox 239 1451 529 1502; x_wconf 78' lang='lat' dir='ltr'><strong>acceptatam.</strong></span> <span class='ocrx_word' id='word_1_154' title='bbox 574 1451 616 1487; x_wconf 91' lang='lat' dir='ltr'><strong>et</strong></span> <span class='ocrx_word' id='word_1_155' title='bbox 657 1446 739 1486; x_wconf 86' lang='lat' dir='ltr'><strong>alia</strong></span> <span class='ocrx_word' id='word_1_156' title='bbox 781 1446 931 1497; x_wconf 84' lang='lat' dir='ltr'><strong>etiam,</strong></span> <span class='ocrx_word' id='word_1_157' title='bbox 973 1459 1054 1500; x_wconf 91' lang='lat' dir='ltr'><strong>que</strong></span> <span class='ocrx_word' id='word_1_158' title='bbox 1089 1459 1184 1485; x_wconf 91' lang='lat' dir='ltr'><strong>cum</strong></span> <span class='ocrx_word' id='word_1_159' title='bbox 1218 1444 1497 1499; x_wconf 86' lang='lat' dir='ltr'><strong>quorumdam</strong></span> <span class='ocrx_word' id='word_1_160' title='bbox 1536 1444 1718 1485; x_wconf 81' lang='lat' dir='ltr'><strong>fratrum</strong></span> <span class='ocrx_word' id='word_1_161' title='bbox 1757 1448 2000 1484; x_wconf 89' lang='lat' dir='ltr'><strong>nostrorum</strong></span> <span class='ocrx_word' id='word_1_162' title='bbox 2033 1444 2290 1487; x_wconf 85' lang='lat' dir='ltr'><strong>adderemus</strong></span> <span class='ocrx_word' id='word_1_163' title='bbox 2324 1459 2424 1487; x_wconf 88' lang='lat' dir='ltr'><strong>con-</strong></span> 
     </span>
     <span class='ocr_line' id='line_1_17' title="bbox 239 1512 2429 1570; baseline -0 -14"><span class='ocrx_word' id='word_1_164' title='bbox 239 1516 352 1556; x_wconf 93' lang='lat' dir='ltr'><strong>silio.</strong></span> <span class='ocrx_word' id='word_1_165' title='bbox 395 1515 646 1570; x_wconf 82' lang='lat' dir='ltr'><strong>adimplere.</strong></span> <span class='ocrx_word' id='word_1_166' title='bbox 714 1514 802 1555; x_wconf 84' lang='lat' dir='ltr'><strong>Nos</strong></span> <span class='ocrx_word' id='word_1_167' title='bbox 847 1518 989 1554; x_wconf 88' lang='lat' dir='ltr'><strong>autem</strong></span> <span class='ocrx_word' id='word_1_168' title='bbox 1037 1514 1199 1554; x_wconf 89' lang='lat' dir='ltr'><strong>nullum</strong></span> <span class='ocrx_word' id='word_1_169' title='bbox 1253 1513 1511 1568; x_wconf 72' lang='lat' dir='ltr'><strong>specialiter,</strong></span> <span class='ocrx_word' id='word_1_170' title='bbox 1554 1513 1625 1567; x_wconf 92' lang='lat' dir='ltr'><strong>qui</strong></span> <span class='ocrx_word' id='word_1_171' title='bbox 1668 1525 1795 1567; x_wconf 87' lang='lat' dir='ltr'><strong>super</strong></span> <span class='ocrx_word' id='word_1_172' title='bbox 1835 1512 1917 1553; x_wconf 90' lang='lat' dir='ltr'><strong>hiis</strong></span> <span class='ocrx_word' id='word_1_173' title='bbox 1957 1513 2070 1554; x_wconf 85' lang='lat' dir='ltr'><strong>inter</strong></span> <span class='ocrx_word' id='word_1_174' title='bbox 2113 1514 2343 1555; x_wconf 90' lang='lat' dir='ltr'><strong>ecclesiam</strong></span> <span class='ocrx_word' id='word_1_175' title='bbox 2385 1519 2429 1555; x_wconf 90' lang='lat' dir='ltr'><strong>et</strong></span> 
     </span>
     <span class='ocr_line' id='line_1_18' title="bbox 239 1581 2426 1638; baseline 0 -14"><span class='ocrx_word' id='word_1_176' title='bbox 239 1584 474 1638; x_wconf 84' lang='lat' dir='ltr'><strong>principem</strong></span> <span class='ocrx_word' id='word_1_177' title='bbox 516 1584 657 1638; x_wconf 88' lang='lat' dir='ltr'><strong>ipsum</strong></span> <span class='ocrx_word' id='word_1_178' title='bbox 699 1587 925 1623; x_wconf 81' lang='lat' dir='ltr'><strong>tractaret.</strong></span> <span class='ocrx_word' id='word_1_179' title='bbox 971 1582 1170 1622; x_wconf 83' lang='lat' dir='ltr'><strong>duximus</strong></span> <span class='ocrx_word' id='word_1_180' title='bbox 1204 1581 1514 1637; x_wconf 90' lang='lat' dir='ltr'><strong>deputandum.</strong></span> <span class='ocrx_word' id='word_1_181' title='bbox 1576 1581 1778 1621; x_wconf 80' lang='lat' dir='ltr'><strong>Diximus</strong></span> <span class='ocrx_word' id='word_1_182' title='bbox 1818 1581 1897 1621; x_wconf 89' lang='lat' dir='ltr'><strong>tibi</strong></span> <span class='ocrx_word' id='word_1_183' title='bbox 1929 1585 2095 1633; x_wconf 87' lang='lat' dir='ltr'><strong>tamen,</strong></span> <span class='ocrx_word' id='word_1_184' title='bbox 2137 1595 2233 1622; x_wconf 92' lang='lat' dir='ltr'><strong>cum</strong></span> <span class='ocrx_word' id='word_1_185' title='bbox 2267 1597 2291 1623; x_wconf 89' lang='lat' dir='ltr'><strong>a</strong></span> <span class='ocrx_word' id='word_1_186' title='bbox 2324 1582 2426 1624; x_wconf 85' lang='lat' dir='ltr'><strong>sede</strong></span> 
     </span>
     <span class='ocr_line' id='line_1_19' title="bbox 239 1649 2429 1706; baseline -0.001 -13"><span class='ocrx_word' id='word_1_187' title='bbox 239 1653 454 1693; x_wconf 85' lang='lat' dir='ltr'><strong>recessisti</strong></span> <span class='ocrx_word' id='word_1_188' title='bbox 485 1651 691 1706; x_wconf 88' lang='lat' dir='ltr'><strong>predicta.</strong></span> <span class='ocrx_word' id='word_1_189' title='bbox 727 1651 837 1706; x_wconf 93' lang='lat' dir='ltr'><strong>quod</strong></span> <span class='ocrx_word' id='word_1_190' title='bbox 861 1656 1113 1706; x_wconf 81' lang='lat' dir='ltr'><strong>acceptaret</strong></span> <span class='ocrx_word' id='word_1_191' title='bbox 1136 1651 1334 1701; x_wconf 80' lang='lat' dir='ltr'><strong>ecclesia,</strong></span> <span class='ocrx_word' id='word_1_192' title='bbox 1370 1651 1405 1691; x_wconf 92' lang='lat' dir='ltr'><strong>si</strong></span> <span class='ocrx_word' id='word_1_193' title='bbox 1426 1650 1618 1705; x_wconf 86' lang='lat' dir='ltr'><strong>prefatus</strong></span> <span class='ocrx_word' id='word_1_194' title='bbox 1642 1650 1843 1704; x_wconf 87' lang='lat' dir='ltr'><strong>princeps</strong></span> <span class='ocrx_word' id='word_1_195' title='bbox 1867 1649 1998 1690; x_wconf 85' lang='lat' dir='ltr'><strong>vellet</strong></span> <span class='ocrx_word' id='word_1_196' title='bbox 2018 1650 2231 1704; x_wconf 88' lang='lat' dir='ltr'><strong>premissa</strong></span> <span class='ocrx_word' id='word_1_197' title='bbox 2253 1651 2429 1692; x_wconf 89' lang='lat' dir='ltr'><strong>effectui</strong></span> 
     </span>
     <span class='ocr_line' id='line_1_20' title="bbox 239 1718 2430 1775; baseline -0.001 -13"><span class='ocrx_word' id='word_1_198' title='bbox 239 1720 518 1762; x_wconf 81' lang='lat' dir='ltr'><strong>demandare.</strong></span> <span class='ocrx_word' id='word_1_199' title='bbox 566 1720 763 1775; x_wconf 89' lang='lat' dir='ltr'><strong>quodque</strong></span> <span class='ocrx_word' id='word_1_200' title='bbox 812 1720 945 1775; x_wconf 88' lang='lat' dir='ltr'><strong>ipsius</strong></span> <span class='ocrx_word' id='word_1_201' title='bbox 989 1720 1192 1775; x_wconf 90' lang='lat' dir='ltr'><strong>principis</strong></span> <span class='ocrx_word' id='word_1_202' title='bbox 1236 1720 1279 1759; x_wconf 89' lang='lat' dir='ltr'><strong>in</strong></span> <span class='ocrx_word' id='word_1_203' title='bbox 1320 1719 1400 1759; x_wconf 86' lang='lat' dir='ltr'><strong>hac</strong></span> <span class='ocrx_word' id='word_1_204' title='bbox 1442 1723 1564 1773; x_wconf 90' lang='lat' dir='ltr'><strong>parte</strong></span> <span class='ocrx_word' id='word_1_205' title='bbox 1609 1718 1731 1758; x_wconf 89' lang='lat' dir='ltr'><strong>nobis</strong></span> <span class='ocrx_word' id='word_1_206' title='bbox 1763 1718 2022 1759; x_wconf 87' lang='lat' dir='ltr'><strong>rescriberes</strong></span> <span class='ocrx_word' id='word_1_207' title='bbox 2057 1718 2344 1767; x_wconf 89' lang='lat' dir='ltr'><strong>voluntatem;</strong></span> <span class='ocrx_word' id='word_1_208' title='bbox 2386 1724 2430 1760; x_wconf 91' lang='lat' dir='ltr'><strong>et</strong></span> 
     </span>
     <span class='ocr_line' id='line_1_21' title="bbox 239 1785 2426 1844; baseline -0.001 -14"><span class='ocrx_word' id='word_1_209' title='bbox 239 1791 366 1830; x_wconf 91' lang='lat' dir='ltr'><strong>certis</strong></span> <span class='ocrx_word' id='word_1_210' title='bbox 398 1790 595 1844; x_wconf 87' lang='lat' dir='ltr'><strong>personis</strong></span> <span class='ocrx_word' id='word_1_211' title='bbox 627 1790 783 1830; x_wconf 83' lang='lat' dir='ltr'><strong>litteris</strong></span> <span class='ocrx_word' id='word_1_212' title='bbox 808 1790 964 1830; x_wconf 90' lang='lat' dir='ltr'><strong>nostris</strong></span> <span class='ocrx_word' id='word_1_213' title='bbox 987 1788 1265 1839; x_wconf 86' lang='lat' dir='ltr'><strong>iniunximus,</strong></span> <span class='ocrx_word' id='word_1_214' title='bbox 1299 1801 1405 1842; x_wconf 90' lang='lat' dir='ltr'><strong>quas</strong></span> <span class='ocrx_word' id='word_1_215' title='bbox 1429 1800 1505 1842; x_wconf 88' lang='lat' dir='ltr'><strong>per</strong></span> <span class='ocrx_word' id='word_1_216' title='bbox 1526 1786 1730 1827; x_wconf 89' lang='lat' dir='ltr'><strong>dilectum</strong></span> <span class='ocrx_word' id='word_1_217' title='bbox 1758 1786 1894 1826; x_wconf 91' lang='lat' dir='ltr'><strong>filium</strong></span> <span class='ocrx_word' id='word_1_218' title='bbox 1921 1785 2094 1827; x_wconf 89' lang='lat' dir='ltr'><strong>fratrem</strong></span> <span class='ocrx_word' id='word_1_219' title='bbox 2116 1786 2151 1827; x_wconf 89' lang='lat' dir='ltr'><strong>I.</strong></span> <span class='ocrx_word' id='word_1_220' title='bbox 2174 1786 2227 1828; x_wconf 91' lang='lat' dir='ltr'><strong>de</strong></span> <span class='ocrx_word' id='word_1_221' title='bbox 2250 1787 2426 1828; x_wconf 83' lang='lat' dir='ltr'><strong>Boian.b</strong></span> 
     </span>
     <span class='ocr_line' id='line_1_22' title="bbox 239 1854 2426 1911; baseline -0.001 -12"><span class='ocrx_word' id='word_1_222' title='bbox 239 1859 493 1900; x_wconf 85' lang='lat' dir='ltr'><strong>familiarem</strong></span> <span class='ocrx_word' id='word_1_223' title='bbox 524 1864 717 1899; x_wconf 86' lang='lat' dir='ltr'><strong>nostrum</strong></span> <span class='ocrx_word' id='word_1_224' title='bbox 751 1858 951 1898; x_wconf 86' lang='lat' dir='ltr'><strong>duximus</strong></span> <span class='ocrx_word' id='word_1_225' title='bbox 986 1856 1287 1906; x_wconf 88' lang='lat' dir='ltr'><strong>destinandas,</strong></span> <span class='ocrx_word' id='word_1_226' title='bbox 1321 1857 1425 1897; x_wconf 90' lang='lat' dir='ltr'><strong>alias</strong></span> <span class='ocrx_word' id='word_1_227' title='bbox 1459 1856 1537 1896; x_wconf 89' lang='lat' dir='ltr'><strong>tibi</strong></span> <span class='ocrx_word' id='word_1_228' title='bbox 1571 1869 1699 1911; x_wconf 90' lang='lat' dir='ltr'><strong>super</strong></span> <span class='ocrx_word' id='word_1_229' title='bbox 1730 1854 1810 1895; x_wconf 92' lang='lat' dir='ltr'><strong>hoc</strong></span> <span class='ocrx_word' id='word_1_230' title='bbox 1842 1855 2008 1895; x_wconf 83' lang='lat' dir='ltr'><strong>litteras</strong></span> <span class='ocrx_word' id='word_1_231' title='bbox 2039 1855 2278 1909; x_wconf 86' lang='lat' dir='ltr'><strong>dirigendo,</strong></span> <span class='ocrx_word' id='word_1_232' title='bbox 2310 1861 2358 1896; x_wconf 94' lang='lat' dir='ltr'><strong>ut</strong></span> <span class='ocrx_word' id='word_1_233' title='bbox 2391 1857 2426 1897; x_wconf 90' lang='lat' dir='ltr'><strong>si</strong></span> 
     </span>
     <span class='ocr_line' id='line_1_23' title="bbox 239 1923 2427 1982; baseline -0.001 -14"><span class='ocrx_word' id='word_1_234' title='bbox 239 1927 376 1968; x_wconf 90' lang='lat' dir='ltr'><strong>dictus</strong></span> <span class='ocrx_word' id='word_1_235' title='bbox 410 1928 608 1982; x_wconf 87' lang='lat' dir='ltr'><strong>princeps</strong></span> <span class='ocrx_word' id='word_1_236' title='bbox 641 1932 800 1968; x_wconf 86' lang='lat' dir='ltr'><strong>terram</strong></span> <span class='ocrx_word' id='word_1_237' title='bbox 834 1926 1020 1967; x_wconf 88' lang='lat' dir='ltr'><strong>ecclesie</strong></span> <span class='ocrx_word' id='word_1_238' title='bbox 1054 1926 1315 1977; x_wconf 83' lang='lat' dir='ltr'><strong>restitueret,</strong></span> <span class='ocrx_word' id='word_1_239' title='bbox 1350 1925 1488 1980; x_wconf 88' lang='lat' dir='ltr'><strong>ipsam</strong></span> <span class='ocrx_word' id='word_1_240' title='bbox 1522 1929 1668 1965; x_wconf 88' lang='lat' dir='ltr'><strong>nostro</strong></span> <span class='ocrx_word' id='word_1_241' title='bbox 1701 1923 1874 1964; x_wconf 89' lang='lat' dir='ltr'><strong>nomine</strong></span> <span class='ocrx_word' id='word_1_242' title='bbox 1907 1924 2098 1978; x_wconf 86' lang='lat' dir='ltr'><strong>recipere</strong></span> <span class='ocrx_word' id='word_1_243' title='bbox 2130 1930 2427 1979; x_wconf 87' lang='lat' dir='ltr'><strong>procurarent.</strong></span> 
     </span>
     <span class='ocr_line' id='line_1_24' title="bbox 238 1991 2428 2049; baseline -0.001 -12"><span class='ocrx_word' id='word_1_244' title='bbox 238 1997 302 2037; x_wconf 89' lang='lat' dir='ltr'><strong>Tu</strong></span> <span class='ocrx_word' id='word_1_245' title='bbox 336 2011 435 2037; x_wconf 70' lang='lat' dir='ltr'><strong>vero</strong></span> <span class='ocrx_word' id='word_1_246' title='bbox 467 1997 596 2037; x_wconf 90' lang='lat' dir='ltr'><strong>nichil</strong></span> <span class='ocrx_word' id='word_1_247' title='bbox 630 2001 792 2037; x_wconf 91' lang='lat' dir='ltr'><strong>certum</strong></span> <span class='ocrx_word' id='word_1_248' title='bbox 829 2009 957 2049; x_wconf 91' lang='lat' dir='ltr'><strong>super</strong></span> <span class='ocrx_word' id='word_1_249' title='bbox 1000 1994 1081 2035; x_wconf 85' lang='lat' dir='ltr'><strong>hiis</strong></span> <span class='ocrx_word' id='word_1_250' title='bbox 1118 1995 1291 2049; x_wconf 90' lang='lat' dir='ltr'><strong>penitus</strong></span> <span class='ocrx_word' id='word_1_251' title='bbox 1332 1993 1613 2048; x_wconf 88' lang='lat' dir='ltr'><strong>rescripsisti,</strong></span> <span class='ocrx_word' id='word_1_252' title='bbox 1657 1992 1731 2033; x_wconf 90' lang='lat' dir='ltr'><strong>sed</strong></span> <span class='ocrx_word' id='word_1_253' title='bbox 1764 1991 1877 2047; x_wconf 88' lang='lat' dir='ltr'><strong>quod</strong></span> <span class='ocrx_word' id='word_1_254' title='bbox 1909 1992 1962 2032; x_wconf 86' lang='lat' dir='ltr'><strong>ad</strong></span> <span class='ocrx_word' id='word_1_255' title='bbox 1996 1993 2428 2048; x_wconf 89' lang='lat' dir='ltr'><strong>compromittendum</strong></span> 
     </span>
     <span class='ocr_line' id='line_1_25' title="bbox 239 2060 2424 2120; baseline -0.001 -14"><span class='ocrx_word' id='word_1_256' title='bbox 239 2080 368 2120; x_wconf 90' lang='lat' dir='ltr'><strong>super</strong></span> <span class='ocrx_word' id='word_1_257' title='bbox 399 2066 572 2119; x_wconf 81' lang='lat' dir='ltr'><strong>negotio</strong></span> <span class='ocrx_word' id='word_1_258' title='bbox 605 2064 943 2105; x_wconf 87' lang='lat' dir='ltr'><strong>Lombardorum</strong></span> <span class='ocrx_word' id='word_1_259' title='bbox 975 2065 1018 2104; x_wconf 89' lang='lat' dir='ltr'><strong>in</strong></span> <span class='ocrx_word' id='word_1_260' title='bbox 1050 2077 1128 2104; x_wconf 88' lang='lat' dir='ltr'><strong>nos</strong></span> <span class='ocrx_word' id='word_1_261' title='bbox 1163 2067 1204 2104; x_wconf 90' lang='lat' dir='ltr'><strong>et</strong></span> <span class='ocrx_word' id='word_1_262' title='bbox 1237 2062 1444 2117; x_wconf 89' lang='lat' dir='ltr'><strong>quosdam</strong></span> <span class='ocrx_word' id='word_1_263' title='bbox 1478 2063 1584 2103; x_wconf 90' lang='lat' dir='ltr'><strong>alios</strong></span> <span class='ocrx_word' id='word_1_264' title='bbox 1617 2061 1798 2102; x_wconf 87' lang='lat' dir='ltr'><strong>arbitros</strong></span> <span class='ocrx_word' id='word_1_265' title='bbox 1832 2060 1945 2101; x_wconf 90' lang='lat' dir='ltr'><strong>idem</strong></span> <span class='ocrx_word' id='word_1_266' title='bbox 1978 2061 2176 2116; x_wconf 89' lang='lat' dir='ltr'><strong>princeps</strong></span> <span class='ocrx_word' id='word_1_267' title='bbox 2200 2061 2355 2103; x_wconf 88' lang='lat' dir='ltr'><strong>obtulit</strong></span> <span class='ocrx_word' id='word_1_268' title='bbox 2379 2077 2424 2104; x_wconf 92' lang='lat' dir='ltr'><strong>se</strong></span> 
     </span>
     <span class='ocr_line' id='line_1_26' title="bbox 235 2130 2424 2189; baseline -0.001 -15"><span class='ocrx_word' id='word_1_269' title='bbox 235 2141 444 2189; x_wconf 83' lang='lat' dir='ltr'><strong>paratum.</strong></span> <span class='ocrx_word' id='word_1_270' title='bbox 479 2134 737 2189; x_wconf 77' lang='lat' dir='ltr'><strong>excepitque</strong></span> <span class='ocrx_word' id='word_1_271' title='bbox 771 2146 921 2188; x_wconf 88' lang='lat' dir='ltr'><strong>pacem</strong></span> <span class='ocrx_word' id='word_1_272' title='bbox 957 2131 1224 2183; x_wconf 84' lang='lat' dir='ltr'><strong>Constantie,</strong></span> <span class='ocrx_word' id='word_1_273' title='bbox 1260 2145 1387 2186; x_wconf 88' lang='lat' dir='ltr'><strong>quam</strong></span> <span class='ocrx_word' id='word_1_274' title='bbox 1422 2145 1594 2186; x_wconf 90' lang='lat' dir='ltr'><strong>semper</strong></span> <span class='ocrx_word' id='word_1_275' title='bbox 1625 2144 1670 2170; x_wconf 92' lang='lat' dir='ltr'><strong>se</strong></span> <span class='ocrx_word' id='word_1_276' title='bbox 1704 2130 1860 2170; x_wconf 87' lang='lat' dir='ltr'><strong>asserit</strong></span> <span class='ocrx_word' id='word_1_277' title='bbox 1892 2130 2131 2184; x_wconf 78' lang='lat' dir='ltr'><strong>excepisse,</strong></span> <span class='ocrx_word' id='word_1_278' title='bbox 2165 2144 2214 2170; x_wconf 90' lang='lat' dir='ltr'><strong>ac</strong></span> <span class='ocrx_word' id='word_1_279' title='bbox 2235 2135 2282 2171; x_wconf 90' lang='lat' dir='ltr'><strong>ut</strong></span> <span class='ocrx_word' id='word_1_280' title='bbox 2304 2131 2424 2185; x_wconf 91' lang='lat' dir='ltr'><strong>prin-</strong></span> 
     </span>
     <span class='ocr_line' id='line_1_27' title="bbox 238 2199 2431 2257; baseline -0.001 -14"><span class='ocrx_word' id='word_1_281' title='bbox 238 2203 404 2257; x_wconf 89' lang='lat' dir='ltr'><strong>cipibus</strong></span> <span class='ocrx_word' id='word_1_282' title='bbox 455 2203 625 2257; x_wconf 90' lang='lat' dir='ltr'><strong>imperii</strong></span> <span class='ocrx_word' id='word_1_283' title='bbox 667 2208 708 2242; x_wconf 86' lang='lat' dir='ltr'><strong>ct</strong></span> <span class='ocrx_word' id='word_1_284' title='bbox 754 2203 849 2242; x_wconf 84' lang='lat' dir='ltr'><strong>aliis</strong></span> <span class='ocrx_word' id='word_1_285' title='bbox 891 2201 1058 2242; x_wconf 84' lang='lat' dir='ltr'><strong>clericis</strong></span> <span class='ocrx_word' id='word_1_286' title='bbox 1099 2204 1142 2240; x_wconf 90' lang='lat' dir='ltr'><strong>et</strong></span> <span class='ocrx_word' id='word_1_287' title='bbox 1187 2201 1308 2241; x_wconf 90' lang='lat' dir='ltr'><strong>laicis</strong></span> <span class='ocrx_word' id='word_1_288' title='bbox 1350 2200 1542 2255; x_wconf 87' lang='lat' dir='ltr'><strong>plenarie</strong></span> <span class='ocrx_word' id='word_1_289' title='bbox 1586 2203 1772 2240; x_wconf 84' lang='lat' dir='ltr'><strong>nostram</strong></span> <span class='ocrx_word' id='word_1_290' title='bbox 1813 2199 2092 2239; x_wconf 87' lang='lat' dir='ltr'><strong>restituamus</strong></span> <span class='ocrx_word' id='word_1_291' title='bbox 2135 2200 2340 2253; x_wconf 84' lang='lat' dir='ltr'><strong>gratiam,</strong></span> <span class='ocrx_word' id='word_1_292' title='bbox 2387 2200 2431 2240; x_wconf 91' lang='lat' dir='ltr'><strong>in</strong></span> 
     </span>
     <span class='ocr_line' id='line_1_28' title="bbox 239 2267 2431 2326; baseline -0.001 -15"><span class='ocrx_word' id='word_1_293' title='bbox 239 2286 407 2312; x_wconf 84' lang='lat' dir='ltr'><strong>omnem</strong></span> <span class='ocrx_word' id='word_1_294' title='bbox 442 2276 642 2312; x_wconf 81' lang='lat' dir='ltr'><strong>eventum</strong></span> <span class='ocrx_word' id='word_1_295' title='bbox 677 2271 891 2326; x_wconf 81' lang='lat' dir='ltr'><strong>exposcit:</strong></span> <span class='ocrx_word' id='word_1_296' title='bbox 925 2270 977 2311; x_wconf 90' lang='lat' dir='ltr'><strong>de</strong></span> <span class='ocrx_word' id='word_1_297' title='bbox 1012 2270 1166 2324; x_wconf 90' lang='lat' dir='ltr'><strong>quibus</strong></span> <span class='ocrx_word' id='word_1_298' title='bbox 1195 2270 1236 2309; x_wconf 90' lang='lat' dir='ltr'><strong>in</strong></span> <span class='ocrx_word' id='word_1_299' title='bbox 1269 2268 1463 2324; x_wconf 89' lang='lat' dir='ltr'><strong>predicta</strong></span> <span class='ocrx_word' id='word_1_300' title='bbox 1486 2268 1624 2308; x_wconf 90' lang='lat' dir='ltr'><strong>forma</strong></span> <span class='ocrx_word' id='word_1_301' title='bbox 1648 2268 1767 2323; x_wconf 91' lang='lat' dir='ltr'><strong>pacis</strong></span> <span class='ocrx_word' id='word_1_302' title='bbox 1792 2267 1951 2309; x_wconf 90' lang='lat' dir='ltr'><strong>mentio</strong></span> <span class='ocrx_word' id='word_1_303' title='bbox 1975 2267 2120 2321; x_wconf 87' lang='lat' dir='ltr'><strong>aliqua</strong></span> <span class='ocrx_word' id='word_1_304' title='bbox 2141 2281 2224 2307; x_wconf 89' lang='lat' dir='ltr'><strong>non</strong></span> <span class='ocrx_word' id='word_1_305' title='bbox 2247 2267 2431 2309; x_wconf 87' lang='lat' dir='ltr'><strong>habetur</strong></span> 
     </span>
     <span class='ocr_line' id='line_1_29' title="bbox 238 2337 2429 2393; baseline -0 -14"><span class='ocrx_word' id='word_1_306' title='bbox 238 2354 315 2381; x_wconf 84' lang='lat' dir='ltr'><strong>nec</strong></span> <span class='ocrx_word' id='word_1_307' title='bbox 348 2346 490 2381; x_wconf 88' lang='lat' dir='ltr'><strong>tecum</strong></span> <span class='ocrx_word' id='word_1_308' title='bbox 522 2340 793 2381; x_wconf 89' lang='lat' dir='ltr'><strong>meminimus</strong></span> <span class='ocrx_word' id='word_1_309' title='bbox 826 2353 903 2380; x_wconf 90' lang='lat' dir='ltr'><strong>nos</strong></span> <span class='ocrx_word' id='word_1_310' title='bbox 936 2345 1159 2380; x_wconf 89' lang='lat' dir='ltr'><strong>tractasse.</strong></span> <span class='ocrx_word' id='word_1_311' title='bbox 1221 2338 1278 2379; x_wconf 90' lang='lat' dir='ltr'><strong>Et</strong></span> <span class='ocrx_word' id='word_1_312' title='bbox 1311 2352 1568 2393; x_wconf 89' lang='lat' dir='ltr'><strong>quamquam</strong></span> <span class='ocrx_word' id='word_1_313' title='bbox 1601 2337 1702 2378; x_wconf 92' lang='lat' dir='ltr'><strong>olim</strong></span> <span class='ocrx_word' id='word_1_314' title='bbox 1734 2337 1778 2376; x_wconf 92' lang='lat' dir='ltr'><strong>in</strong></span> <span class='ocrx_word' id='word_1_315' title='bbox 1816 2340 2003 2377; x_wconf 88' lang='lat' dir='ltr'><strong>tractatu</strong></span> <span class='ocrx_word' id='word_1_316' title='bbox 2043 2337 2160 2391; x_wconf 87' lang='lat' dir='ltr'><strong>pacis</strong></span> <span class='ocrx_word' id='word_1_317' title='bbox 2192 2350 2268 2391; x_wconf 91' lang='lat' dir='ltr'><strong>pro</strong></span> <span class='ocrx_word' id='word_1_318' title='bbox 2301 2337 2429 2378; x_wconf 92' lang='lat' dir='ltr'><strong>huius</strong></span> 
     </span>
     <span class='ocr_line' id='line_1_30' title="bbox 240 2405 2427 2464; baseline -0.002 -14"><span class='ocrx_word' id='word_1_319' title='bbox 240 2411 513 2450; x_wconf 89' lang='lat' dir='ltr'><strong>restitutione</strong></span> <span class='ocrx_word' id='word_1_320' title='bbox 553 2410 690 2463; x_wconf 84' lang='lat' dir='ltr'><strong>gratie</strong></span> <span class='ocrx_word' id='word_1_321' title='bbox 732 2408 950 2463; x_wconf 87' lang='lat' dir='ltr'><strong>predictus</strong></span> <span class='ocrx_word' id='word_1_322' title='bbox 993 2409 1192 2464; x_wconf 89' lang='lat' dir='ltr'><strong>princeps</strong></span> <span class='ocrx_word' id='word_1_323' title='bbox 1231 2408 1345 2463; x_wconf 88' lang='lat' dir='ltr'><strong>apud</strong></span> <span class='ocrx_word' id='word_1_324' title='bbox 1386 2421 1463 2448; x_wconf 91' lang='lat' dir='ltr'><strong>nos</strong></span> <span class='ocrx_word' id='word_1_325' title='bbox 1504 2407 1654 2448; x_wconf 87' lang='lat' dir='ltr'><strong>instari</strong></span> <span class='ocrx_word' id='word_1_326' title='bbox 1694 2405 1866 2456; x_wconf 89' lang='lat' dir='ltr'><strong>fecerit,</strong></span> <span class='ocrx_word' id='word_1_327' title='bbox 1912 2418 2183 2459; x_wconf 86' lang='lat' dir='ltr'><strong>nequaquam</strong></span> <span class='ocrx_word' id='word_1_328' title='bbox 2223 2409 2371 2447; x_wconf 89' lang='lat' dir='ltr'><strong>tamen</strong></span> <span class='ocrx_word' id='word_1_329' title='bbox 2402 2419 2427 2446; x_wconf 87' lang='lat' dir='ltr'><strong>a</strong></span> 
     </span>
     <span class='ocr_line' id='line_1_31' title="bbox 238 2474 2424 2532; baseline -0.001 -15"><span class='ocrx_word' id='word_1_330' title='bbox 238 2478 360 2518; x_wconf 91' lang='lat' dir='ltr'><strong>nobis</strong></span> <span class='ocrx_word' id='word_1_331' title='bbox 393 2479 532 2532; x_wconf 85' lang='lat' dir='ltr'><strong>potuit</strong></span> <span class='ocrx_word' id='word_1_332' title='bbox 565 2478 763 2529; x_wconf 78' lang='lat' dir='ltr'><strong>obtineri,</strong></span> <span class='ocrx_word' id='word_1_333' title='bbox 797 2492 892 2519; x_wconf 92' lang='lat' dir='ltr'><strong>cum</strong></span> <span class='ocrx_word' id='word_1_334' title='bbox 925 2491 1002 2518; x_wconf 92' lang='lat' dir='ltr'><strong>nec</strong></span> <span class='ocrx_word' id='word_1_335' title='bbox 1036 2478 1204 2518; x_wconf 86' lang='lat' dir='ltr'><strong>clericis</strong></span> <span class='ocrx_word' id='word_1_336' title='bbox 1238 2491 1376 2532; x_wconf 91' lang='lat' dir='ltr'><strong>neque</strong></span> <span class='ocrx_word' id='word_1_337' title='bbox 1409 2477 1529 2518; x_wconf 89' lang='lat' dir='ltr'><strong>laicis</strong></span> <span class='ocrx_word' id='word_1_338' title='bbox 1562 2489 1696 2531; x_wconf 88' lang='lat' dir='ltr'><strong>penas</strong></span> <span class='ocrx_word' id='word_1_339' title='bbox 1728 2475 1976 2530; x_wconf 87' lang='lat' dir='ltr'><strong>spirituales</strong></span> <span class='ocrx_word' id='word_1_340' title='bbox 2010 2474 2228 2515; x_wconf 89' lang='lat' dir='ltr'><strong>remittere</strong></span> <span class='ocrx_word' id='word_1_341' title='bbox 2261 2475 2424 2529; x_wconf 87' lang='lat' dir='ltr'><strong>aliqua-</strong></span> 
     </span>
     <span class='ocr_line' id='line_1_32' title="bbox 240 2542 2427 2601; baseline -0.001 -15"><span class='ocrx_word' id='word_1_342' title='bbox 240 2552 366 2587; x_wconf 86' lang='lat' dir='ltr'><strong>tenus</strong></span> <span class='ocrx_word' id='word_1_343' title='bbox 399 2546 693 2587; x_wconf 88' lang='lat' dir='ltr'><strong>intendamus:</strong></span> <span class='ocrx_word' id='word_1_344' title='bbox 736 2546 849 2587; x_wconf 90' lang='lat' dir='ltr'><strong>unde</strong></span> <span class='ocrx_word' id='word_1_345' title='bbox 882 2546 1112 2601; x_wconf 89' lang='lat' dir='ltr'><strong>plurimum</strong></span> <span class='ocrx_word' id='word_1_346' title='bbox 1149 2560 1378 2601; x_wconf 88' lang='lat' dir='ltr'><strong>possumus</strong></span> <span class='ocrx_word' id='word_1_347' title='bbox 1412 2545 1627 2586; x_wconf 90' lang='lat' dir='ltr'><strong>admirari.</strong></span> <span class='ocrx_word' id='word_1_348' title='bbox 1689 2543 1853 2584; x_wconf 89' lang='lat' dir='ltr'><strong>Verum</strong></span> <span class='ocrx_word' id='word_1_349' title='bbox 1887 2543 1987 2597; x_wconf 89' lang='lat' dir='ltr'><strong>quia</strong></span> <span class='ocrx_word' id='word_1_350' title='bbox 2028 2556 2180 2597; x_wconf 87' lang='lat' dir='ltr'><strong>pacem</strong></span> <span class='ocrx_word' id='word_1_351' title='bbox 2213 2542 2427 2598; x_wconf 86' lang='lat' dir='ltr'><strong>diligimus</strong></span> 
     </span>
     <span class='ocr_line' id='line_1_33' title="bbox 241 2611 2428 2670; baseline -0.001 -15"><span class='ocrx_word' id='word_1_352' title='bbox 241 2622 282 2655; x_wconf 92' lang='lat' dir='ltr'><strong>et</strong></span> <span class='ocrx_word' id='word_1_353' title='bbox 316 2615 572 2656; x_wconf 90' lang='lat' dir='ltr'><strong>discordiam</strong></span> <span class='ocrx_word' id='word_1_354' title='bbox 597 2616 792 2670; x_wconf 88' lang='lat' dir='ltr'><strong>cupimus</strong></span> <span class='ocrx_word' id='word_1_355' title='bbox 817 2615 993 2665; x_wconf 81' lang='lat' dir='ltr'><strong>evitare,</strong></span> <span class='ocrx_word' id='word_1_356' title='bbox 1027 2620 1352 2669; x_wconf 88' lang='lat' dir='ltr'><strong>acceptaremus</strong></span> <span class='ocrx_word' id='word_1_357' title='bbox 1375 2613 1530 2662; x_wconf 86' lang='lat' dir='ltr'><strong>adhuc,</strong></span> <span class='ocrx_word' id='word_1_358' title='bbox 1564 2613 1599 2653; x_wconf 91' lang='lat' dir='ltr'><strong>si</strong></span> <span class='ocrx_word' id='word_1_359' title='bbox 1621 2615 1885 2653; x_wconf 87' lang='lat' dir='ltr'><strong>memoratus</strong></span> <span class='ocrx_word' id='word_1_360' title='bbox 1908 2611 2111 2666; x_wconf 89' lang='lat' dir='ltr'><strong>princeps</strong></span> <span class='ocrx_word' id='word_1_361' title='bbox 2134 2626 2286 2666; x_wconf 88' lang='lat' dir='ltr'><strong>pacem</strong></span> <span class='ocrx_word' id='word_1_362' title='bbox 2308 2612 2428 2653; x_wconf 86' lang='lat' dir='ltr'><strong>iuxta</strong></span> 
     </span>
     <span class='ocr_line' id='line_1_34' title="bbox 238 2672 2428 2739; baseline -0.002 -14"><span class='ocrx_word' id='word_1_363' title='bbox 238 2684 450 2739; x_wconf 85' lang='lat' dir='ltr'><strong>prefatam</strong></span> <span class='ocrx_word' id='word_1_364' title='bbox 483 2684 663 2724; x_wconf 89' lang='lat' dir='ltr'><strong>formam</strong></span> <span class='ocrx_word' id='word_1_365' title='bbox 695 2684 924 2725; x_wconf 84' lang='lat' dir='ltr'><strong>observare</strong></span> <span class='ocrx_word' id='word_1_366' title='bbox 958 2683 1149 2725; x_wconf 89' lang='lat' dir='ltr'><strong>studeret</strong></span> <span class='ocrx_word' id='word_1_367' title='bbox 1183 2689 1225 2724; x_wconf 85' lang='lat' dir='ltr'><strong>et</strong></span> <span class='ocrx_word' id='word_1_368' title='bbox 1257 2688 1345 2724; x_wconf 91' lang='lat' dir='ltr'><strong>tam</strong></span> <span class='ocrx_word' id='word_1_369' title='bbox 1368 2684 1481 2724; x_wconf 85' lang='lat' dir='ltr'><strong>viros</strong></span> <span class='ocrx_word' id='word_1_370' title='bbox 1505 2682 1820 2724; x_wconf 88' lang='lat' dir='ltr'><strong>ecclesiasticos</strong></span> <span class='ocrx_word' id='word_1_371' title='bbox 1845 2694 1970 2735; x_wconf 89' lang='lat' dir='ltr'><strong>quam</strong></span> <span class='ocrx_word' id='word_1_372' title='bbox 1995 2680 2114 2732; x_wconf 89' lang='lat' dir='ltr'><strong>alios,</strong></span> <span class='ocrx_word' id='word_1_373' title='bbox 2148 2672 2219 2734; x_wconf 85' lang='lat' dir='ltr'><strong>qui</strong></span> <span class='ocrx_word' id='word_1_374' title='bbox 2241 2680 2428 2721; x_wconf 87' lang='lat' dir='ltr'><strong>ecclesie</strong></span> 
     </span>
     <span class='ocr_line' id='line_1_35' title="bbox 239 2749 2427 2808; baseline -0.002 -15"><span class='ocrx_word' id='word_1_375' title='bbox 239 2752 505 2794; x_wconf 85' lang='lat' dir='ltr'><strong>adheserunt</strong></span> <span class='ocrx_word' id='word_1_376' title='bbox 538 2760 581 2793; x_wconf 87' lang='lat' dir='ltr'><strong>et</strong></span> <span class='ocrx_word' id='word_1_377' title='bbox 624 2752 870 2793; x_wconf 89' lang='lat' dir='ltr'><strong>detinentur</strong></span> <span class='ocrx_word' id='word_1_378' title='bbox 902 2753 954 2793; x_wconf 87' lang='lat' dir='ltr'><strong>ab</strong></span> <span class='ocrx_word' id='word_1_379' title='bbox 987 2753 1079 2807; x_wconf 89' lang='lat' dir='ltr'><strong>ipso</strong></span> <span class='ocrx_word' id='word_1_380' title='bbox 1121 2753 1296 2808; x_wconf 85' lang='lat' dir='ltr'><strong>captivi,</strong></span> <span class='ocrx_word' id='word_1_381' title='bbox 1339 2752 1542 2793; x_wconf 89' lang='lat' dir='ltr'><strong>redderet</strong></span> <span class='ocrx_word' id='word_1_382' title='bbox 1573 2750 1784 2802; x_wconf 78' lang='lat' dir='ltr'><strong>libertati,</strong></span> <span class='ocrx_word' id='word_1_383' title='bbox 1827 2763 1922 2790; x_wconf 91' lang='lat' dir='ltr'><strong>cum</strong></span> <span class='ocrx_word' id='word_1_384' title='bbox 1954 2750 2060 2790; x_wconf 88' lang='lat' dir='ltr'><strong>alias</strong></span> <span class='ocrx_word' id='word_1_385' title='bbox 2093 2763 2181 2804; x_wconf 85' lang='lat' dir='ltr'><strong>pax</strong></span> <span class='ocrx_word' id='word_1_386' title='bbox 2213 2749 2273 2790; x_wconf 87' lang='lat' dir='ltr'><strong>eis</strong></span> <span class='ocrx_word' id='word_1_387' title='bbox 2305 2749 2427 2790; x_wconf 90' lang='lat' dir='ltr'><strong>reddi</strong></span> 
     </span>
     <span class='ocr_line' id='line_1_36' title="bbox 239 2817 2426 2872; baseline -0.002 -10"><span class='ocrx_word' id='word_1_388' title='bbox 239 2822 410 2862; x_wconf 90' lang='lat' dir='ltr'><strong>minime</strong></span> <span class='ocrx_word' id='word_1_389' title='bbox 444 2821 677 2871; x_wconf 74' lang='lat' dir='ltr'><strong>videretur,</strong></span> <span class='ocrx_word' id='word_1_390' title='bbox 711 2836 759 2862; x_wconf 89' lang='lat' dir='ltr'><strong>ac</strong></span> <span class='ocrx_word' id='word_1_391' title='bbox 793 2827 952 2862; x_wconf 86' lang='lat' dir='ltr'><strong>terram</strong></span> <span class='ocrx_word' id='word_1_392' title='bbox 986 2822 1169 2863; x_wconf 87' lang='lat' dir='ltr'><strong>ecclesie</strong></span> <span class='ocrx_word' id='word_1_393' title='bbox 1204 2822 1434 2862; x_wconf 88' lang='lat' dir='ltr'><strong>restituere</strong></span> <span class='ocrx_word' id='word_1_394' title='bbox 1468 2835 1550 2861; x_wconf 89' lang='lat' dir='ltr'><strong>non</strong></span> <span class='ocrx_word' id='word_1_395' title='bbox 1583 2819 1789 2870; x_wconf 88' lang='lat' dir='ltr'><strong>differret,</strong></span> <span class='ocrx_word' id='word_1_396' title='bbox 1823 2819 1883 2859; x_wconf 89' lang='lat' dir='ltr'><strong>ita</strong></span> <span class='ocrx_word' id='word_1_397' title='bbox 1916 2817 2030 2872; x_wconf 90' lang='lat' dir='ltr'><strong>quod</strong></span> <span class='ocrx_word' id='word_1_398' title='bbox 2062 2817 2307 2858; x_wconf 86' lang='lat' dir='ltr'><strong>huiusmodi</strong></span> <span class='ocrx_word' id='word_1_399' title='bbox 2338 2821 2426 2858; x_wconf 89' lang='lat' dir='ltr'><strong>tam</strong></span> 
     </span>
     <span class='ocr_line' id='line_1_37' title="bbox 241 2886 2425 2946; baseline -0.002 -15"><span class='ocrx_word' id='word_1_400' title='bbox 241 2892 506 2946; x_wconf 74' lang='lat' dir='ltr'><strong>captivorum</strong></span> <span class='ocrx_word' id='word_1_401' title='bbox 541 2904 666 2945; x_wconf 89' lang='lat' dir='ltr'><strong>quam</strong></span> <span class='ocrx_word' id='word_1_402' title='bbox 700 2896 814 2931; x_wconf 89' lang='lat' dir='ltr'><strong>terre</strong></span> <span class='ocrx_word' id='word_1_403' title='bbox 847 2891 1064 2931; x_wconf 90' lang='lat' dir='ltr'><strong>restitutio</strong></span> <span class='ocrx_word' id='word_1_404' title='bbox 1097 2895 1244 2944; x_wconf 87' lang='lat' dir='ltr'><strong>posset</strong></span> <span class='ocrx_word' id='word_1_405' title='bbox 1276 2889 1329 2931; x_wconf 91' lang='lat' dir='ltr'><strong>ad</strong></span> <span class='ocrx_word' id='word_1_406' title='bbox 1362 2895 1551 2930; x_wconf 89' lang='lat' dir='ltr'><strong>nostram</strong></span> <span class='ocrx_word' id='word_1_407' title='bbox 1583 2888 1806 2943; x_wconf 87' lang='lat' dir='ltr'><strong>pervenire</strong></span> <span class='ocrx_word' id='word_1_408' title='bbox 1839 2887 2033 2927; x_wconf 88' lang='lat' dir='ltr'><strong>notitiam</strong></span> <span class='ocrx_word' id='word_1_409' title='bbox 2065 2891 2165 2927; x_wconf 88' lang='lat' dir='ltr'><strong>ante</strong></span> <span class='ocrx_word' id='word_1_410' title='bbox 2200 2886 2425 2927; x_wconf 89' lang='lat' dir='ltr'><strong>concilium</strong></span> 
     </span>
     <span class='ocr_line' id='line_1_38' title="bbox 241 2955 2426 3012; baseline -0.002 -14"><span class='ocrx_word' id='word_1_411' title='bbox 241 2973 263 2998; x_wconf 89' lang='lat' dir='ltr'><strong>a</strong></span> <span class='ocrx_word' id='word_1_412' title='bbox 296 2958 419 2998; x_wconf 89' lang='lat' dir='ltr'><strong>nobis</strong></span> <span class='ocrx_word' id='word_1_413' title='bbox 454 2962 671 2998; x_wconf 87' lang='lat' dir='ltr'><strong>annuente</strong></span> <span class='ocrx_word' id='word_1_414' title='bbox 704 2957 889 2998; x_wconf 90' lang='lat' dir='ltr'><strong>Domino</strong></span> <span class='ocrx_word' id='word_1_415' title='bbox 924 2956 1249 3008; x_wconf 88' lang='lat' dir='ltr'><strong>celebrandum,</strong></span> <span class='ocrx_word' id='word_1_416' title='bbox 1283 2958 1325 2997; x_wconf 92' lang='lat' dir='ltr'><strong>in</strong></span> <span class='ocrx_word' id='word_1_417' title='bbox 1358 2962 1440 3011; x_wconf 88' lang='lat' dir='ltr'><strong>q&#39;uo</strong></span> <span class='ocrx_word' id='word_1_418' title='bbox 1473 2962 1732 3012; x_wconf 86' lang='lat' dir='ltr'><strong>postponere</strong></span> <span class='ocrx_word' id='word_1_419' title='bbox 1765 2969 1850 2996; x_wconf 89' lang='lat' dir='ltr'><strong>non</strong></span> <span class='ocrx_word' id='word_1_420' title='bbox 1880 2955 2130 3009; x_wconf 84' lang='lat' dir='ltr'><strong>poterimus,</strong></span> <span class='ocrx_word' id='word_1_421' title='bbox 2163 2955 2264 3009; x_wconf 91' lang='lat' dir='ltr'><strong>quin</strong></span> <span class='ocrx_word' id='word_1_422' title='bbox 2296 2968 2426 3010; x_wconf 86' lang='lat' dir='ltr'><strong>super</strong></span> 
     </span>
     <span class='ocr_line' id='line_1_39' title="bbox 239 3022 2426 3081; baseline -0.002 -14"><span class='ocrx_word' id='word_1_423' title='bbox 239 3027 320 3067; x_wconf 85' lang='lat' dir='ltr'><strong>hiis</strong></span> <span class='ocrx_word' id='word_1_424' title='bbox 354 3032 396 3067; x_wconf 90' lang='lat' dir='ltr'><strong>et</strong></span> <span class='ocrx_word' id='word_1_425' title='bbox 427 3028 533 3078; x_wconf 82' lang='lat' dir='ltr'><strong>aliis,</strong></span> <span class='ocrx_word' id='word_1_426' title='bbox 567 3032 693 3081; x_wconf 89' lang='lat' dir='ltr'><strong>prout</strong></span> <span class='ocrx_word' id='word_1_427' title='bbox 725 3026 777 3066; x_wconf 90' lang='lat' dir='ltr'><strong>de</strong></span> <span class='ocrx_word' id='word_1_428' title='bbox 811 3027 901 3066; x_wconf 90' lang='lat' dir='ltr'><strong>iure</strong></span> <span class='ocrx_word' id='word_1_429' title='bbox 935 3026 1076 3077; x_wconf 89' lang='lat' dir='ltr'><strong>fuerit,</strong></span> <span class='ocrx_word' id='word_1_430' title='bbox 1121 3025 1441 3081; x_wconf 63' lang='lat' dir='ltr'><strong>procedamusc.</strong></span> <span class='ocrx_word' id='word_1_431' title='bbox 1505 3024 1705 3066; x_wconf 85' lang='lat' dir='ltr'><strong>Ceterum</strong></span> <span class='ocrx_word' id='word_1_432' title='bbox 1741 3025 1831 3065; x_wconf 90' lang='lat' dir='ltr'><strong>sive</strong></span> <span class='ocrx_word' id='word_1_433' title='bbox 1864 3024 2177 3064; x_wconf 87' lang='lat' dir='ltr'><strong>restitutionem</strong></span> <span class='ocrx_word' id='word_1_434' title='bbox 2211 3022 2426 3064; x_wconf 84' lang='lat' dir='ltr'><strong>eandemd</strong></span> 
     </span>
    </p>
   </div>
   <div class='ocr_carea' id='block_1_5' title="bbox 239 3094 1618 3217">
    <p class='ocr_par' dir='ltr' id='par_1_5' title="bbox 239 3094 1618 3217">
     <span class='ocr_line' id='line_1_40' title="bbox 239 3094 1618 3149; baseline 0 -15"><span class='ocrx_word' id='word_1_435' title='bbox 239 3095 329 3136; x_wconf 88' lang='lat' dir='ltr'><strong>fieri</strong></span> <span class='ocrx_word' id='word_1_436' title='bbox 364 3096 589 3149; x_wconf 83' lang='lat' dir='ltr'><strong>contigerit</strong></span> <span class='ocrx_word' id='word_1_437' title='bbox 622 3095 710 3135; x_wconf 82' lang='lat' dir='ltr'><strong>sive</strong></span> <span class='ocrx_word' id='word_1_438' title='bbox 743 3108 841 3145; x_wconf 90' lang='lat' dir='ltr'><strong>non,</strong></span> <span class='ocrx_word' id='word_1_439' title='bbox 875 3094 928 3134; x_wconf 88' lang='lat' dir='ltr'><strong>ad</strong></span> <span class='ocrx_word' id='word_1_440' title='bbox 961 3108 1037 3135; x_wconf 92' lang='lat' dir='ltr'><strong>nos</strong></span> <span class='ocrx_word' id='word_1_441' title='bbox 1069 3094 1278 3135; x_wconf 90' lang='lat' dir='ltr'><strong>accedere</strong></span> <span class='ocrx_word' id='word_1_442' title='bbox 1311 3108 1397 3134; x_wconf 92' lang='lat' dir='ltr'><strong>non</strong></span> <span class='ocrx_word' id='word_1_443' title='bbox 1430 3095 1618 3135; x_wconf 86' lang='lat' dir='ltr'><strong>omittas.</strong></span> 
     </span>
     <span class='ocr_line' id='line_1_41' title="bbox 382 3162 1329 3217; baseline 0 -14"><span class='ocrx_word' id='word_1_444' title='bbox 382 3162 481 3204; x_wconf 89' lang='lat' dir='ltr'><strong>Dat.</strong></span> <span class='ocrx_word' id='word_1_445' title='bbox 514 3162 731 3217; x_wconf 86' lang='lat' dir='ltr'><strong>Lugduni,</strong></span> <span class='ocrx_word' id='word_1_446' title='bbox 764 3162 820 3203; x_wconf 91' lang='grc' dir='ltr'><strong>ΙΙ.</strong></span> <span class='ocrx_word' id='word_1_447' title='bbox 854 3162 952 3203; x_wconf 85' lang='lat' dir='ltr'><strong>Kal.</strong></span> <span class='ocrx_word' id='word_1_448' title='bbox 984 3162 1103 3215; x_wconf 84' lang='lat' dir='ltr'><strong>Maii,</strong></span> <span class='ocrx_word' id='word_1_449' title='bbox 1137 3176 1247 3203; x_wconf 89' lang='lat' dir='ltr'><strong>anno</strong></span> <span class='ocrx_word' id='word_1_450' title='bbox 1270 3163 1329 3203; x_wconf 87' lang='lat' dir='ltr'><strong>II.</strong></span> 
     </span>
    </p>
   </div>
   <div class='ocr_carea' id='block_1_6' title="bbox 243 3285 2426 3388">
    <p class='ocr_par' dir='ltr' id='par_1_6' title="bbox 243 3285 2426 3388">
     <span class='ocr_line' id='line_1_42' title="bbox 378 3285 2426 3330; baseline -0 -10"><span class='ocrx_word' id='word_1_451' title='bbox 378 3287 462 3322; x_wconf 67' lang='lat'><strong>255.</strong></span> <span class='ocrx_word' id='word_1_452' title='bbox 503 3295 533 3326; x_wconf 60' lang='grc' dir='ltr'><strong>ὃ)</strong></span> <span class='ocrx_word' id='word_1_453' title='bbox 567 3289 739 3330; x_wconf 56' lang='lat' dir='ltr'><strong>[mcv-aptio</strong></span> <span class='ocrx_word' id='word_1_454' title='bbox 776 3289 811 3319; x_wconf 72' lang='lat' dir='ltr'><strong>in</strong></span> <span class='ocrx_word' id='word_1_455' title='bbox 844 3287 1014 3330; x_wconf 70' lang='lat' dir='ltr'><strong>Reyistro:</strong></span> <span class='ocrx_word' id='word_1_456' title='bbox 1055 3289 1178 3329; x_wconf 83' lang='lat' dir='ltr'><strong>eidem,</strong></span> <span class='ocrx_word' id='word_1_457' title='bbox 1217 3289 1274 3320; x_wconf 79' lang='lat' dir='ltr'><strong>ubi</strong></span> <span class='ocrx_word' id='word_1_458' title='bbox 1310 3299 1447 3330; x_wconf 72' lang='lat' dir='ltr'><strong>sequens</strong></span> <span class='ocrx_word' id='word_1_459' title='bbox 1483 3288 1625 3330; x_wconf 72' lang='lat' dir='ltr'><strong>epietola</strong></span> <span class='ocrx_word' id='word_1_460' title='bbox 1663 3287 1875 3329; x_wconf 85' lang='lat' dir='ltr'><strong>patriarchae</strong></span> <span class='ocrx_word' id='word_1_461' title='bbox 1907 3287 2093 3319; x_wconf 85' lang='lat' dir='ltr'><strong>Antioceno</strong></span> <span class='ocrx_word' id='word_1_462' title='bbox 2124 3286 2207 3318; x_wconf 82' lang='lat' dir='ltr'><strong>data</strong></span> <span class='ocrx_word' id='word_1_463' title='bbox 2239 3285 2426 3327; x_wconf 78' lang='lat' dir='ltr'><strong>praecedit.</strong></span> 
     </span>
     <span class='ocr_line' id='line_1_43' title="bbox 243 3343 1644 3388; baseline -0.001 -10"><span class='ocrx_word' id='word_1_464' title='bbox 243 3347 273 3385; x_wconf 77' lang='lat'><strong>¹¹)</strong></span> <span class='ocrx_word' id='word_1_465' title='bbox 301 3347 405 3378; x_wconf 65' lang='lat' dir='ltr'><strong>Boiai}</strong></span> <span class='ocrx_word' id='word_1_466' title='bbox 432 3346 503 3378; x_wconf 78' lang='lat' dir='ltr'><strong>cod.</strong></span> <span class='ocrx_word' id='word_1_467' title='bbox 621 3345 651 3388; x_wconf 91' lang='lat' dir='ltr'><strong>c)</strong></span> <span class='ocrx_word' id='word_1_468' title='bbox 678 3347 724 3378; x_wconf 68' lang='lat' dir='ltr'><strong>sic</strong></span> <span class='ocrx_word' id='word_1_469' title='bbox 749 3346 881 3388; x_wconf 70' lang='lat' dir='ltr'><strong>Rayn.,·</strong></span> <span class='ocrx_word' id='word_1_470' title='bbox 905 3345 1124 3387; x_wconf 83' lang='lat' dir='ltr'><strong>procedemus</strong></span> <span class='ocrx_word' id='word_1_471' title='bbox 1150 3345 1188 3377; x_wconf 89' lang='lat' dir='ltr'><strong>P.</strong></span> <span class='ocrx_word' id='word_1_472' title='bbox 1308 3343 1342 3386; x_wconf 86' lang='lat' dir='ltr'><strong>d)</strong></span> <span class='ocrx_word' id='word_1_473' title='bbox 1368 3346 1505 3378; x_wconf 85' lang='lat' dir='ltr'><strong>tandem</strong></span> <span class='ocrx_word' id='word_1_474' title='bbox 1532 3345 1644 3387; x_wconf 75' lang='lat' dir='ltr'><strong>Rayn.</strong></span> 
     </span>
    </p>
   </div>
   <div class='ocr_carea' id='block_1_7' title="bbox 383 3457 765 3495">
    <p class='ocr_par' dir='ltr' id='par_1_7' title="bbox 383 3457 765 3495">
     <span class='ocr_line' id='line_1_44' title="bbox 383 3457 765 3495; baseline 0.01 -7"><span class='ocrx_word' id='word_1_475' title='bbox 383 3460 411 3495; x_wconf 67' lang='lat'><strong>1,</strong></span> <span class='ocrx_word' id='word_1_476' title='bbox 442 3457 589 3490; x_wconf 65' lang='lat' dir='ltr'><strong>ciclelicet</strong></span> <span class='ocrx_word' id='word_1_477' title='bbox 616 3468 667 3491; x_wconf 76' lang='lat' dir='ltr'><strong>nr.</strong></span> <span class='ocrx_word' id='word_1_478' title='bbox 690 3462 765 3492; x_wconf 73' lang='lat'><strong>256,</strong></span> 
     </span>
    </p>
   </div>
   <div class='ocr_carea' id='block_1_8' title="bbox 2463 1115 2497 1140">
    <p class='ocr_par' dir='ltr' id='par_1_8' title="bbox 2463 1115 2497 1140">
     <span class='ocr_line' id='line_1_45' title="bbox 2463 1115 2497 1140; baseline -0.029 0"><span class='ocrx_word' id='word_1_479' title='bbox 2463 1115 2497 1140; x_wconf 81' lang='lat' dir='ltr'><strong>lo</strong></span> 
     </span>
    </p>
   </div>
   <div class='ocr_carea' id='block_1_9' title="bbox 2465 1461 2496 1486">
    <p class='ocr_par' dir='ltr' id='par_1_9' title="bbox 2465 1461 2496 1486">
     <span class='ocr_line' id='line_1_46' title="bbox 2465 1461 2496 1486; baseline -0.032 0"><span class='ocrx_word' id='word_1_480' title='bbox 2465 1461 2496 1486; x_wconf 87' lang='lat'><strong>15</strong></span> 
     </span>
    </p>
   </div>
   <div class='ocr_carea' id='block_1_10' title="bbox 2464 1801 2497 1827">
    <p class='ocr_par' dir='ltr' id='par_1_10' title="bbox 2464 1801 2497 1827">
     <span class='ocr_line' id='line_1_47' title="bbox 2464 1801 2497 1827; baseline -0.03 0"><span class='ocrx_word' id='word_1_481' title='bbox 2464 1801 2497 1827; x_wconf 80' lang='grc'><strong>20</strong></span> 
     </span>
    </p>
   </div>
   <div class='ocr_carea' id='block_1_11' title="bbox 2462 2143 2494 2169">
    <p class='ocr_par' dir='ltr' id='par_1_11' title="bbox 2462 2143 2494 2169">
     <span class='ocr_line' id='line_1_48' title="bbox 2462 2143 2494 2169; baseline -0.031 0"><span class='ocrx_word' id='word_1_482' title='bbox 2462 2143 2494 2169; x_wconf 85' lang='grc'><strong>25</strong></span> 
     </span>
    </p>
   </div>
   <div class='ocr_carea' id='block_1_12' title="bbox 2463 2490 2496 2515">
    <p class='ocr_par' dir='ltr' id='par_1_12' title="bbox 2463 2490 2496 2515">
     <span class='ocr_line' id='line_1_49' title="bbox 2463 2490 2496 2515; baseline 0 0"><span class='ocrx_word' id='word_1_483' title='bbox 2463 2490 2496 2515; x_wconf 88' lang='grc'><strong>30</strong></span> 
     </span>
    </p>
   </div>
   <div class='ocr_carea' id='block_1_13' title="bbox 2463 2832 2495 2857">
    <p class='ocr_par' dir='ltr' id='par_1_13' title="bbox 2463 2832 2495 2857">
     <span class='ocr_line' id='line_1_50' title="bbox 2463 2832 2495 2857; baseline 0 0"><span class='ocrx_word' id='word_1_484' title='bbox 2463 2832 2495 2857; x_wconf 84' lang='grc'><strong>35</strong></span> 
     </span>
    </p>
   </div>
  </div>
 </body>
</html>
