2558 3970
9 385 80 410 tien.
96 387 135 410 42³,
155 388 191 410 11.

213 190 292 227 440
750 183 962 217 (UNRADI
990 183 1048 217 lv.
1076 180 1503 217 (JoNSTl'rU'rloNEs.
1557 180 1651 214 1237.
1701 179 1859 214 N1·.329.

359 299 611 353 Expectatio
643 299 834 352 gentium
868 298 990 337 Iesus
1025 297 1240 342 Christus,
1275 311 1400 351 quem
1435 294 1687 336 mittendum
1723 293 1849 349 sepei
1881 294 2186 348 prophetarum
2222 295 2394 336 oracula

215 369 509 425 predixerunt.
555 367 753 408 auferens
798 371 1010 421 sceptrum
1044 366 1096 406 de
1129 365 1237 406 Iuda
1270 370 1312 407 et
1351 363 1520 419 ligansk
1554 363 1606 404 ad
1640 364 1807 403 vineam
1839 362 2002 417 pullum
2035 377 2177 414 suum,
2219 363 2298 404 hoc
2329 367 2397 404 est

214 438 266 479 ad
309 451 416 478 nove
459 436 734 491 plantationis
778 434 1024 475 ecelesiam¹
1066 434 1307 475 Romanum
1351 433 1576 488 imperium
1619 433 1822 487 alligans,
1866 435 1943 472 etm
1982 431 2024 472 in
2068 432 2202 487 ipsius
2244 432 2394 487 clypeo

214 507 390 547 tutelam
434 511 604 546 nostreu
637 504 735 544 fidei
778 504 962 558 positam
1004 503 1352 544 manifestissime
1394 501 1640 557 presagivit.
1711 500 1872 541 Probat
1904 500 1984 541 hoc
2017 501 2174 541 clarius
2208 515 2393 555 sequen-

214 576 345 615 tium⁰
385 588 524 614 rerum
568 578 791 614 eventusl'.
839 573 1050 626 interpres
1093 572 1321 612 cuiuslibet
1361 576 1404 611 et
1445 570 1638 625 probatio
1682 574 1800 610 certa
1840 569 2050 624 presagii,
2099 569 2198 610 dum
2237 568 2395 610 nedum

214 643 388 697 imperio
422 643 609 697 patiente
634 641 916 695 naufragium.
952 640 1026 681 sed
1050 645 1257 681 nutante‘1
1290 638 1557 680 solummodo
1582 639 1792 694 spumosis
1824 637 2063 679 incursibus
2095 638 2397 693 procellarum,

215 711 426 752 interdum
469 710 667 751 heresum
707 710 936 763 grammar.
978 723 1059 764 que
1102 710 1336 750 materialis
1377 708 1544 763 imperii
1587 714 1729 748 serraS
1769 721 1852 748 non
1893 708 2092 754 resecati,
2135 707 2178 747 in
2216 706 2395 748 demoli—

215 782 374 821 tionem
425 780 547 819 vinee
596 779 765 819 Domini
818 778 1011 820 Sabaoth
1057 779 1299 832 perniciose
1348 780 1641 819 succrescunt.
1719 776 1814 817 Deu
1867 775 2208 817 inexcusabilisv
2253 776 2398 830 itaque

216 849 476 903 negligentie
501 848 602 888 vitio
627 848 1011 888 manifestissimew
1035 847 1313 891 convincitur.
1349 847 1450 901 quix
1483 851 1570 886 tam
1594 845 1735 886 nobile
1759 844 1860 886 fidei
1890 845 2184 886 fulcimentum
2208 844 2400 899 qualibet

215 917 397 958 hominis
431 917 674 972 provisione
708 930 789 957 non
823 916 998 957 adiuvat
1030 915 1103 957 sed
1136 916 1335 970 conquati
1368 915 1544 970 patitur,
1578 914 1700 969 quasi
1732 913 1860 955 fidem
1892 927 1977 954 non
2001 913 2162 968 diligat,
2196 913 2266 968 qui
2298 912 2398 954 fidei

216 986 392 1041 negligit
425 992 697 1026 armaturam.
759 985 848 1025 Nec
889 989 1030 1025 tamen
1073 985 1180 1025 hocs·
1214 985 1265 1025 ad
1300 990 1695 1039 quorumcumquez
1726 983 1915 1023 fidelium
1949 982 2118 1037 culpam
2151 986 2225 1022 aut
2257 986 2401 1023 notam

215 1057 325 1095 inste
374 1054 600 1099 reducitur,
649 1053 724 1095 sed
772 1054 967 1094 illoru1n³
1014 1054 1263 1108 potissimeb
1314 1053 1580 1107 negligentia
1622 1051 1968 1101 condemnatur-0,
2018 1051 2071 1091 ad
2114 1065 2220 1106 quos
2261 1050 2403 1092 divina

216 1125 427 1165 sententia
478 1137 553 1164 seu
608 1136 721 1163 more.
778 1122 1010 1164 maiorumd
1060 1123 1123 1163 vis
1175 1128 1218 1164 et
1272 1122 1506 1164 auctoritas
1560 1121 1814 1176 provisionis
1868 1120 2141 1162 huiusmodie
2186 1120 2401 1176 pertinere

216 1198 462 1234 noscuntur.
524 1192 633 1233 Nam
667 1206 925 1247 quamquam
957 1193 997 1232 in
1032 1191 1162 1233 Urbis
1196 1191 1349 1232 initiis.
1385 1195 1482 1246 post
1515 1190 1793 1231 memorabile
1827 1189 2113 1231 Troianorum
2148 1189 2326 1230 exitium
2359 1193 2402 1230 et

216 1262 398 1302 deletam
445 1266 527 1301 tam
575 1261 763 1301 inclitam
812 1262 1050 1312 civitatem,
1099 1260 1234 1315 apudf
1278 1261 1390 1301 illius
1435 1267 1574 1301 noveg
1614 1259 1959 1314 congregationis
2002 1258 2175 1314 patresh
2214 1259 2401 1301 summai

215 1329 362 1385 regnik
397 1334 585 1385 potestas
619 1334 659 1370 et
693 1330 924 1384 imperialis
959 1330 1189 1370 creationis
1224 1329 1474 1384 suffragium
1509 1327 1753 1377 resideretl,
1787 1342 1843 1369 ex
1872 1328 2125 1369 successivis
2154 1331 2299 1369 tamen
2323 1332 2402 1369 et¹¹²

217 1399 427 1439 continuis
469 1399 742 1439 incrementis
787 1398 969 1452 imperii.
1014 1397 1288 1452 postmodum
1330 1397 1573 1438 calescente
1614 1397 1769 1437 virtute
1813 1401 1929 1438 tante
1970 1396 2137 1438 fortune
2178 1397 2401 1452 fastigium

217 1467 329 1523 apud
372 1468 539 1507 unicam
583 1468 820 1508 civitatem.
866 1467 968 1507 lieet
1009 1480 1083 1521 pre
1118 1467 1270 1507 ceteris
1314 1466 1521 1520 regiamu,
1565 1472 1676 1506 non⁰
1709 1466 1848 1520 potuit
1880 1466 2100 1507 contineri.
2165 1465 2252 1507 Sed
2283 1470 2401 1521 post-

217 1550 341 1591 quam
376 1537 504 1577 etiam
538 1537 846 1577 remotissimos
877 1537 1108 1577 terminosp
1141 1536 1324 1591 quadam
1358 1537 1567 1590 girovaga
1601 1535 1950 1590 peregrinatione
1982 1536 2197 1587 lustravit,
2229 1535 2403 1578 tandem

217 1606 329 1662 apud
372 1605 602 1647 Germanic
642 1606 858 1661 principes
892 1620 974 1646 non
1008 1606 1147 1646 minus
1191 1605 1401 1660 probabili
1434 1619 1559 1659 quam
1594 1605 1839 1646 necessaria
1870 1605 2036 1646 ratione
2070 1606 2323 1660 permansit,
2354 1609 2403 1646 ut

218 1675 270 1716 ab
313 1676 398 1715 illis
441 1675 559 1729 origo
604 1674 793 1729 prodiret
837 1675 1022 1730 imperii.
1069 1689 1146 1729 per
1188 1689 1294 1729 quos
1337 1674 1529 1716 eiusdem
1573 1674 1735 1715 utilitas
1770 1678 1813 1715 et
1844 1673 2038 1715 defensio
2077 1678 2401 1729 procurantur‘l.

219 1744 323 1785 Cum
372 1745 524 1798 igiturr
563 1758 639 1785 nos
685 1743 910 1784 SifridumS
957 1744 1288 1798 Maguntinumt,
1339 1743 1656 1784 Theodericum
1689 1742 2023 1795 Treverensem,
2069 1742 2403 1785 Eberhardumu

218 1813 623 1868 Saltzburgensemv
660 1813 1022 1868 archiepiscopos,
1055 1812 1323 1854 EcbertumW
1352 1812 1735 1867 Bambergensem,
1770 1812 2005 1854 SifridumX
2037 1812 2404 1868 Ratisponensem

218 1882 450 1938 imperialis
483 1882 580 1923 aule
614 1882 939 1927 cancellarium.
981 1881 1307 1937 Frisingensem
1340 1886 1383 1922 et
1415 1881 1724 1923 Pataviensem
1758 1882 2007 1936 episcopos,
2048 1881 2251 1923 Ottonem
2282 1882 2402 1938 pala-

219 1952 352 1992 tinum
386 1952 583 1992 comitem
615 1950 754 1993 Rheni
787 1950 938 1992 ducem
973 1951 1207 2001 Bawariey,
1241 1950 1532 1992 Venceslaum
1564 1964 1711 2006 regem
1744 1950 1975 2002 Bohemie,
2017 1950 2257 1992 Henricum
2289 1952 2401 1993 lant-

220 2022 411 2076 gravium
445 2020 679 2075 Thuringie
713 2025 755 2061 et
787 2020 836 2062 B.
870 2020 1022 2061 ducem
1055 2020 1293 2071 Oarinthie,
1328 2020 1560 2076 principes,
1594 2021 1664 2075 qui
1698 2020 1812 2061 circa
1846 2020 1951 2060 hocz
1983 2019 2169 2062 Romani
2198 2024 2403 2062 senatusa

220 2092 356 2132 locum
391 2090 654 2145 accepimus,
695 2090 764 2143 qui
797 2094 941 2144 patres
976 2094 1019 2131 et
1050 2090 1217 2145 imperii
1249 2089 1409 2130 lumina
1441 2092 1705 2144 reputamur,
1748 2102 1891 2130 coram
1924 2088 2144 2131 tremendo
2177 2089 2317 2130 iudice
2350 2088 2404 2131 de

220 2174 319 2201 cura
353 2164 470 2200 tante
503 2158 774 2199 villicationis
808 2163 1004 2213 oporteat
1034 2158 1216 2200 reddere
1251 2159 1481 2209 rationem,
1515 2158 1737 2199 nobiscum
1771 2158 1951 2199 sollicita
1983 2158 2264 2200 meditatione
2296 2170 2403 2214 pen-

221 2234 383 2269 santes.
429 2227 538 2282 quod
578 2232 743 2268 tantum
781 2228 1001 2282 negotium
1034 2242 1116 2269 non
1148 2233 1235 2268 tam
1267 2228 1394 2269 sortis
1427 2227 1608 2279 iudicio,
1649 2241 1775 2282 quam
1808 2226 2017 2268 industria
2048 2227 2307 2283 provisionis
2339 2228 2403 2268 in-

221 2298 381 2352 digeat.
426 2295 529 2337 illud
573 2296 701 2337 etiam
735 2296 982 2350 diligentius
1015 2297 1310 2348 attendentes,
1354 2296 1466 2351 quod
1498 2299 1597 2351 post
1628 2295 1754 2337 unius
1786 2297 2007 2351 regnantis
2041 2310 2239 2338 occasum
2270 2297 2404 2338 inter-

222 2366 382 2406 stitium
424 2365 629 2420 temporis
670 2366 782 2406 inter
825 2365 1149 2421 predecessoris
1193 2365 1358 2407 obitum
1400 2369 1442 2406 et
1484 2365 1659 2420 plenum
1702 2364 1935 2406 dominium
1975 2366 2255 2418 successoris,
2296 2365 2408 2422 quod

222 2437 512 2489 interregnum
545 2434 808 2489 antiquitusb
841 2439 1010 2476 veteres
1043 2436 1331 2491 appellabant,
1365 2434 1527 2489 grande
1560 2438 1731 2489 possetss
1762 2435 1956 2490 imperio,
1991 2435 2094 2477 sedd
2128 2439 2170 2477 et
2194 2436 2405 2477 catholice

221 2504 319 2546 fidei
354 2505 584 2544 maximum
624 2505 802 2545 afferre⁰
835 2504 1082 2555 discrimen,
1125 2505 1348 2560 prevenire
1384 2504 1599 2545 salubrius
1644 2503 1839 2559 tempusf
1869 2504 2119 2559 elegimusg,
2161 2518 2286 2560 quam
2320 2503 2406 2546 dis-

223 2573 422 2629 pendium
466 2574 668 2629 temporis
715 2579 963 2628 expectare.
1035 2573 1145 2614 Nam
1184 2574 1285 2615 licet
1327 2588 1403 2629 per
1436 2574 1572 2623 vires,
1618 2572 1868 2614 industriam
1904 2576 1946 2613 et
1983 2573 2152 2614 labores
2185 2573 2404 2614 excellen-

221 2643 371 2683 tissimi
404 2642 563 2683 domini
596 2643 729 2683 nostri
762 2642 967 2683 Friderici
1000 2642 1318 2684 Romanorumh
1352 2642 1619 2698 imperatoris
1654 2655 1823 2697 semper
1854 2642 2048 2697 augusti,
2089 2641 2339 2684 Ierusalem·
2361 2646 2405 2683 et

224 2711 368 2753 Sicilie
401 2712 526 2766 regis.
561 2712 680 2752 cuius
704 2712 834 2752 vitam
869 2717 911 2752 ct
943 2712 1166 2767 imperium
1200 2712 1408 2767 cupimus.
1443 2712 1544 2752 satis
1577 2710 1630 2752 ad
1663 2725 1840 2766 presens
1873 2710 2052 2766 imperio
2086 2712 2141 2751 sit
2172 2711 2404 2766 provisum,

223 2781 320 2835 quia
364 2786 505 2821 tamen
551 2781 860 2835 preemincntia
904 2780 1123 2834 dignitatis
1172 2782 1375 2835 longioris
1421 2781 1505 2821 vite
1549 2780 1804 2821 beneficium
1850 2780 2024 2835 regibus
2067 2794 2151 2821 non
2197 2780 2407 2833 concedit,

225 2850 436 2905 presentis
481 2850 565 2890 vite
606 2849 817 2890 lubricum
858 2849 1009 2890 merito
1052 2850 1350 2894 formidantes,
1394 2850 1487 2905 ipso
1522 2849 1690 2890 vivente
1734 2849 1964 2890 salubriter
1995 2853 2037 2890 ct
2070 2853 2277 2904 regnante
2308 2840 2404 2891 'feli-

359 2986 445 3021 329.
479 2987 501 3028 ἦ]
528 3000 622 3020 saera
647 2988 678 3019 3.
704 2987 735 3019 4.
870 2987 902 3029 Ι4)
928 2994 959 3021 et
986 2990 1096 3031 ligans
1121 2988 1189 3020 des.
1207 2987 1237 3020 3.
1372 2985 1396 3028 l)
1423 2999 1519 3020 suam
1546 2988 1627 3020 add.
1645 2987 1675 3020 3.
1704 2986 1733 3019 4.
1870 2985 1912 3028 m)
1939 2986 2029 3018 deest
2053 2985 2084 3018 4.
2206 2986 2238 3026 n)
2266 2987 2356 3020 deest
2378 2985 2409 3019 3.

223 3054 254 3086 ¹1)
282 3047 508 3087 frequentium
539 3045 565 3076 l.
706 3052 738 3085 Ρ)
766 3046 817 3077 leia
844 3046 959 3088 incipit
984 3045 1014 3077 ²2.
1156 3044 1188 3087 q)
1216 3046 1357 3078 mirante
1384 3045 1421 3085 1;
1454 3050 1613 3077 nuctante
1638 3044 1669 3076 2.
1810 3044 1837 3083 l')
1863 3044 2018 3087 germina
2046 3043 2073 3075 1.
2213 3042 2241 3086 ⁸)
2267 3054 2343 3076 sera
2365 3042 2405 3084 2;

224 3115 313 3135 serra
338 3115 425 3135 corr.
452 3115 525 3135 sera
551 3104 587 3135 3:
615 3110 701 3135 serta
727 3102 758 3134 4.
900 3104 923 3140 t)
950 3108 1103 3135 resecant
1126 3101 1158 3134 4.
1294 3103 1326 3142 u)
1354 3104 1443 3135 Dum
1468 3101 1499 3135 4.
1636 3108 1666 3137 v)
1697 3102 1920 3134 inexcusabili
1948 3100 1977 3133 1.
2110 3105 2149 3142 w)
2176 3101 2351 3134 manifeste
2375 3099 2407 3134 4.

224 3168 255 3186 x.
282 3161 370 3202 quod
398 3160 425 3192 1.
556 3166 586 3199 y)
613 3161 701 3193 dee-st
731 3161 756 3192 l.
890 3168 918 3194 z,
945 3161 1135 3203 aliquorum
1162 3162 1199 3201 23
1225 3172 1426 3202 querulique
1452 3159 1483 3192 4.
1618 3158 1648 3201 a)
1677 3159 1724 3191 illi
1751 3158 1785 3190 2.
1914 3156 1946 3199 b)
1973 3158 2061 3191 deest
2086 3158 2117 3190 3.
2247 3158 2278 3200 ⁰)
2304 3159 2408 3201 negli-

224 3219 371 3256 gentiam
399 3219 598 3249 condemnat
624 3217 654 3249 4.
751 3216 783 3249 Ἠ
810 3230 869 3250 seu
897 3223 1000 3250 morte
1027 3219 1133 3249 maior
1155 3217 1181 3249 1.
1278 3223 1307 3257 ⁰)
1335 3218 1436 3249 huius
1460 3217 1484 3249 l.
1583 3215 1611 3257 f)
1638 3221 1741 3258 caput
1760 3214 1790 3247 4.
1886 3215 1917 3256 13)
1943 3214 2033 3247 deest
2052 3214 2080 3247 1.
2176 3213 2209 3255 ¹¹)
2236 3219 2349 3258 patras
2368 3213 2408 3254 4;

225 3276 393 3306 devenerit
421 3275 499 3306 add.
518 3275 548 3306 23.
680 3274 700 3306 i,
726 3276 848 3307 summi
872 3276 904 3306 2.
931 3273 961 3306 4.
1090 3272 1123 3316 k)
1151 3275 1238 3317 regis
1265 3273 1295 3305 3.
1322 3272 1353 3306 4.
1479 3272 1502 3314 1)
1531 3285 1591 3306 res.
1620 3284 1661 3305 ex
1687 3272 1888 3305 successivis
1914 3272 1981 3304 des.
2001 3272 2032 3304 3.
2151 3274 2194 3312 111)
2220 3276 2253 3304 et
2277 3289 2316 3294 —-
2345 3272 2410 3304 vir-

225 3340 294 3363 tute
320 3332 386 3363 cles.
407 3330 436 3363 3.
579 3330 611 3372 n)
653 3332 849 3374 religionem
874 3332 911 3369 2:
949 3332 1118 3373 regionem
1144 3331 1174 3362 3,
1202 3330 1232 3364 4.
1374 3336 1405 3371 0)
1438 3341 1502 3372 pro
1529 3342 1596 3363 non
1623 3347 1663 3353 —-
1690 3330 1818 3362 utilitas
1852 3335 1884 3361 et
1909 3330 2057 3362 defensio
2082 3328 2118 3361 3:
2156 3333 2248 3361 tante
2273 3330 2407 3362 fortune

227 3389 396 3430 fastigium
425 3401 501 3421 non.
618 3394 649 3429 Ρ)
676 3394 805 3421 nostros
831 3390 861 3421 2.
973 3388 1003 3430 q)
1029 3394 1228 3431 procuratur
1252 3387 1284 3421 4.
1384 3386 1412 3430 r)
1439 3399 1518 3430 ergo
1544 3387 1576 3420 2.
1687 3385 1714 3429 ⁸)
1741 3387 1920 3427 Sigifridus
1947 3385 1976 3427 1,
2001 3387 2058 3418 ubi
2082 3391 2113 3418 et
2137 3386 2251 3418 omnia
2275 3385 2408 3428 reliqua

228 3446 362 3476 ηωίιὶηα
381 3457 459 3476 casu
477 3447 681 3478 nominativo
700 3447 874 3487 lemanem&
900 3447 1058 3478 Sin-idum
1076 3446 1107 3478 2.
1127 3446 1158 3487 3,
1184 3446 1240 3478 ubi
1257 3446 1395 3477 nomina
1413 3445 1597 3477 admodum
1615 3448 1778 3485 corrdpta
1795 3444 1972 3484 [aquatam
1997 3443 2140 3475 Siti-idus
2161 3459 2201 3465 -—
2220 3443 2403 3483 Carinthie,

227 3503 391 3544 principes
417 3503 484 3535 des.
502 3502 533 3535 4.
651 3506 675 3539 ἰ]
702 3505 944 3546 Maguntinum
970 3504 1000 3534 2.
1026 3504 1063 3543 33
1101 3503 1376 3545 Maguntinensis
1406 3501 1432 3533 l.
1550 3501 1582 3541 ιι)
1613 3506 1646 3533 et
1671 3500 1836 3532 liei-ardus
1865 3500 1898 3533 l:
1931 3504 1964 3532 et
1988 3501 2172 3533 Berardum
2198 3498 2238 3539 2;
2271 3504 2305 3532 et
2329 3501 2406 3532 Ber-

227 3560 369 3591 nardum
395 3560 425 3591 3.
542 3566 572 3600 V)
599 3561 644 3591 sir.-
670 3560 706 3599 ὃς
734 3561 942 3593 Coloniensis
971 3560 998 3592 1.
1116 3559 1153 3602 w)
1180 3560 1365 3592 Gerbertus
1393 3559 1428 3597 13
1455 3559 1652 3591 Gelbertum
1677 3556 1715 3595 33
1741 3557 1940 3589 Golbertum
1965 3555 1996 3589 2.
2107 3556 2141 3599 Χ)
2168 3556 2348 3599 sigifridus
2374 3556 2404 3589 1.

226 3621 258 3655 y}
284 3616 329 3647 sic
354 3615 392 3654 33
425 3618 565 3648 Bavarie
592 3616 621 3648 1.
761 3623 790 3657 Z)
817 3617 901 3649 haec
929 3617 958 3649 1.
1098 3622 1129 3657 a)
1156 3617 1320 3649 senatoris
1348 3616 1375 3648 l.
1516 3614 1549 3657 b)
1576 3615 1663 3647 deest
1689 3613 1721 3646 4.
1862 3614 1890 3654 c)
1918 3614 2008 3646 deest
2030 3612 2061 3646 2.
2203 3611 2236 3655 d)
2262 3613 2350 3647 deest
2375 3612 2405 3645 1.

228 3676 257 3714 θ)
292 3673 403 3705 afferri
431 3672 458 3705 1.
555 3673 583 3707 f,
622 3681 733 3705 tamen
760 3672 790 3705 3.
887 3679 921 3715 ἕ)
959 3674 1115 3717 eligimus
1144 3673 1171 3706 1.
1195 3673 1226 3706 4.
1320 3672 1351 3713 ¹¹)
1386 3685 1453 3715 pro
1485 3674 1711 3705 Romanorum
1737 3688 1779 3694 —-
1803 3671 1892 3713 regis
1916 3669 1955 3703 ⁶2:
1981 3675 2062 3711 eto.;
2097 3671 2217 3704 desum
2239 3669 2272 3703 4.

2438 919 2469 943 10

2439 1261 2470 1286 15

2440 1609 2474 1634 20

2439 1960 2471 1986 25

2442 2305 2475 2330 30

2443 2654 2475 2680 35

2443 3049 2476 3074 40

2441 3338 2473 3364 45

2441 3618 2475 3645 5⁰
