2558 3970
98 926 130 950 10

98 1277 130 1301 15

99 1626 133 1652 20

100 1974 132 2000 25

102 2320 135 2346 ³0

103 2663 134 2690 35

105 3008 139 3033 40

107 3371 140 3397 45

110 3688 143 3716 50

714 144 955 180 FRIDERICI
981 146 1025 180 11.
1053 145 1481 183 CONS'I'ITUTIONES.
1535 150 1632 184 1246.
1682 151 1744 185 Nr.
1762 151 1838 186 266.
2291 157 2372 196 373

163 259 244 314 fol.
269 259 382 310 126',
415 272 532 312 quem
564 260 650 311 ipse
681 259 848 301 contuli.
911 259 1168 301 Mandatum
1200 265 1388 303 nostrum-
1419 263 1476 304 acl
1506 264 1643 304 instar
1683 264 1873 306 mandati
1903 278 2036 318 supra
2068 280 2133 309 ην.
2155 268 2240 308 216
2270 267 2374 308 editi

168 327 394 381 confectum
441 331 522 379 est,·
577 328 694 369 cuius
733 329 834 380 quia
872 342 981 380 pars
1017 333 1223 383 posterior
1265 332 1455 383 deperiit,
1508 334 1550 373 in
1600 334 1807 374 auxilium
1849 335 1943 375 huic
1981 336 2103 386 parti
2144 337 2375 378 vocavimus

167 396 411 438 mandatum
442 410 506 439 nr.
531 397 629 439 217.
691 395 947 438 Mandatum
988 401 1128 440 nostro
1159 403 1475 442 consentancum
1507 402 1563 442 ad
1601 403 1734 454 ipsum
1766 403 2032 444 Fridericmn
2069 403 2117 444 (Ic
2149 405 2371 446 Antiochia

167 466 323 516 datum,
354 466 440 506 iam
461 465 718 518 deperditum
740 465 864 507 Petro
885 466 933 506 de
959 466 1100 508 Vincis
1121 468 1178 509 acl
1198 469 1497 521 conficiendum
1519 470 1724 512 dictamen
1748 472 1775 514 l.
1804 471 1848 522 V,
1871 486 1901 513 c.
1928 475 1950 512 1
1972 472 2029 512 ad
2051 486 2199 513 manus
2224 472 2373 527 fuisse,

167 547 298 587 supra
319 548 368 587 p.
392 535 477 575 299
514 534 896 576 animadvertimus
937 561 987 565 —-
1031 535 1489 579 Huillarcl-Breholles
1529 538 1600 587 VI,
1623 541 1707 579 387
1738 542 1777 591 (e
1808 540 1891 582 eod.
1923 543 1978 594 1).
2048 540 2241 592 ΒϋΙιηιεν,
2274 541 2372 594 Re-q.

167 604 265 658 imp.
297 602 341 653 V,
363 603 487 644 3538.
1993 611 2017 660 (
2016 609 2065 652 P.
2088 610 2230 659 deest.)

313 706 382 748 Fr.
415 705 499 748 Dei
531 707 670 761 gratia
701 706 996 748 Romanorum
1032 708 1269 764 imperator
1302 722 1472 763 semper
1504 715 1730 764 augustus,
1765 711 2003 753 Ierusalem
2038 719 2079 754 et
2111 713 2260 755 Sicilie
2295 728 2371 755 rex

168 776 345 832 prelatis
377 776 683 827 ecclesiarum,
723 776 1066 827 marchionibus,
1110 777 1361 828 comitibus,
1404 779 1663 833 capitaneiS,
1706 782 2026 826 vavassoribus,
2071 784 2372 837 potestatibus,

170 844 396 889 consiliis&
444 845 727 894 rectoribusb,
776 846 1113 887 comunitatibus
1152 850 1195 886 et
1235 846 1444 887 universis
1486 861 1562 902 per
1599 847 1800 889 Tusciam
1846 855 1889 889 et
1929 851 1981 890 ab
2027 851 2197 892 Amelia
2237 866 2373 907 usque

169 913 401 955 Cornetum
436 928 485 955 ac
517 927 593 968 per
626 913 889 955 Maritimam
924 915 1182 965 constitutis,
1216 914 1416 956 fidelibus
1449 917 1554 967 suis,
1589 918 1770 971 gratiam
1804 932 1925 958 suam
1960 924 2003 959 et
2035 919 2192 960 bonam
2224 921 2373 961 volun-

165 987 315 1025 tatem.

309 1058 365 1092 Ad
404 1057 620 1093 extollenda
657 1057 839 1093 iustorum
881 1059 1057 1104 preconia
1090 1062 1128 1094 et
1160 1059 1414 1104 reprimendas
1453 1060 1677 1096 insolencias
1715 1064 2033 1107 transgressorum
2066 1064 2296 1109 prospiciens
2329 1066 2376 1098 ac

166 1128 245 1163 celo
288 1127 437 1162 iustitia
474 1128 595 1163 erexit
634 1127 671 1162 in
713 1128 862 1173 populis
902 1128 1145 1173 regnancium
1184 1129 1279 1163 solia
1317 1132 1356 1164 et
1397 1129 1628 1165 diversorum
1661 1130 1871 1176 principum
1906 1134 2127 1177 potestates.
2189 1132 2372 1168 Caruisset

166 1209 327 1242 namque
367 1196 537 1233 condicio
575 1197 740 1232 humana
771 1191 959 1232 libenterd
992 1197 1080 1243 iugo
1112 1198 1269 1233 dominii
1301 1210 1369 1234 nec
1400 1199 1616 1235 libertatem
1651 1212 1671 1234 a
1704 1212 1760 1242 se,
1802 1212 1913 1245 quam
1956 1202 2008 1236 eis
2050 1204 2185 1236 natura
2218 1198 2376 1251 presti-

167 1266 318 1312 terate,
351 1266 521 1302 homines
554 1259 824 1309 abdicassents‚
857 1266 930 1301 nisi
961 1267 1061 1311 quod
1095 1267 1282 1312 impunita
1314 1268 1472 1303 licencia
1494 1269 1673 1304 scelerum
1697 1269 1735 1304 in
1758 1270 1970 1305 evidentem
1996 1271 2200 1316 pernicicm
2223 1272 2375 1306 humani

165 1336 314 1383 generis
346 1336 590 1379 redundabat,
624 1338 662 1372 et
693 1348 737 1371 ex
770 1335 996 1371 necessitate
1029 1337 1191 1381 quadam
1225 1338 1395 1382 oportuit
1427 1340 1600 1373 naturam
1633 1339 1783 1374 subesse
1816 1340 1964 1375 iusticie
1997 1344 2036 1375 et
2068 1341 2206 1375 servire
2240 1341 2376 1376 iudicio

166 1405 394 1441 libertatem.
457 1405 529 1441 Sed
559 1417 628 1441 nec
659 1405 805 1450 exquiri
839 1405 1070 1441 extrinsecus
1102 1406 1229 1441 decuit
1260 1407 1423 1452 speciem
1455 1407 1569 1442 aliam
1592 1410 1772 1450 creature,
1806 1409 1893 1443 cuig
1925 1422 1962 1444 se
1994 1403 2280 1455 represc,·ntata¹¹
2313 1422 2379 1454 per

173 1474 363 1510 hominem
395 1474 544 1510 celestis
565 1486 702 1521 ymago
726 1474 923 1518 subiceret,
956 1468 1039 1510 sedi
1070 1476 1182 1510 homo
1205 1476 1372 1521 prelatus
1396 1479 1453 1511 est
1482 1477 1635 1520 homini,
1668 1481 1709 1511 ut
1732 1478 1937 1523 gratiorem
1962 1480 2191 1524 prelaturam
2214 1480 2379 1514 efficeret

166 1544 397 1590 ydemptitas
430 1544 578 1590 speciei.
642 1544 838 1579 Potissime
870 1546 997 1579 tamen
1030 1545 1077 1579 ad
1109 1538 1308 1590 1·egimen¹‘
1341 1546 1563 1591 populorum
1596 1546 1724 1581 divina
1756 1549 1946 1583 sententia
1978 1548 2132 1594 prefecit
2167 1549 2377 1594 imperium,

168 1614 256 1650 dum
295 1616 447 1650 ostensa
485 1614 557 1649 sibi
593 1615 713 1660 figura
751 1607 1006 1649 numismatis¹
1045 1614 1082 1648 in
1121 1614 1336 1649 reddicione
1375 1626 1505 1650 census
1546 1628 1610 1660 pre
1649 1616 1783 1651 ceteris
1823 1617 2009 1663 regibusm
2043 1630 2190 1654 cesaree
2230 1619 2378 1653 fortune

168 1683 363 1730 fastigium
394 1683 630 1729 presignivit.
692 1682 759 1718 Cui
790 1683 1060 1719 diversimodas
1105 1683 1274 1719 subdidit
1313 1684 1505 1727 nationes,
1546 1696 1619 1720 non
1653 1685 1699 1720 ob
1741 1686 1810 1721 hoc
1849 1686 1967 1720 solum
2000 1689 2042 1721 ut
2073 1687 2126 1722 eis
2159 1688 2377 1733 imperando

168 1755 347 1798 preesset,
381 1752 445 1788 sed
476 1753 543 1787 utn
575 1752 667 1798 ipsis
699 1752 802 1799 pacis
836 1754 873 1788 et
905 1752 1053 1788 iusticie
1077 1753 1224 1798 copiam
1247 1753 1496 1790 ministrando
1519 1755 1724 1800 prodesset.
1780 1756 1884 1791 Inter
1905 1756 1988 1790 illas
2011 1756 2128 1802 igitur
2150 1758 2350 1792 multarum
2363 1761 2379 1774 ⁰

170 1821 461 1868 occupacionum
494 1833 611 1865 curas,
644 1821 779 1866 quibus
811 1822 1029 1857 fluctuantis
1060 1822 1185 1868 pelagi
1217 1835 1319 1858 more
1347 1835 1414 1868 pro
1438 1823 1579 1858 salubri
1607 1824 1812 1870 reipublice
1835 1827 1937 1859 statu
1970 1825 2124 1871 spiritus
2146 1829 2274 1862 noster
2296 1839 2378 1862 con-

171 1891 277 1927 tinue
308 1891 503 1937 fatigatur,
535 1891 786 1927 meditacione
819 1891 968 1927 solicita
998 1891 1246 1935 revolventes,
1279 1892 1378 1937 quod
1402 1887 1550 1941 regiop
1583 1887 1844 1942 supradicta,
1877 1894 2070 1940 provincia
2092 1895 2222 1940 utique
2244 1896 2380 1931 nobilis

171 1963 210 1996 et
239 1972 326 2006 pars
356 1960 515 1996 Romani
546 1961 695 2006 imperii
726 1960 907 2006 preciosa,
942 1955 1145 1996 continua
1176 1961 1391 2007 provisione
1423 1962 1572 1998 iusticie
1602 1958 1782 1998 multum
1817 1957 2021 2013 indigeat,
2056 1963 2103 1999 ut
2125 1967 2201 1999 tam
2234 1965 2311 2000 filii
2344 1969 2381 2000 et

168 2030 358 2076 indigene
389 2024 577 2079 regionis
609 2025 745 2080 ipsius
778 2042 891 2075 quam
922 2030 1077 2065 advene
1109 2030 1148 2065 in
1179 2031 1413 2076 provinciam
1446 2031 1638 2067 venientes
1671 2032 1710 2067 in
1741 2032 1911 2078 personis
1944 2033 2099 2068 iniurias
2133 2036 2171 2069 et
2202 2034 2240 2068 in
2271 2034 2381 2069 rebus

169 2099 304 2135 damna
344 2094 433 2149 pati
476 2107 559 2134 non
604 2094 772 2149 possint
810 2101 849 2135 et
885 2099 1025 2135 ibidem
1056 2099 1138 2134 iura
1174 2100 1323 2145 imperii
1361 2100 1579 2149 nequeant
1611 2095 1833 2147 minorari,
1878 2104 1953 2137 neq
1985 2103 2170 2138 talentum
2203 2103 2311 2138 nobis
2343 2103 2380 2137 in

170 2169 222 2204 eis
255 2168 460 2204 creditumr
491 2169 728 2215 negligenter
759 2169 987 2204 abscondere
1020 2168 1224 2212 videamur,
1264 2171 1397 2214 utpote
1429 2169 1494 2214 qui
1532 2170 1717 2206 rationem
1750 2171 1993 2207 villicationis
2025 2174 2151 2207 nostre
2185 2184 2309 2207 sumus
2342 2172 2380 2206 in

170 2238 341 2274 examine
383 2238 506 2274 stricti
544 2238 673 2274 iudicii
710 2238 910 2274 reddituri:
951 2239 997 2273 ad
1034 2238 1106 2274 hoc
1144 2238 1384 2274 direximus
1421 2239 1540 2274 aciem
1582 2240 1719 2275 mentis
1760 2243 1907 2284 nostre,
1950 2243 1992 2276 ut
2023 2242 2070 2276 ad
2111 2243 2251 2277 statum
2283 2241 2380 2286 paci-

171 2307 280 2343 ficum
311 2307 476 2354 regionis
508 2307 626 2354 ipsius
660 2301 829 2343 solicite
860 2307 1089 2352 provisionis
1121 2307 1310 2343 instancia
1341 2308 1591 2344 intendamus.
1655 2308 1749 2351 Quia
1780 2312 1908 2346 tamen
1943 2305 2263 2359 emergentibus
2287 2305 2381 2345 aliis

175 2371 286 2412 curis
320 2371 505 2427 imperii,
538 2384 620 2426 que
653 2385 732 2427 per
764 2370 957 2412 diversas
991 2375 1137 2427 partes
1171 2372 1445 2427 presenciam
1479 2376 1673 2414 nostram
1699 2374 1994 2429 expostulant,
2028 2374 2381 2429 presencialiter*³

170 2439 231 2482 ibi
263 2454 360 2483 esse
392 2454 478 2482 non
522 2454 773 2497 possumus:
817 2454 917 2482 ecce
960 2440 1012 2482 de
1053 2440 1137 2482 fide
1170 2445 1214 2482 et
1246 2441 1496 2482 constancia
1528 2440 1739 2484 Friderici
1773 2441 1825 2483 de
1859 2442 2095 2484 Antiochia
2127 2442 2273 2484 dilecti
2306 2442 2380 2483 filii

169 2509 304 2563 nostri
348 2509 600 2566 plenissime
646 2508 934 2559 confidentes,
982 2510 1123 2565 ipsum
1164 2510 1206 2550 in
1249 2510 1472 2565 provincia
1514 2511 1608 2566 ipsa
1650 2511 1902 2566 generalem
1936 2511 2142 2552 vicarium
2177 2510 2380 2552 duximus

171 2578 462 2631 statuendum,
495 2587 538 2620 ut
570 2585 669 2621 vices
700 2587 849 2620 nostras
881 2579 1150 2634 generaliter
1179 2587 1309 2631 gerat
1339 2580 1509 2620 ibidemt.
1571 2585 1646 2621 Nec
1667 2587 1795 2621 tamen
1817 2580 1958 2635 ipsum
1983 2586 2064 2621 sola
2085 2585 2244 2620 vicariiu
2276 2587 2379 2630 pote-

173 2655 272 2689 state
303 2654 475 2689 volumus
517 2665 596 2690 esse
639 2656 876 2698 contentum,
918 2654 1009 2690 licet
1040 2654 1119 2690 solo
1152 2654 1283 2690 vicarii
1314 2654 1492 2690 nominev
1524 2657 1765 2698 censeatur,
1808 2655 1871 2689 sed
1905 2649 2021 2690 sibiW
2053 2667 2169 2699 usque
2201 2655 2247 2689 ad
2279 2655 2380 2689 aliud

170 2723 391 2759 mandatum
423 2725 595 2759 nostrum
625 2724 807 2759 adicimus
839 2724 1003 2759 officium
1034 2724 1259 2770 presidatus,
1293 2724 1540 2760 concedentes
1566 2717 1705 2759 eidem
1736 2735 1878 2759 merum
1902 2727 1939 2759 et
1962 2725 2148 2759 mixtum*
2181 2724 2377 2768 imperium

172 2794 210 2828 et
239 2793 357 2839 gladii
387 2795 628 2839 potestatem.
688 2792 737 2828 Et
768 2795 810 2828 ut
841 2794 881 2828 in
911 2793 1143 2829 facinorosos
1173 2793 1473 2829 animadvertere
1506 2793 1681 2828 valeaty
1714 2793 1792 2828 vice
1825 2796 1972 2836 nostra,
2005 2792 2200 2838 purgando
2232 2792 2379 2837 provin-

173 2861 278 2905 ciam,
310 2862 573 2898 malefactores
604 2862 787 2907 inquirat
818 2864 856 2898 et
887 2862 1044 2908 puniat
1075 2862 1276 2908 inquisitos
1309 2857 1374 2898 etl
1408 2861 1624 2907 specialiter
1655 2874 1717 2897 eos
1750 2862 1814 2906 qui
1848 2864 1985 2897 stratas
2009 2864 2047 2897 et
2068 2861 2207 2897 itinera
2232 2861 2381 2907 publica

173 2941 264 2965 ausu
307 2930 508 2966 temerario
551 2931 692 2967 violare
734 2933 966 2976 presumunt.
1038 2930 1257 2967 Criminales
1302 2931 1442 2967 etiamZ
1483 2931 1699 2975 questiones
1741 2931 1891 2965 audiat
1930 2933 1968 2965 et
2010 2930 2155 2973 civiles,
2199 2931 2381 2974 quarum²³

175 2999 361 3046 cognicio,
402 3000 434 3035 si
463 3012 532 3036 nos
563 3002 758 3046 presentes
791 3012 954 3036 essemus
987 3001 1034 3035 ad
1065 3003 1235 3036 nostrum
1267 3000 1447 3035 iudicium
1478 2999 1698 3046 pertineret.
1760 3000 1949 3035 Liberales
1981 3011 2130 3044 quoque
2163 2999 2312 3033 audiat
2345 3001 2382 3034 et

173 3069 411 3105 determinet
452 3069 680 3114 questiones.
751 3069 974 3115 Imponendi
1013 3070 1148 3105 etiam
1190 3070 1316 3105 banna
1347 3072 1385 3105 et
1416 3070 1596 3112 mulctas,
1640 3069 1703 3103 ubi
1736 3069 1960 3114 expedierit,
2000 3068 2266 3104 auctoritatem
2300 3062 2377 3103 Sibi

173 3138 383 3183 plenariam
412 3138 660 3184 impertimur.
721 3139 881 3174 Decreta
912 3139 1044 3183 utique
1076 3139 1328 3184 interponat,
1361 3150 1433 3183 que
1456 3150 1568 3184 super
1590 3138 1844 3173 transactione
1858 3133 1873 3156 ¹³
1907 3137 2206 3180 alimentorumc,
2240 3136 2378 3172 aliena-

175 3207 280 3243 cione
312 3207 650 3243 ecclesiasticarum
681 3220 805 3244 rerum
838 3201 905 3243 et*
935 3207 1122 3243 minorum
1144 3207 1345 3243 secundum
1375 3206 1564 3242 iusticiam
1588 3200 1805 3252 interponid
1838 3208 2028 3252 petuntur.
2080 3205 2238 3241 Tutores
2261 3205 2379 3240 eciam

311 3304 399 3339 266.
432 3306 464 3347 a)
489 3307 688 3339 consulibus
714 3305 746 3338 2.
881 3305 913 3347 b)
940 3306 1090 3339 consiliis
1116 3311 1148 3338 et
1175 3306 1257 3338 add.
1274 3303 1306 3338 2.
1442 3310 1470 3345 0)
1497 3317 1515 3338 e
1540 3307 1572 3338 2.
1702 3303 1735 3347 d)
1768 3306 1826 3338 lib.
1853 3305 1950 3338 cond.
1976 3305 2070 3337 hum.
2096 3303 2125 3335 2.
2246 3304 2276 3344 θ)
2304 3314 2381 3336 con-

175 3369 322 3397 cesserat
345 3364 378 3397 2.
496 3363 526 3406 f)
551 3365 767 3398 addicassent
794 3365 822 3397 1.
952 3363 986 3407 8)
1012 3365 1068 3397 eui
1095 3382 1137 3386 —
1163 3365 1334 3397 subiceret
1359 3364 1426 3396 des.
1449 3363 1477 3395 1.
1608 3362 1640 3404 h)
1667 3363 1994 3406 representacionem
2019 3360 2050 3393 2.
2169 3359 2192 3401 i)
2219 3365 2252 3393 et
2276 3361 2325 3393 sic
2349 3359 2380 3392 2.

173 3418 208 3464 k)
233 3432 379 3464 regnum
406 3421 435 3454 1.
553 3420 578 3464 1)
603 3423 855 3456 numinismatis
884 3422 911 3454 1.
1023 3422 1066 3463 ¹¹¹)
1092 3423 1194 3454 rebus
1223 3420 1251 3454 1.
1363 3421 1396 3462 Β)
1424 3422 1514 3463 ipsas
1541 3421 1574 3452 in
1601 3425 1693 3453 statu
1712 3421 1852 3463 pacifico
1870 3420 1981 3452 debite
2000 3418 2201 3462 provisionis
2218 3418 2382 3450 instantia

175 3478 371 3512 reformaret
395 3479 451 3511 vel
476 3479 558 3512 add.
577 3478 608 3512 2.
727 3482 758 3519 0)
784 3480 880 3512 mult.
906 3479 1012 3523 igitur
1036 3478 1067 3512 2.
1174 3479 1206 3520 P)
1233 3479 1305 3521 regi
1332 3478 1358 3510 1.
1469 3477 1502 3519 q)
1528 3482 1566 3509 ut
1593 3476 1622 3510 1.
1725 3476 1754 3520 r)
1780 3477 1955 3510 credidum
1981 3476 2010 3508 1.
2124 3476 2150 3516 Β)
2177 3475 2223 3507 ibi
2250 3485 2382 3517 semper

175 3544 249 3568 esse
271 3533 304 3568 2.
420 3534 447 3579 t)
472 3536 521 3568 ibi
546 3534 578 3569 2.
707 3537 741 3578 u)
767 3537 898 3570 vicaria
924 3535 954 3569 2.
1086 3538 1120 3578 v)
1146 3535 1248 3569 neces
1275 3535 1304 3567 1.
1434 3534 1475 3575 w)
1503 3535 1552 3567 ibi
1579 3534 1607 3566 1.
1738 3533 1772 3577 x)
1797 3539 1950 3568 mustum
1977 3534 2006 3566 1.
2131 3531 2164 3571 5)
2191 3536 2224 3565 et
2248 3531 2330 3563 add.
2349 3529 2380 3563 2.

176 3591 204 3631 z)
231 3591 319 3625 deest
345 3592 373 3624 1.
493 3592 525 3636 a)
551 3605 618 3635 que
643 3593 673 3626 2.
795 3594 829 3633 b)
855 3594 1084 3627 translacione
1110 3593 1140 3626 1.
1260 3592 1291 3632 c)
1318 3597 1351 3625 et
1376 3592 1458 3624 add.
1478 3590 1510 3624 2.
1631 3589 1664 3633 d)
1691 3592 1817 3634 imponi
1844 3590 1876 3624 2.

317 3683 349 3726 1)
376 3682 516 3718 Abhinc
540 3684 752 3718 contulimus
775 3683 985 3718 mandatum
1012 3694 1068 3718 nr.
1087 3688 1158 3717 217.
