2558 3970
113 931 144 955 10

111 1276 140 1300 15

109 1622 143 1647 ‘20

111 1973 142 1998 25

113 2319 146 2344 30

114 2993 146 3020 ³5

548 175 795 210 WlLflELMl
826 176 962 211 lei-:uls
988 177 1417 212 CONSTl'l'l'TlONES.
1471 179 1567 213 1248.
1611 179 1703 213 1249.
1757 180 1911 213 N123513.
1938 181 2015 215 357.
2294 184 2374 223 Α163

328 290 560 346 Postquam
610 305 773 332 summe
821 292 1175 334 considerationis
1215 293 1440 348 dispositio
1486 294 1736 337 ineffabilis.
1779 310 1860 351 que
1908 296 2085 352 provide
2130 297 2279 337 statuit
2321 297 2373 337 ab

183 363 345 411 eterno,
378 364 426 400 ut
463 373 541 401 suo
574 359 787 401 ducantur
819 360 930 402 nodo
965 361 1186 416 regiminis
1220 362 1439 411 universa,
1475 377 1550 403 nos
1584 363 1636 403 ad
1672 378 1794 405 suum
1829 371 1871 406 et
1904 366 2156 406 universalis
2190 366 2374 406 ecclesie

186 429 407 470 servitium
441 430 639 470 evocavit
664 454 713 458 —
740 430 841 470 licet
873 430 1186 471 insufficientes
1223 430 1362 471 forent
1387 438 1529 471 nostre
1563 432 1863 486 possibilitatis
1889 434 2053 475 humeri
2079 449 2154 489 pro
2179 435 2376 475 culminis

182 498 288 539 tanti
330 499 499 540 sarcina
541 497 768 539 subeunda
800 522 852 527 —
886 498 925 539 in
959 499 1052 539 eius
1087 504 1252 543 tamen,
1297 500 1363 540 eui
1411 500 1569 554 placuit
1609 502 1874 543 iuventutem
1917 511 2104 544 nostram
2149 504 2373 548 extollere,

184 566 330 609 favore
363 568 525 612 confisi.
559 581 661 608 cura
694 567 812 621 vigili
847 569 886 608 in
921 567 1194 609 solicitudine
1228 569 1381 608 mentis
1413 568 1587 609 assidua
1618 570 1756 610 radios
1788 572 1931 612 totalis
1958 579 2101 613 nostre
2126 574 2374 613 intentionis

182 635 458 678 extendimus
485 636 536 677 ad
558 642 712 678 cuncta
732 651 814 692 que
834 636 1139 692 Redemptoris
1162 637 1357 692 gloriam,
1382 638 1515 692 ipsius
1542 637 1842 680 defensionem
1863 643 2049 683 ecclesie
2070 658 2117 683 ac
2137 647 2375 683 nostrorum

182 705 373 747 fidelium
409 705 592 747 salutem
617 707 852 762 respiciant
875 713 918 748 ct
940 706 1142 761 quietem.
1197 706 1287 746 Vos
1312 707 1459 759 igitur,
1493 707 1562 761 qui
1588 722 1662 762 per
1684 709 1784 749 facti
1810 711 2152 764 experientiam⁸
2185 713 2374 752 savorem

181 780 377 816 nostrum
418 775 530 816 inter
569 775 675 816 alios
718 774 864 816 fideles
908 775 1074 830 imperii
1107 780 1149 816 et
1180 776 1364 829 gratiam
1400 777 1635 818 meruistis.
1679 778 1880 832 amplecti
1925 785 2065 820 nostre
2107 780 2375 821 celsitudinis

181 844 367 886 brachiis
412 843 688 886 intendentes
735 858 784 884 ac
820 845 949 885 vestri
983 845 1099 885 velut
1141 844 1333 889 illorum,
1379 858 1485 899 quos
1528 846 1566 885 in
1602 847 1764 899 gremio
1802 848 1917 899 regie
1951 849 2197 889 serenitatis
2234 851 2371 890 inten-

180 912 319 954 dimus
353 918 562 969 perpetuo
595 927 868 959 conservare,
903 927 1055 968 gerere
1090 912 1409 954 solicitudinem
1444 914 1636 955 volentes
1670 920 1711 954 et
1745 929 1903 961 curam,
1940 923 1984 957 ut
2015 919 2205 959 membra
2229 918 2374 974 dispo-

180 983 338 1024 sitione
371 983 522 1038 capitis
557 987 877 1031 conserventur,
911 982 964 1023 ad
989 981 1315 1038 opprimendam
1351 982 1520 1023 illorum
1555 983 1768 1024 sevitiam.
1804 999 1880 1039 per
1904 1000 2008 1040 quos
2039 987 2171 1028 multa
2195 994 2237 1028 ct
2262 989 2377 1029 varia

179 1051 338 1093 diutius
370 1052 700 1108 oppressionum
733 1066 895 1107 genera
928 1052 1144 1099 subiistis,
1184 1057 1227 1093 et
1261 1052 1655 1107 recompensandos
1689 1053 1860 1095 labores
1896 1062 2061 1097 vestros
2096 1057 2376 1097 retributione

181 1134 406 1163 munerum
439 1121 610 1163 liberali
634 1121 686 1162 ad
719 1126 865 1177 partes
890 1121 1015 1162 Italic
1038 1122 1156 1176 regia
1181 1121 1340 1162 vexilla
1364 1121 1588 1162 victoriose
1613 1121 1798 1177 dirigere
1822 1123 2022 1165 duximus
2047 1125 2375 1181 disponendum.

181 1189 268 1232 Sed
301 1190 400 1232 dum
434 1190 600 1232 obsidio
634 1191 818 1232 civitatis
853 1191 1070 1246 Aquensis
1104 1195 1296 1231 nostrum
1340 1190 1580 1232 retardaret
1611 1190 1863 1237 adventum.
1907 1193 2107 1235 dilectum
2142 1196 2375 1250 principem

180 1265 371 1302 nostrum
405 1260 588 1302 electum
623 1260 872 1316 Spirensem
902 1260 1136 1315 imperialis
1169 1260 1267 1300 aule
1302 1259 1604 1301 cancellarium
1640 1260 1693 1301 ad
1725 1262 1898 1303 easdem
1935 1271 2078 1318 partes
2112 1264 2376 1319 providimus

179 1328 500 1371 destinandum.
562 1328 693 1370 Cuius
716 1330 979 1385 presentiam
1004 1329 1155 1370 utilem
1180 1329 1356 1370 instanti
1380 1329 1671 1384 promovendo
1697 1331 1871 1385 negotio
1897 1332 2118 1373 nobiscum
2144 1333 2376 1374 retinentes

179 1398 232 1441 ad
272 1403 465 1454 tempuS,
509 1413 562 1440 ne
601 1399 744 1454 aliqua
786 1398 926 1440 medio
973 1404 1166 1454 tempore
1212 1399 1378 1454 possint
1424 1399 1675 1453 contingere
1723 1399 1846 1440 nobis
1886 1401 2113 1442 inferentia
2160 1402 2376 1446 lesionem.

179 1468 366 1510 nobilem
397 1469 535 1510 virum
567 1468 866 1524 R(einaldum)
901 1468 953 1509 de
985 1467 1179 1524 Suppino
1214 1469 1414 1509 comitem
1437 1467 1693 1510 Romaniole
1727 1469 1931 1511 dilectum
1964 1471 2135 1512 fidelem
2166 1478 2374 1522 nostrum,

179 1537 232 1580 de
267 1538 387 1579 cuius
420 1542 602 1594 experta
633 1537 850 1594 probitate
874 1536 1140 1589 confidimus,
1174 1537 1296 1578 cuius
1321 1537 1614 1579 sinceritatem
1640 1538 1798 1579 nullius
1823 1541 2116 1594 suggestionis
2141 1542 2376 1596 perversio,

179 1607 338 1650 nullius
377 1607 634 1649 conditionis
675 1607 889 1663 impulsus
927 1607 1173 1661 nulliusque
1215 1606 1337 1648 labes
1380 1608 1668 1663 corruptionis
1702 1614 1849 1649 contra
1881 1608 2156 1651 devotionem
2192 1611 2376 1651 ecclesie

177 1678 255 1719 acb
294 1676 546 1718 fidelitatem
591 1681 780 1718 nostram
825 1676 1042 1732 aliquibus
1085 1677 1223 1732 potuit
1263 1677 1443 1717 maculis
1487 1676 1734 1731 denigrare,
1780 1678 2078 1720 constituimus
2119 1679 2376 1721 excellentie

179 1751 324 1789 nostre
348 1747 553 1788 vicarium
587 1747 629 1787 in
663 1746 858 1803 partibus
879 1745 1156 1797 Lombardic,
1191 1745 1342 1788 eodem
1367 1746 1626 1788 cancellario
1650 1751 1793 1787 nestro
1818 1748 2119 1789 nichilominus
2144 1764 2165 1789 e
2192 1748 2374 1803 vestigio

178 1821 457 1872 properante,
506 1815 703 1858 fidelitati
746 1821 889 1857 vestre
933 1815 1067 1857 nostri
1112 1815 1310 1857 culminis
1354 1816 1612 1857 auctoritate
1660 1815 1939 1862 mandantes,
1989 1822 2035 1858 ut
2079 1819 2117 1859 ei
2160 1823 2376 1872 tamquam

179 1885 304 1928 nobis
337 1885 380 1927 in
412 1885 610 1928 omnibus
646 1900 729 1942 que
762 1885 816 1927 ad
849 1885 1072 1941 imperiale
1106 1885 1343 1926 dominium
1377 1886 1594 1941 pertinent
1627 1885 1877 1927 intendatis.
1939 1886 2027 1928 Nos
2052 1887 2165 1928 enim
2191 1888 2313 1928 firma
2336 1892 2377 1928 et

183 1958 277 1996 rata
308 1969 481 2011 semper
512 1955 770 1998 habebimus
804 1955 969 2007 banna,
1003 1959 1181 2005 statuta,
1216 1955 1455 1997 sententias
1489 1960 1532 1996 et
1565 1960 1791 2011 precepta,
1825 1970 1907 2011 que
1942 1971 2019 1998 sua
2054 1956 2381 2011 circumspectio

181 2023 356 2067 duxerit
377 2024 651 2081 proferenda,
686 2029 729 2067 et
752 2039 807 2067 ex
834 2039 947 2066 nunc
970 2025 1078 2080 ipsa,
1109 2030 1154 2065 ut
1177 2025 1219 2065 in
1242 2023 1434 2065 futurum
1458 2023 1639 2065 validius
1664 2024 1960 2073 observentur,
1995 2025 2207 2081 presentis
2232 2025 2380 2080 scripti

181 2094 336 2136 robore
371 2095 686 2137 confirmamus.
751 2093 821 2136 Sic
854 2095 999 2150 itaque
1033 2094 1117 2135 sibi
1151 2095 1193 2135 in
1227 2107 1410 2150 persona
1443 2097 1590 2134 nostra
1623 2095 1743 2135 velut
1774 2095 1847 2135 uni
1880 2110 1934 2137 ex
1957 2095 2195 2137 carioribus
2226 2095 2380 2135 nostris

181 2164 386 2206 membris
426 2165 601 2220 plenam
644 2164 933 2206 obedientiam
979 2164 1174 2206 exhiberi
1215 2164 1395 2215 curetis,
1440 2164 1588 2218 sicque
1621 2163 1662 2204 in
1702 2178 1887 2219 persona
1919 2170 2065 2206 nostra
2097 2165 2135 2206 ei
2170 2165 2374 2207 honorem

182 2232 374 2276 debitum
406 2233 687 2289 impendatis,
730 2239 802 2275 utc
835 2248 930 2275 cum
965 2234 1008 2275 in
1041 2233 1236 2290 partibus
1269 2233 1354 2274 illis
1396 2233 1659 2288 presentiam
1693 2238 1882 2276 nostram
1916 2234 2070 2276 adesse
2105 2235 2380 2289 contingerit,

181 2303 330 2345 fractis
362 2304 597 2360 repagulis,
630 2318 713 2360 que
737 2303 962 2359 hucusque
987 2307 1246 2360 conceptum
1271 2302 1472 2344 veniendi
1506 2303 1774 2358 propositum
1804 2303 2089 2352 retardarunt,
2123 2318 2171 2344 ac
2197 2303 2380 2344 inimicis

181 2372 411 2414 victoriose
458 2377 604 2415 nostro
652 2373 832 2429 imperio
878 2373 1140 2428 subiugatis,
1188 2372 1402 2428 gradatim
1445 2372 1703 2427 quemlibet,
1754 2373 1871 2414 velut
1913 2387 2085 2414 suorum
2127 2373 2376 2414 meritorum

181 2441 386 2497 suffragia
417 2443 707 2498 poposcerint,
741 2443 876 2498 gratis
909 2442 1135 2484 beneficiis
1168 2447 1211 2483 et
1243 2441 1384 2497 dignis
1417 2441 1653 2482 honoribus
1687 2442 1948 2483 attollamus.

324 2510 424 2553 Dat.
457 2512 501 2553 in
533 2513 686 2554 castris
706 2513 718 2536 ¹
751 2516 830 2554 etc.

812 2865 944 2934 357.
996 2859 1755 2934 IURAMENTUM

460 2965 1160 3040 INNOCENTIO
1206 2966 1326 3037 IV.
1370 2962 2092 3036 PRAESTITUM.

1066 3092 1209 3140 1249.
1248 3092 1392 3140 Febr.
1429 3093 1502 3139 19.

326 3241 638 3291 Iummentum,
678 3239 786 3293 quod
824 3239 881 3280 ad
921 3239 1057 3279 instar
1088 3238 1316 3280 iuramenti
1346 3236 1672 3290 Haycnowcnsis
1702 3234 1910 3275 Fridere'ci
1933 3233 1994 3274 ΙΙ.
2027 3234 2196 3274 ιι.121.’)
2228 3236 2377 3282 (supra

184 3321 250 3351 nr.
274 3311 348 3364 66)
382 3308 617 3364 formatum
654 3312 732 3360 est,
772 3322 863 3350 cum
900 3308 989 3349 eius
1026 3306 1312 3361 autographon
1348 3307 1394 3347 in
1433 3305 1642 3346 tabulario
1672 3303 1871 3344 Vaticano
1910 3301 2084 3353 reperiri
2114 3314 2197 3341 non
2227 3302 2375 3352 posset,

185 3377 303 3419 ‘nobis
324 3378 613 3430 praebuerunt
655 3378 695 3429 1)
729 3379 1027 3420 trans-sumtum
1058 3376 1110 3417 ab
1141 3375 1329 3417 Iohanne
1359 3374 1407 3415 cle
1431 3373 1590 3415 Amelc'o
1620 3387 1659 3416 (ι.
1685 3373 1795 3413 1339
1827 3371 2068 3423 confectum,
2107 3369 2215 3422 quod
2244 3370 2377 3409 ezstat

186 3445 232 3487 in
260 3447 469 3489 tabulario
494 3450 642 3489 secreto
668 3447 881 3496 Vaticano,
904 3446 1023 3487 Arm.
1043 3446 1073 3488 I
1089 3458 1198 3497 caps.
1213 3445 1260 3486 X
1283 3458 1349 3486 nr.
1369 3446 1444 3494 18;
1475 3442 1647 3484 contum
1678 3442 1740 3482 vir
1761 3441 1808 3481 cl.
1826 3439 1964 3490 Kelzr,·
1997 3438 2041 3493 2)
2064 3438 2186 3479 editio
2209 3436 2376 3479 Wizrdt-

186 3515 328 3560 weinii
357 3515 491 3558 ‘Nova
521 3516 710 3558 subsidia
739 3515 1017 3568 diplomatica’
1051 3515 1131 3566 XI,
1153 3516 1221 3565 22,
1252 3528 1357 3568 quac
1387 3511 1540 3553 nititur
1561 3510 1692 3552 codice
1714 3508 1974 3551 bibliothecae
2004 3507 2230 3548 Vaticanac
2254 3507 2376 3555 6108,

322 3619 410 3654 356.
443 3620 474 3663 a)
500 3622 768 3665 experigentiam
794 3633 822 3654 c.
940 3619 973 3663 b)
999 3621 1043 3653 ad
1068 3632 1093 3653 c.
1213 3620 1242 3661 ὓ)
1269 3625 1302 3652 et
1326 3628 1492 3660 superscr.
1518 3621 1557 3648 ut
1580 3627 1607 3648 c.

326 3712 361 3756 1)
385 3711 457 3746 scil.
480 3710 581 3760 apud
604 3711 881 3759 Aquisyranum.
