2558 3970
112 1395 144 1420 10

110 1801 141 1826 15

108 2152 142 2179 20

108 2499 140 2526 25

108 2844 142 2870 30

111 3190 143 3216 35

698 151 908 186 OTTONIS
938 151 995 185 IV.
1024 152 1456 188 CONS'rl'l‘UTloNEs.
1511 156 1606 189 119⁸.
1659 156 1720 189 Nr.
1743 157 1792 189 18.
1824 158 1873 190 19.
2333 163 2383 200 23

185 267 238 309 de
270 267 545 317 Wikerothe,
580 266 821 307 Henricus¹¹
854 272 897 307 et
930 266 1184 308 Gerhardus
1218 268 1270 308 de
1296 268 1626 313 Volnnitstein¹¹,
1665 270 1958 311 Hei-inmunus
1992 272 2226 313 advocatus
2258 276 2381 314 (mlo-

185 336 361 386 niensis,
404 335 700 377 Herimannus
744 335 796 376 de
839 334 1021 376 Aluetre
1062 337 1366 380 marescalcus.
1409 341 1511 378 Otto
1555 341 1832 389 camerarius,
1874 340 2112 395 lta-ymarus
2145 342 2197 381 ‹lc
2235 342 2385 384 ltotlic.

185 403 460 446 Giselbertus
492 404 546 446 de
580 403 769 445 Cerreke
802 408 846 445 et
877 404 950 444 alii
984 418 1110 458 quam
1145 405 1290 460 plures
1325 407 1401 446 viri
1437 407 1644 449 honorati.

331 474 511 529 Signum
544 473 704 514 domini
737 472 908 513 Ottonis
940 505 946 512 .
973 507 978 513 .
1006 507 1013 513 .
1039 480 1065 514 ‚f
1097 474 1235 528 quarti
1263 506 1271 514 .
1298 507 1305 515 .
1333 509 1338 515 .
1365 482 1390 516 ‚¹
1426 475 1713 516 Romanorum
1746 478 1857 528 regis
1891 479 2173 519 mvn-tissimi.
2215 480 2308 532 (Μ.)

912 862 1139 930 18-22.
1191 859 1677 930 ELECTJO

318 961 455 1032 ET
510 961 1171 1034 CORONATIO
1225 963 1875 1051 AQUISGQAN
1909 965 1959 1035 1⁴]
1987 966 2042 1035 N
2068 967 2114 1034 S
2142 966 2156 1034 Ι
2183 967 2246 1035 Η.

1011 1090 1165 1145 (1198
1206 1093 1319 1149 post
1356 1090 1444 1136 Iul.
1482 1091 1576 1145 102.)

544 1232 614 1274 18.
653 1232 958 1275 EPISTULA
992 1232 1254 1275 oTTONJS
1287 1232 1481 1275 REGIS
1513 1232 1599 1273 Al)
1632 1233 2036 1275 J’oNTllv'lea'M.

323 1313 369 1354 E
400 1312 586 1366 chistri
624 1313 862 1354 Innocentii
892 1312 984 1354 III.
1026 1316 1120 1355 tom.
1154 1312 1217 1354 VI
1249 1312 1369 1366 (Rcy.
1403 1313 1450 1353 dc
1486 1314 1644 1365 ncyote'o
1682 1313 1865 1364 imperii)
1899 1314 1977 1368 sol.
2001 1319 2029 1354 :3
2059 1330 2118 1366 ep.
2142 1320 2179 1360 .‘›'‚
2225 1316 2292 1355 ubi
2325 1317 2386 1354 in-

179 1381 376 1424 scribitur
413 1382 580 1424 Littere
620 1383 734 1438 regis
768 1382 939 1423 Ottonis
983 1382 1035 1423 ad
1075 1382 1296 1424 dominum
1331 1395 1509 1437 papan1;
1552 1382 1725 1423 contulit
1767 1383 1829 1422 υἰν
1860 1382 1899 1424 d.
1932 1383 2073 1435 'l'awsL
2109 1408 2158 1413 —
2200 1384 2385 1427 Balanos.

178 1449 280 1505 Rey.
313 1451 408 1504 imp.
441 1450 485 1502 V,
506 1453 604 1493 202.
2029 1452 2100 1496 (P.
2123 1458 2241 1505 20:2¹.)

325 1578 611 1621 Sanctissimo
643 1579 685 1620 in
710 1578 883 1621 Christo
914 1579 1026 1634 patri
1050 1593 1098 1619 ac
1123 1578 1293 1620 domino
1318 1578 1532 1633 spirituali
1559 1578 1856 1631 I(nnocentio)
1891 1584 2165 1620 sacrosancte
2191 1579 2382 1621 Romano

177 1649 360 1691 ecclesie
394 1663 559 1690 summo
583 1648 773 1704 pontifici
797 1647 899 1689 Otto
923 1647 1067 1689 divina
1094 1649 1298 1689 favente⁸
1327 1648 1466 1703 gratia
1488 1647 1784 1688 Romanorum
1810 1662 1885 1688 rex
1910 1653 1951 1687 et
1981 1663 2151 1703 semper
2175 1656 2383 1701 augustus

178 1718 361 1760 salutem
396 1733 445 1760 ac
478 1718 623 1759 filialis
656 1717 900 1759 devotionis
933 1716 1137 1757 affectum
1171 1731 1267 1758 cum
1302 1716 1449 1758 debita
1481 1717 1739 1758 reverentia.

323 1787 536 1829 Navicula
567 1787 687 1829 Petri
730 1785 988 1842 quibusdam
1030 1791 1146 1828 retro
1189 1786 1456 1842 temporibus
1491 1787 1842 1842 persecutionum
1877 1787 2076 1828 fluctibus
2111 1792 2175 1829 cst
2208 1789 2383 1839 agitata.

179 1861 223 1899 et
254 1857 336 1898 nisi
370 1857 557 1898 ecclesia
589 1856 674 1897 Dei
705 1857 747 1897 in
781 1860 904 1911 petra
937 1854 1109 1896 Christo
1143 1855 1322 1896 fundata
1355 1855 1508 1897 fuisset
1541 1860 1584 1896 et
1616 1855 1811 1898 solidata.
1854 1856 1936 1896 iam
1971 1871 2199 1911 pravorum
2236 1872 2380 1912 perse-

178 1926 424 1968 cutionibus
458 1926 665 1967 inclinata
696 1924 888 1966 funditus
921 1925 1171 1966 corruisset.
1233 1924 1282 1965 In
1318 1925 1411 1980 ipsa
1444 1925 1602 1965 etenim
1634 1925 1935 1980 persecutione
1968 1927 2216 1981 progenitor
2240 1931 2385 1967 noster

176 1994 397 2037 Henricus
439 1995 527 2036 dux
565 1994 756 2036 Saxonie
800 1995 840 2035 in
886 1994 971 2035 fide
1015 1999 1164 2035 sancte
1205 1994 1403 2036 Romane
1448 1994 1633 2035 ecclesie
1681 1993 1975 2035 indesinenter
2014 2010 2298 2050 perseverans
2343 2003 2385 2035 vt

178 2066 391 2108 voluntati
415 2070 544 2122 atque
576 2066 719 2121 inique
743 2066 1024 2107 dominationi
1048 2065 1258 2107 Friderici
1281 2065 1497 2121 quondam
1522 2066 1792 2120 imperatoris
1818 2065 2064 2105 nullatenus
2090 2065 2383 2118 acquiescens.

176 2139 358 2177 matrem
393 2149 514 2177 suam
548 2136 832 2191 spiritualem,
867 2140 1060 2176 sanctam
1092 2134 1297 2177 videlicet
1326 2134 1570 2176 Romanam
1605 2135 1851 2178 ecclesiam,
1887 2135 1927 2174 in
1962 2134 2159 2174 omnibus
2194 2139 2259 2174 est
2293 2135 2382 2174 imi-

175 2208 314 2253 tatus;
347 2204 532 2260 ideoque
565 2205 819 2260 prevalente
853 2203 1080 2260 impiorum
1115 2204 1416 2259 persecutione
1450 2203 1626 2244 honoris
1662 2203 1726 2243 sui
1761 2203 1969 2257 dignitate
2004 2204 2209 2258 privatus.
2253 2204 2382 2243 exilio

177 2288 273 2316 cum
315 2274 462 2315 liberis
510 2278 553 2315 et
599 2273 882 2315 familiaribus
930 2274 1019 2314 suis
1059 2272 1256 2314 addictus
1295 2273 1374 2313 fuit
1421 2276 1463 2314 ct
1503 2273 1743 2328 expositus.
1807 2272 1969 2313 Volens
2015 2272 2145 2327 igitur
2187 2272 2383 2313 dominus

178 2344 364 2386 ecclesie
398 2357 475 2384 suc
508 2347 668 2384 statum
700 2344 743 2384 in
775 2343 931 2385 melius
965 2343 1204 2384 reformare
1239 2347 1282 2384 et
1313 2342 1441 2384 fidem
1475 2356 1523 2383 ac
1546 2342 1821 2383 devotionem
1855 2343 1937 2382 iam
1965 2341 2066 2382 dicti
2091 2342 2224 2396 patris
2249 2343 2381 2382 nostri

178 2413 221 2455 in
254 2413 343 2454 suis
376 2413 563 2468 posteris
602 2425 893 2464 remunerare,
936 2426 1015 2454 sua
1045 2411 1258 2454 ineffabili
1298 2412 1533 2453 clementia
1565 2411 1720 2452 effecit.
1763 2410 1876 2465 quod
1910 2425 1984 2451 nos
2017 2411 2070 2451 ab
2105 2411 2381 2451 obtimatibus

179 2487 222 2525 et
252 2482 522 2539 principibus
562 2482 747 2538 imperii,
788 2481 841 2524 ad
885 2495 992 2537 quos
1037 2481 1090 2523 de
1124 2482 1215 2523 iure
1250 2485 1421 2537 spectat
1454 2481 1623 2526 electio,
1663 2480 1715 2521 ad
1752 2481 1870 2535 regni
1905 2480 2197 2534 gubernacula
2231 2494 2284 2520 ex
2320 2481 2378 2520 in-

177 2552 349 2608 opinato
382 2551 525 2592 vocati
558 2565 706 2592 sumus
740 2557 783 2592 et
814 2551 960 2599 electi;
1001 2551 1043 2592 in
1077 2550 1180 2593 sede
1214 2565 1384 2606 quoque
1418 2554 1700 2605 augustorum
1736 2549 1848 2604 apud
1884 2550 2206 2604 Aquisgranum
2241 2550 2382 2593 locati,

176 2621 547 2663 consecrationem
590 2625 632 2661 et
675 2621 1000 2662 coronationem
1042 2635 1066 2661 a
1109 2634 1240 2661 manu
1272 2619 1414 2661 Adolfi
1449 2618 1724 2660 Coloniensis
1763 2619 2075 2674 archiepiscopi
2110 2619 2382 2673 presentibus

175 2690 441 2746 principibus
487 2705 539 2732 ea
585 2704 669 2745 qua
711 2690 858 2731 decuit
897 2690 1218 2745 sollempnitate
1260 2703 1355 2730 cum
1396 2688 1664 2744 plenitudine
1704 2689 1822 2743 regie
1865 2687 2084 2741 dignitatis
2119 2688 2379 2742 accepimus.

177 2759 414 2814 Cupientes
455 2759 586 2814 igitur
623 2773 798 2814 gressus
838 2763 1009 2800 nostros
1049 2759 1102 2800 ab
1144 2758 1237 2814 ipso
1271 2757 1411 2813 dirigi,
1454 2772 1531 2812 per
1562 2771 1689 2812 quem
1729 2771 1855 2811 reges
1891 2761 2072 2810 regnant
2105 2762 2147 2796 et
2180 2762 2378 2811 potentes

178 2829 371 2870 scribunt
401 2829 623 2879 iustitiam,
657 2828 834 2883 dignum
866 2828 1068 2870 duximus
1105 2829 1199 2884 ipsa
1232 2827 1458 2869 electionis
1490 2831 1635 2867 nostre
1659 2826 1763 2866 hora
1789 2826 2030 2866 iuramento
2054 2826 2233 2865 firmare.
2269 2825 2379 2879 quod

178 2899 479 2954 possessiones
513 2902 556 2939 et
587 2898 680 2939 iura
710 2897 907 2939 Romane
940 2897 1124 2939 ecclesie
1157 2897 1426 2951 aliarumque
1461 2895 1742 2937 ecclesiarum
1788 2895 1954 2949 imperii
1987 2894 2107 2934 firma
2141 2898 2183 2933 et
2216 2893 2380 2934 illibata

177 2967 446 3009 servabimus
492 2972 535 3008 et
584 2967 698 3022 quod
744 2967 1099 3008 consuetudinem
1148 2967 1264 3007 illam
1305 2965 1632 3011 detestabilem,
1682 2979 1765 3019 qua
1813 2964 2129 3019 episcoporum,
2176 2962 2379 3003 abbatum

176 3037 418 3092 principum
462 3036 515 3078 de
557 3036 638 3077 hac
671 3037 759 3077 vita
789 3037 1069 3091 migrantium
1111 3036 1221 3076 bona
1265 3040 1461 3091 tempore
1504 3035 1655 3075 mortis
1696 3033 1843 3074 relicta
1883 3031 2052 3087 quidam
2096 3031 2228 3072 nostri
2261 3036 2379 3072 ante-

181 3119 379 3147 cessores
412 3105 623 3147 hactenus
657 3106 945 3161 occupabant,
980 3105 1153 3146 omnino
1187 3106 1228 3146 in
1255 3108 1473 3160 posterum
1497 3103 1763 3144 dimittemus
1788 3107 1831 3143 et
1853 3101 1905 3142 de
1930 3100 2215 3141 beneficentia
2239 3105 2381 3141 nostra

180 3174 445 3230 principibus
492 3175 799 3216 ecclesiasticis
846 3176 888 3216 in
936 3179 1195 3230 perpetuum
1244 3174 1508 3215 relaxamus,
1585 3172 1777 3213 Petimus
1817 3184 1918 3225 crgo
1959 3175 1999 3209 ct
2039 3183 2133 3209 cum
2177 3169 2380 3209 instantia

178 3244 432 3299 paternitati
474 3248 619 3286 vestre
658 3244 968 3299 supplicamus,
1010 3243 1212 3298 quatinus
1250 3243 1380 3284 fidem
1421 3256 1470 3283 ac
1510 3241 1783 3282 devotionem
1818 3243 2006 3279 nostram
2040 3237 2380 3280 considerantes

177 3313 336 3354 merita
368 3326 539 3368 quoque
571 3312 706 3368 patris
741 3317 784 3354 et
805 3313 1007 3354 avunculi
1040 3313 1178 3354 nostri
1205 3313 1319 3367 regis
1343 3312 1515 3366 Anglie,
1549 3310 1621 3365 qui
1644 3323 1862 3363 nunquam
1887 3308 1940 3348 ab
1965 3307 2172 3361 obsequio
2197 3307 2379 3348 ecclesie

179 3380 385 3437 Romane,
410 3386 699 3431 recesserunt,
740 3381 792 3422 ad
833 3382 1085 3423 memoriam
1118 3384 1393 3430 revocantes,
1439 3379 1616 3420 iniurias
1658 3378 1787 3419 etiam
1830 3376 2018 3431 Philippi
2061 3374 2178 3416 ducis
2223 3374 2379 3416 Sueuie

180 3450 395 3505 quondam
430 3450 550 3491 ducis
583 3450 742 3492 Tuscie
776 3455 819 3491 et
851 3451 987 3506 patris
1011 3455 1055 3492 et
1076 3450 1222 3491 fratris
1247 3450 1336 3490 eius
1360 3463 1445 3490 non
1469 3447 1806 3495 dissimulantes,
1841 3460 1915 3486 nos
1940 3445 2103 3499 regiam
2125 3443 2378 3497 dignitatem

112 3533 146 3558 ιο
182 3518 363 3574 adeptos
396 3518 450 3560 ad
480 3519 649 3574 imperii
682 3519 1056 3561 consecrationem
1078 3532 1235 3560 vocare
1259 3517 1510 3573 dignemini,
1545 3516 1641 3557 illos
1675 3516 1852 3570 insuper
1876 3514 2107 3569 episcopos
2132 3517 2174 3553 ct
2199 3512 2379 3552 abbates

318 3621 378 3657 17.
409 3623 442 3665 ⁴³)
467 3618 717 3657 Volmi’ltsteine
742 3624 783 3656 L.
802 3624 842 3656 P.
960 3624 988 3665 r)
1014 3624 1161 3665 spatium
1187 3623 1221 3655 ἰιι
1247 3635 1296 3656 or.
1323 3623 1476 3655 relictum
1502 3622 1541 3654 P.

318 3690 379 3726 18.
410 3691 442 3735 a)
467 3693 615 3726 faciente
639 3704 666 3726 c.

2409 2767 2490 2792 l'wx.
2509 2772 2522 2787 Μ

2450 2059 2468 2066 κ
