2558 3970
172 189 252 229 580
653 182 1057 217 CONFOEDERATIO
1083 181 1217 216 PACIS
1244 180 1495 216 RHENANA.
1545 182 1644 216 1254.
1692 182 1876 218 Nr.4281.

172 299 552 351 eonfoederatarum
583 297 831 346 dinumerat,
866 310 893 337 a
913 296 1077 337 Pertzio
1107 296 1215 338 male
1245 295 1492 348 disruptum,
1523 309 1608 337 non
1636 297 1906 338 collectionem
1936 297 2212 350 ycnuinorum
2230 300 2361 351 yesto-

172 382 262 408 rum
301 369 565 407 coni-entumn
611 365 793 414 illorum,
837 364 907 405 sed
937 365 1078 416 potius
1108 364 1349 406 relationem
1388 364 1644 414 historicam,
1685 378 1789 417 quae
1819 365 1972 406 nititur
2000 365 2124 418 ‚qestis
2150 366 2357 419 yenuinis,

170 449 269 484 esse,
304 435 470 485 primus
500 448 539 475 a.
565 433 675 473 1879
704 433 878 485 gJIoriose
915 432 1190 484 comprobavit
1231 433 1296 473 vir
1333 433 1382 475 cl.
1412 432 1672 474 Weiesa'clter
1703 432 1737 474 b.
1760 445 1812 474 m.
1849 433 1896 473 in
1934 433 2039 474 libro
2069 433 2224 486 eyreyio
2255 433 2357 474 ‘Der

171 502 416 544 Illu’iniselie
448 501 606 543 Bund'.
668 501 784 542 Idem
815 501 880 541 vir
910 501 957 542 el.
989 503 1092 542 recte
1123 501 1282 541 censuit
1296 501 1322 551 1,
1352 500 1459 542 lianc
1488 500 1733 542 relationem
1758 500 2020 552 compositam
2042 514 2126 543 csse
2147 516 2175 542 a
2195 502 2356 543 civitate

168 571 422 623 sslinyuntina
453 583 496 610 co
527 569 709 619 consilio,
741 571 786 609 ut
810 582 888 620 per
919 583 1008 609 eam
1038 568 1184 610 civitas
1214 568 1466 619 Ratisbona,
1498 582 1602 621 quae
1632 583 1673 612 a.
1695 569 1820 612 1256.
1857 568 1939 610 Oct.
1961 570 1991 610 2
2021 569 2068 610 in
2097 569 2358 622 confoedera-
2411 583 2426 607 5

169 641 315 680 tionem
347 639 522 679 intravit
536 638 563 687 ²,
604 651 650 678 ea
694 651 799 689 quae
838 638 884 678 in
923 637 1186 678 concentibus
1224 639 1350 679 antea
1386 637 1539 678 habitis
1571 639 1751 679 tractata
1782 639 1916 678 essent
1945 640 2204 691 coynosceret.
2266 637 2359 680 Viri

168 707 392 749 clarissimi
434 707 601 759 vestigiia
637 708 868 758 prementes
908 708 1087 747 tenorem
1124 706 1270 758 scripti
1311 706 1444 747 nostri
1474 706 1731 756 continuum,
1775 706 1939 758 qualem
1969 705 2121 748 codices
2144 707 2358 759 praebent,

167 777 365 825 sistimus,
399 775 566 816 retentis
595 774 781 815 nmneris
803 777 840 815 et
861 775 1043 828 capitum
1065 774 1259 827 (I—XI)
1290 777 1326 815 et
1351 774 1716 827 parayrapliorum
1737 789 1764 815 a
1793 773 2075 817 Weiesc'ickero
2097 774 2359 817 inductorum

167 847 203 883 et
233 844 404 885 adiectis
446 843 804 895 inscriptionibus,
845 856 950 895 quac
989 845 1209 884 conventus
1249 842 1434 895 sinyulos
1464 845 1501 883 et
1537 844 1694 894 tempus
1724 841 1918 884 indicent.
1984 842 2119 897 Caput
2148 842 2220 895 VI,
2251 843 2360 896 quod

169 913 337 954 nomina
368 912 746 963 confoederatorum
777 911 974 961 continet,
1014 925 1039 952 a
1070 924 1143 952 suo
1174 911 1257 952 loco
1279 911 1491 962 primario
1521 910 1754 960 aberrasse,
1793 924 1909 952 nemo
1937 924 2022 952 non
2052 911 2181 963 videt;
2217 912 2357 964 capita
2395 925 2426 950 ιο

167 981 280 1022 ΙΙ-
294 980 340 1023 V.
380 980 472 1022 VII
480 980 618 1022 —XI
642 982 833 1032 eecerpta
865 979 979 1020 modo
1006 981 1210 1032 yestorum
1239 979 1516 1032 ycnuinorum
1540 979 1751 1031 praebere,
1782 982 1885 1021 recte
1914 979 2174 1022 Weizsa’cker
2203 979 2356 1034 aryuit,

169 1050 210 1090 id
249 1049 356 1102 quod
396 1051 500 1091 satis
542 1063 743 1102 superque
785 1049 988 1090 evincitur
1025 1051 1261 1100 comparato
1300 1048 1432 1100 eapite
1463 1048 1538 1089 IX
1572 1061 1662 1089 cum
1698 1048 1824 1101 yestis
1863 1051 2085 1090 conventus
2114 1047 2359 1102 Moyuntini

165 1133 205 1159 a.
229 1120 353 1161 1250.
387 1133 436 1159 m.
460 1117 623 1159 Martio
654 1117 798 1167 habiti,
830 1131 934 1169 quae
965 1119 1187 1168 supersunt
1218 1117 1358 1170 (infra
1379 1129 1444 1157 nr.
1466 1118 1582 1170 434).
1634 1115 1700 1157 De
1721 1116 1852 1168 capite
1873 1116 1904 1158 I
1919 1118 2196 1159 controversia
2217 1117 2358 1170 aqitur

169 1187 275 1227 inter
309 1187 416 1228 riros
447 1186 590 1228 doctos.
655 1186 882 1238 Postquam
913 1185 1171 1228 Wciesa'ekcr
1198 1185 1376 1236 probare
1407 1187 1577 1226 conatus
1607 1187 1676 1234 est,
1707 1184 1779 1226 lioc
1800 1188 1925 1237 caput
1945 1185 2152 1227 continere
2172 1185 2358 1227 chartam

160 1255 428 1308 fundationis
461 1254 644 1310 foederis
685 1256 885 1308 inteyram
923 1257 960 1295 et
995 1254 1238 1307 yenuinam,
1277 1256 1443 1296 econtra
1485 1253 1643 1306 Quidele
1683 1252 1870 1295 ‘Studien
1899 1266 1976 1295 eur
2010 1253 2227 1296 deutschen
2257 1253 2355 1296 Ver·
2394 1266 2424 1291 ¹5

160 1324 382 1377 fassunys-
412 1324 498 1364 und
525 1323 1056 1377 IVirtliseliaftsyescliiclite’
1078 1323 1114 1373 I,
1133 1323 1274 1363 5—17
1301 1322 1563 1376 oravissimis
1584 1322 1840 1374 aryumentis
1862 1322 2080 1373 contendit,
2111 1323 2157 1364 in
2179 1323 2310 1376 capite
2331 1322 2363 1364 Ι

165 1392 350 1433 chartam
375 1392 647 1447 fundationis
677 1392 886 1433 variatam
914 1404 998 1433 6336
1029 1391 1290 1432 intercalatis
1319 1391 1367 1431 in
1388 1390 1556 1432 eoeordio
1586 1390 1824 1432 nominibus
1853 1391 2067 1434 civitatum
2087 1392 2359 1444 complurium

167 1461 458 1512 (coloniensis,
492 1461 718 1513 Spirensis,
750 1461 1084 1514 Aryentinensis,
1117 1460 1394 1510 Basiliensis)
1425 1463 1463 1501 et
1492 1460 1538 1500 in
1568 1460 1597 1515 ἕ
1617 1461 1679 1501 266
1703 1459 1947 1512 principum
1969 1461 2164 1511 omnium,
2194 1462 2358 1512 excepto

163 1530 464 1581 arclu'episeopo
495 1529 760 1583 Illoyuntino,
792 1530 864 1582 qui
888 1529 1148 1582 postmodum
1169 1528 1341 1579 demum,
1365 1531 1463 1580 post
1493 1528 1600 1570 diem
1623 1527 1898 1583 fundationis
1928 1529 2071 1582 (1254.
2099 1529 2184 1572 Iul.
2206 1531 2281 1582 13)
2310 1529 2355 1570 in

157 1598 305 1651 foedus
338 1598 617 1639 intravissent.
2392 1607 2426 1632 20

305 1667 541 1708 Editionem
583 1666 863 1707 'instruoeimus
900 1665 1115 1717 subsidiis,
1157 1680 1263 1718 quae
1293 1668 1392 1707 sunt
1422 1665 1544 1707 llaec:
1586 1664 1626 1721 1)
1658 1666 1822 1707 rotulus
1852 1665 2186 1708 membranaceus
2214 1667 2359 1719 mayni

156 1736 297 1787 pretii,
329 1736 401 1788 qui
431 1736 564 1777 denuo
594 1738 780 1787 repertus
810 1737 1053 1776 asservatur
1084 1735 1131 1776 in
1162 1735 1371 1776 tabulario
1392 1735 1511 1787 reyni
1533 1734 1765 1785 Bawarici,
1796 1734 1896 1775 olim
1917 1737 2188 1788 teyurnentum
2209 1734 2358 1776 codicis

163 1804 436 1845 traditionum
476 1804 745 1845 Pataciensis
781 1805 981 1854 existens,
1024 1817 1142 1856 quem
1178 1803 1307 1845 edidit
1347 1803 1432 1845 iam
1468 1817 1508 1844 a.
1532 1804 1645 1844 1827
1682 1802 1746 1846 M.
1779 1803 1827 1844 de
1853 1803 2063 1856 Freybery
2102 1802 2358 1857 ‘Sammluny

164 1873 425 1914 ln'storiselier
456 1872 664 1925 Schriften
701 1873 790 1913 und
827 1872 1067 1915 Urlvimden’
1100 1873 1139 1923 I,
1159 1873 1243 1913 513
1252 1890 1265 1927 ,-
1304 1875 1363 1914 est
1403 1871 1671 1926 apoyraplion
1707 1873 1754 1912 ut
1788 1871 1952 1912 videtur
1987 1884 2176 1913 coaevum
2211 1873 2357 1925 scripti

163 1941 382 1994 ‹niyinalis
418 1942 480 1983 ccl
520 1942 789 1983 verisimilius
829 1941 1060 1995 apographi
1099 1942 1246 1995 scripti
1287 1941 1509 1995 originalis
1523 1941 1551 1991 3,
1591 1940 1663 1982 sed
1693 1941 1738 1982 in
1768 1940 1891 1982 initio
1915 1953 2023 1992 pars
2054 1954 2207 1994 mayna
2235 1941 2355 1992 deest,
2391 1955 2423 1982 25

162 2023 302 2061 nempe
335 2011 472 2062 capita
503 2011 589 2051 Ι-
602 2010 691 2061 V,2
722 2024 849 2063 usque
880 2010 937 2051 ad
965 2010 1087 2052 verba
1118 2011 1294 2066 negotio
1327 2011 1370 2051 in
1402 2015 1658 2066 perpetuum
1689 2010 1732 2051 in
1763 2009 1878 2050 hunc
1889 2026 1897 2058 3
1939 2009 1986 2050 in
2017 2010 2205 2063 maryine
2234 2023 2356 2052 mem-

163 2078 317 2119 branae
357 2080 487 2120 multa
533 2080 616 2120 iam
655 2091 820 2121 corrosa
857 2079 936 2132 leq-i
979 2092 1063 2120 non
1093 2081 1313 2133 poterant;
1354 2079 1440 2130 ipse
1478 2079 1634 2120 contuli
1674 2091 1762 2120 una
1801 2091 1891 2119 cum
1928 2077 2018 2118 viro
2057 2077 2095 2118 d.
2127 2078 2356 2130 Schwalm;

162 2149 204 2201 2)
237 2147 358 2188 codex
389 2147 589 2188 tabularii
614 2146 941 2188 Vindobonensis
963 2148 1045 2187 581
1068 2147 1423 2199 (Reiclis—Saclcen
1444 2149 1498 2187 14
1509 2148 1583 2198 Α),
1609 2146 1688 2202 fol.
1718 2145 1796 2188 CX
1805 2146 2043 2189 VII—CX
2052 2146 2200 2189 VIIII
2217 2147 2355 2189 collec-

163 2215 311 2255 tionem
337 2215 576 2256 Hermanni
606 2215 766 2256 abbatis
788 2215 1032 2256 Altaliensis
1062 2215 1286 2266 continens,
1318 2216 1390 2268 Qui
1419 2216 1591 2257 nonnisi
1615 2218 1770 2257 textum
1791 2215 1975 2267 capitum
1996 2215 2126 2256 I—X
2153 2216 2355 2267 servavit,·

161 2283 311 2336 scripto
343 2284 542 2336 oriyinali
572 2284 654 2325 niti
683 2283 845 2324 videtur
874 2283 1013 2325 eadem
1042 2284 1205 2326 ratione
1234 2297 1282 2325 ae
1309 2286 1358 2334 1,·
1389 2284 1562 2326 contulit
1591 2284 1675 2325 iani
1707 2284 1805 2325 olim
1835 2284 1901 2325 vir
1932 2284 1979 2326 cl.
2015 2284 2292 2327 Wattenbacli.
2389 2300 2423 2324 30

304 2351 511 2392 Praebent
543 2355 714 2403 praeter
750 2352 847 2394 liaeo
886 2355 1009 2404 caput
1036 2352 1068 2393 Ι
1093 2351 1192 2407 (W)
1223 2352 1417 2394 Annales
1445 2353 1784 2403 Wormatienses,
1822 2352 1887 2394 M.
1923 2352 1974 2395 G.
2008 2352 2087 2395 SS.
2111 2353 2262 2404 XVII,
2286 2353 2352 2405 57,

161 2420 273 2460 luuul
293 2420 413 2461 dubie
437 2420 648 2472 profluum
672 2435 691 2461 e
713 2420 842 2462 codice
863 2421 921 2462 ibi
953 2422 995 2475 2)
1017 2421 1191 2473 siynato,
1224 2421 1290 2462 cui
1318 2422 1584 2473 protocollum
1604 2421 1722 2471 deest,
1751 2421 1822 2462 sed
1841 2421 2027 2473 sequitur
2047 2421 2355 2463 eseliatocollum

162 2490 318 2529 Actum
352 2503 463 2530 anno
497 2489 670 2530 Domini
707 2491 830 2537 1254;
865 2490 1036 2530 nomina
1067 2490 1216 2543 eapitis
1246 2489 1313 2531 VI
1339 2490 1418 2545 (H)
1450 2489 1726 2531 Hermannus
1755 2490 2002 2531 Attaliensis
2032 2490 2078 2530 in
2108 2491 2353 2532 Annalibus

160 2557 216 2597 ad
245 2572 283 2599 a.
308 2560 429 2607 1:247,
461 2557 525 2598 M.
554 2558 605 2600 G.
630 2557 707 2600 SS.
730 2557 887 2608 XVII,
906 2559 1002 2608 394,
1033 2571 1209 2610 quorum
1241 2559 1385 2600 varias
1416 2559 1604 2600 lectiones
1634 2558 1910 2600 adhibuimus.
2202 2613 2205 2615 -

303 2625 464 2676 Editio,
496 2640 619 2677 quain
642 2627 817 2678 paravit
846 2626 1105 2668 Weiesa'clccr
1137 2626 1163 2667 l.
1194 2640 1224 2668 c.
1246 2627 1299 2667 15
1313 2639 1386 2679 sq„
1426 2627 1571 2667 iisdem
1602 2640 1679 2668 usa
1710 2629 1768 2668 est
1804 2626 2019 2676 subsidiis,
2059 2629 2219 2678 excepto
2255 2640 2352 2681 apo·
2389 2642 2420 2667 35

159 2694 315 2745 syraplio
344 2697 379 2744 1,
423 2695 530 2746 quod
571 2695 702 2736 solum
749 2694 973 2736 secundum
1017 2694 1235 2736 editionem
1276 2695 1637 2750 Freyberyianam
1674 2694 1879 2737 adhibuit.
1956 2694 2111 2736 Textus
2148 2696 2297 2749 eapitis
2325 2696 2354 2736 Ι

161 2762 312 2802 nititur
344 2765 456 2803 tesctu
481 2762 664 2817 foederis
694 2764 804 2804 inter
835 2763 1146 2816 Moyuntinam,
1176 2763 1531 2815 Wormatiensem,
1566 2763 1956 2816 Oppenlieimcnsem
1978 2764 2162 2805 civitates
2181 2778 2221 2805 a.
2240 2764 2350 2805 1254

165 2832 259 2871 initi
289 2831 503 2883 (Bolnner,
535 2832 635 2885 Ray.
668 2833 765 2884 imp.
801 2832 841 2882 V,
864 2833 1004 2872 11683
1032 2865 1042 2882 ,
1082 2832 1130 2873 de
1170 2845 1345 2884 (sitorum
1377 2835 1564 2875 textuum
1594 2833 1794 2874 relatione
1824 2832 2084 2875 Weizsc'iclter
2116 2833 2142 2875 l.
2165 2846 2197 2875 e.
2218 2835 2276 2873 47
2289 2845 2350 2885 sq.

161 2899 474 2951 ‹titisseiitissirrzie
504 2900 712 2941 disseruit.
776 2899 942 2941 Paucas
973 2900 1162 2941 lectiones
1200 2901 1317 2942 illius
1350 2902 1534 2956 foederis
1565 2902 1640 2942 sub
1671 2901 1774 2954 siylo
1805 2901 1888 2942 VU
1919 2902 1968 2953 (i.
1990 2914 2021 2943 e.
2056 2901 2349 2955 Vorurkundc)

163 2969 404 3010 notariinus.
441 2993 490 2998 —
526 2968 717 3018 Bb'limer,
750 2968 848 3021 Rea.
880 2970 978 3020 imp.
1007 2969 1051 3019 V,
1076 2970 1227 3011 11685.
1262 2972 1414 3012 1116291.
1448 2972 1601 3012 11718.
1635 2971 1788 3011 11723.
1822 2971 1975 3011 11724.
2009 2970 2161 3010 11725.
2196 2971 2349 3010 11727.
2385 2986 2419 3010 40

164 3038 312 3077 117251.
349 3037 498 3078 11735.
535 3039 685 3077 11739.
721 3040 872 3077 11740.
907 3039 1059 3078 11743.
1837 3037 1908 3091 (Ρ.
1931 3039 2206 3090 368—380.)

592 3162 620 3195 Ι.
658 3162 973 3196 CONVENTUS
996 3162 1351 3197 MOGUNTINUS
1376 3162 1586 3197 PRIMUS.
1637 3166 1730 3196 1254.
1780 3162 1850 3197 Iul.
1871 3166 1916 3197 13.

309 3251 353 3291 In
386 3254 557 3294 nomine
601 3259 749 3295 sancte
794 3260 836 3295 et
879 3255 1098 3296 individue
1131 3255 1365 3305 Trinitatis,
1408 3270 1546 3296 amen.
1665 3255 1838 3297 Iudices
1871 3260 1915 3296 et
1946 3256 2145 3296 consules
2177 3259 2220 3296 et
2251 3256 2345 3296 uni-

165 3321 275 3359 versi
318 3321 430 3360 vivos
463 3321 859 3375 Mogontinensesa,
904 3324 1210 3374 Colonienses,
1247 3324 1642 3372 wormaciensesb,
1686 3324 1949 3378 Spyrenses,
1990 3324 2365 3377 ArgentinenseS„

182 3388 430 3427 tasiliensos
475 3404 523 3430 ac
564 3391 646 3430 alie
688 3392 885 3431 civitates
931 3397 1079 3433 sancte
1121 3394 1241 3447 pacis
1284 3393 1431 3434 federe
1475 3393 1696 3433 coniurato
1729 3392 1925 3432 omnibus
1959 3391 2114 3432 Christi
2146 3392 2346 3433 fidelibus
2383 3411 2416 3435 45

165 3456 345 3495 salutem
380 3457 419 3496 in
454 3472 504 3497 co
539 3459 608 3512 qui
642 3464 788 3500 auctor
821 3464 888 3500 est
921 3461 1037 3515 pacis
1071 3466 1113 3501 ct
1151 3462 1404 3516 principium
1439 3462 1601 3502 salutis.
1721 3459 1787 3514 (1)
1822 3460 1958 3500 Cum⁰
1990 3464 2200 3500 terrarum
2232 3461 2346 3514 peri-

298 3567 383 3603 42¹⁸.
417 3572 440 3602 1.
467 3576 497 3606 ³»
524 3573 700 3614 Mogontifi
727 3572 758 3605 52.
876 3573 907 3615 b)
936 3576 1135 3608 Wormacefl
1162 3574 1192 3607 ⁶2.
1312 3575 1343 3616 e)
1369 3576 1491 3607 abhinc
1518 3575 1564 3607 W.

303 3672 333 3711 l)
365 3671 403 3704 Γ.
428 3683 460 3713 p.
484 3678 653 3706 95—100.
771 3678 805 3715 2)
836 3675 872 3708 V.
898 3675 998 3716 infra
1025 3686 1080 3710 nr.
1099 3680 1299 3710 435—437.
1418 3676 1453 3718 3)
1480 3675 1516 3709 V.
1550 3674 1758 3708 Weizsacker
1781 3675 1913 3708 l.e.10.

2480 3882 2497 3970 νυ.»
