2558 3970
662 166 873 200 HElNRlCl
905 167 1043 202 REGIS
1069 168 1497 205 CONSTITUTIONES.
1548 172 1646 206 1231.
1696 172 1756 206 Nr.
1775 173 1852 208 304.
2266 182 2347 219 419

299 282 332 321 l.
369 279 622 322 Statuentes
654 281 696 322 in
729 282 891 337 primis»,
924 282 1037 338 quod
1072 284 1234 325 nullum
1265 299 1420 327 novum
1445 292 1630 328 castrum
1657 288 1722 328 vel
1747 289 1963 331 civitatem
1998 291 2037 331 in
2062 292 2344 346 preiudicium

151 348 392 404 principum
425 353 672 391 construere
707 350 958 393 debeamus.

296 419 334 461 2.
368 417 512 466 Quodi
543 433 656 460 nova
687 419 782 461 fora
814 421 991 476 antiqua
1022 420 1137 462 nonk
1169 422 1337 476 possint
1369 423 1642 478 aliquatenus
1676 426 1897 482 impedire.

295 488 333 530 3.
366 487 478 530 Item
510 487 579 529 ut¹
610 502 736 530 nemo
769 494 949 544 cogatur
981 490 1042 530 ire
1074 489 1127 531 ad
1161 490 1336 545 aliquod
1368 492 1546 533 forum¹¹¹
1578 494 1751 537 invitus.

96 569 111 592 ⁵
294 560 333 598 4.
365 556 477 599 Item
508 557 573 598 ut¹
607 558 782 613 antique
815 563 978 600 straten
1010 573 1092 600 non
1124 558 1410 613 declinentur,
1445 563 1524 602 nisi
1558 562 1637 603 dc⁰
1670 567 1981 606 transeuntium
2017 567 2248 610 voluntate.

293 628 332 667 5.
363 625 474 667 Item
505 627 548 668 in
581 627 829 669 civitatibus
862 628 1021 668 nostris
1054 628 1278 669 bannitum
1311 630 1475 671 miliare
1508 629 1762 686 deponatur.

291 697 329 738 6.
361 695 474 737 Item
505 697 800 752 unusquisque
833 697 1074 752 principum
1108 696 1405 749 libertatibus,
1449 700 1817 752 iurisdicionibus,
1857 704 2153 758 comitatibus,
2188 708 2342 755 centis,

147 765 294 807 liberis
339 765 419 806 sibi
451 765 518 806 vel
563 765 814 815 infeodatis,
859 769 1002 807 utetur
1035 766 1178 821 quiete
1221 767 1455 809 secundum
1496 774 1608 810 terre
1651 783 1726 811 suc
1766 773 2152 815 consuctudinein1'
2186 790 2340 832 appro-

147 834 305 876 batam.

79 913 111 937 1⁰
294 906 331 946 7.
363 903 475 946 Item
507 904 773 959 centgravii‘¹
805 904 1015 959 recipiant
1047 909 1196 945 centas
1229 918 1254 945 a
1286 904 1459 946 domino
1492 911 1605 947 terre
1639 908 1705 948 vel
1735 908 1789 948 ab
1823 923 1887 959 eo,
1922 911 1992 965 qui
2022 926 2097 967 per
2122 912 2339 956 dominum

143 977 258 1015 terre
289 973 418 1015 fuerit
448 973 703 1015 infeodatus.

285 1044 322 1085 8.
356 1043 468 1085 Item
500 1043 642 1085 locum
675 1047 799 1085 cente
832 1049 981 1085 nemor
1012 1043 1193 1084 mutabit
1224 1044 1316 1085 sine
1350 1058 1563 1086 consensu
1597 1044 1753 1086 domini
1786 1051 1912 1089 terre.

286 1114 326 1154 9.
358 1112 468 1154 Item
501 1112 555 1154 ad
588 1117 737 1155 centas
770 1113 912 1154 nullus
945 1112 1188 1167 synodalis³
1224 1117 1414 1155 vocetur.

294 1184 357 1224 10.
389 1181 499 1224 Item
534 1183 664 1233 cives,
698 1182 770 1237 qui
803 1182 1106 1238 pfalburgeret
1138 1182 1352 1234 dicuntur,
1385 1184 1556 1238 penitus
1589 1184 1870 1241 deponantur.

76 1264 107 1287 1⁵
294 1255 357 1293 11.
389 1251 499 1294 Item
532 1265 688 1294 census
721 1251 940 1302 frumenti,
974 1252 1100 1304 viniu,
1141 1253 1326 1307 pecunie
1359 1253 1428 1294 vel
1460 1254 1558 1302 alii.
1601 1268 1704 1309 quos
1737 1256 1885 1296 rustici
1919 1258 2260 1300 constitueruntv
2293 1275 2338 1301 sc

142 1321 407 1372 soluturosw,
441 1322 695 1363 relaxentur
725 1325 768 1362 et
800 1321 982 1363 ulterius
1015 1335 1100 1363 non
1134 1322 1412 1378 recipiantur.

286 1392 348 1434 12.
382 1390 493 1433 Item
525 1391 787 1447 principum,
831 1391 1060 1440 nobilium,
1094 1391 1483 1445 ministerialium¹,
1524 1393 1804 1435 ecclesiarum
1839 1394 2030 1438 homines
2065 1399 2222 1453 proprii
2257 1414 2338 1440 non

140 1460 406 1516 recipiantur
436 1460 479 1501 in
513 1460 761 1502 civitatibus
794 1461 989 1502 nostrisy.

288 1531 353 1573 13.
383 1529 494 1571 Item
534 1529 819 1585 principibus,
863 1530 1096 1582 nobilibus,
1141 1531 1538 1583 ministerialibusz,
1580 1532 1776 1574 ecclesiis
1816 1537 2102 1591 proprietates
2135 1542 2178 1578 et
2210 1537 2337 1580 feoda

72 1614 106 1640 20
141 1613 216 1656 per
248 1599 444 1641 civitates
475 1603 674 1640 nostras⁸
707 1603 921 1654 occupata
950 1599 1233 1641 restituantur
1264 1614 1344 1642 nec
1377 1601 1558 1643 ulterius
1591 1605 1898 1659 occupenturb.

286 1672 350 1712 14.
382 1668 493 1710 Item
517 1667 776 1710 conductum
807 1668 1049 1724 principum
1081 1676 1188 1724 perc
1220 1675 1380 1711 terram
1403 1684 1567 1723 eorum,
1601 1672 1758 1727 quem‘l
1791 1673 1844 1715 de
1868 1689 1994 1716 manu
2018 1679 2167 1717 nostra
2189 1680 2338 1718 tenent

141 1739 184 1780 in
215 1737 358 1791 feodo,
390 1751 467 1794 per
498 1751 577 1779 nos
610 1738 678 1778 vel
709 1744 815 1793 pere
846 1742 1020 1786 nostros
1051 1752 1137 1779 non
1170 1739 1454 1795 impediemus
1490 1741 1558 1782 vel
1592 1741 1790 1797 infringis
1819 1745 2043 1798 patiemur.

287 1811 350 1849 15.
381 1807 493 1849 Item
526 1821 612 1849 non
646 1807 963 1864 compellantur
993 1807 1123 1863 aliqui
1163 1822 1241 1863 per
1282 1809 1489 1851 scultetos
1530 1814 1701 1852 nostros
1735 1811 1788 1852 ad
1822 1814 2138 1856 restitutionem
2173 1829 2334 1866 eorum,

138 1892 220 1935 que
264 1892 290 1920 a
329 1877 592 1933 longinquos
627 1880 820 1932 tempore
866 1876 1149 1933 receperanth
1190 1878 1244 1919 ab
1285 1878 1550 1931 hominibus,
1594 1880 1843 1936 priusquam
1887 1896 1933 1924 se
1967 1883 2010 1923 in
2042 1883 2200 1924 nostris
2232 1884 2338 1924 civi-

71 1959 104 1986 25
139 1946 320 1990 tatibusi
352 1947 628 1989 collocarent.

284 2019 347 2059 16.
379 2016 491 2058 Item
530 2017 574 2058 in
607 2015 854 2058 civitatibus
895 2016 1051 2058 nostris
1084 2017 1227 2059 nullus
1267 2020 1380 2059 terre
1413 2017 1678 2074 dampnosus
1711 2019 1816 2062 velk
1847 2034 1872 2062 a
1903 2021 2044 2063 iudice
2077 2021 2335 2078 dampnatus

135 2087 206 2129 vel
237 2087 503 2143 proscriptus
536 2085 746 2128 scienter¹
775 2086 1031 2141 recipiatur:
1064 2087 1227 2142 recepti
1260 2087 1444 2128 convicti
1476 2088 1700 2129 eiciantur.

287 2157 349 2198 17.
381 2155 495 2198 Item
525 2155 688 2197 nullam
731 2169 886 2197 novam
925 2159 1144 2197 monetam
1177 2156 1220 2197 in
1258 2160 1374 2198 terra
1406 2156 1588 2199 alicuius
1621 2158 1826 2215 principis
1860 2160 1957 2202 cudi
1990 2160 2219 2212 faciemus,
2261 2175 2338 2216 per

139 2232 303 2282 quamm
333 2230 510 2268 moneta
540 2225 748 2281 principis
781 2224 1087 2267 deterioretur.

69 2306 102 2332 ³0
284 2295 348 2336 18.
379 2294 491 2336 Item
531 2294 732 2336 civitates
775 2298 920 2336 nostre
962 2294 1279 2337 iurisditionem
1320 2310 1442 2337 suam
1483 2301 1607 2338 extra
1647 2304 1750 2340 suen
1784 2298 1968 2340 civitatis
2009 2299 2217 2340 ambitum
2252 2314 2335 2341 non

138 2363 390 2416 extendant,
422 2364 505 2405 nisi
536 2363 590 2405 ad
621 2377 700 2405 nos
730 2364 946 2419 pertineat
977 2363 1192 2406 iurisditio
1227 2365 1443 2421 specialis,

281 2435 344 2475 19.
387 2432 497 2474 Item
536 2433 580 2474 in
618 2432 861 2474 civitatibus
902 2433 1089 2475 nostris⁰
1134 2437 1255 2475 actor
1285 2433 1424 2475 forum
1457 2434 1518 2476 rei
1550 2439 1770 2490 sequatur,
1813 2436 1895 2477 nisi
1929 2451 2028 2479 reus
2063 2438 2131 2479 vel
2164 2436 2335 2479 debitor

135 2502 385 2559 principalis
417 2501 581 2544 ibidem
612 2501 744 2544 fuerit
773 2503 996 2552 inventus;
1029 2516 1113 2558 quo
1146 2516 1249 2544 casu
1280 2502 1542 2559 respondeat
1573 2503 1747 2547 ibidem.

279 2572 347 2614 20.
379 2571 492 2614 Item
532 2571 602 2612 inp
635 2571 880 2613 civitatibus
921 2572 1079 2614 nostris
1121 2585 1248 2614 nemo
1291 2572 1470 2628 recipiat
1501 2573 1544 2613 in
1576 2573 1756 2628 pignore
1790 2574 1915 2627 bona,
1951 2574 2104 2630 quibus
2139 2576 2232 2630 quis
2266 2575 2329 2616 in-

68 2652 100 2678 ³5
135 2639 336 2683 feodatus
369 2643 448 2693 est,
482 2640 574 2682 sine
606 2653 820 2683 consensu
851 2645 896 2683 et
925 2655 1056 2682 manu
1088 2640 1248 2683 domini
1280 2641 1543 2697 principalis.

277 2711 345 2752 21.
377 2708 489 2752 Item
521 2708 575 2751 ad
607 2723 740 2765 opera
772 2710 994 2752 civitatum
1026 2710 1170 2751 nullus
1203 2713 1392 2765 cogatur,
1426 2710 1507 2751 nisi
1539 2709 1591 2752 de
1623 2710 1714 2752 iure
1747 2714 1957 2753 teneatur.

275 2780 342 2821 22.
373 2777 485 2820 Item
521 2778 717 2820 homines
750 2778 1006 2821 advocaticii
1046 2780 1088 2820 in
1120 2780 1278 2821 nostris
1311 2779 1556 2821 civitatibus
1590 2779 1832 2821 residentes
1864 2780 2042 2836 antiqua
2073 2786 2116 2822 et
2151 2780 2296 2823 debita
2311 2789 2327 2811 ‘¹

132 2847 225 2889 iura
254 2848 507 2904 persolvant
537 2861 677 2903 neque
707 2848 910 2890 indebitis
943 2848 1243 2890 exactionibus
1274 2849 1570 2890 molestentur.

275 2918 342 2960 23.
373 2916 486 2959 Item
521 2917 719 2959 homines
758 2918 940 2974 proprii,
980 2917 1257 2970 advocaticii,
1297 2917 1508 2970 feodales,
1552 2918 1623 2973 qui
1663 2917 1717 2959 ad
1759 2917 1955 2959 dominos
1999 2932 2098 2960 suos
2145 2919 2326 2960 transire

66 3000 100 3026 40
137 2985 362 3038 voluerint,
394 2985 448 3028 ad
478 2985 738 3027 manendum
769 3000 795 3028 a
825 2987 985 3028 nostris
1018 2987 1218 3028 officiatis
1251 3001 1337 3029 non
1369 2991 1579 3029 artentur.

275 3054 453 3097 Talibus
493 3059 637 3096 autem
678 3055 900 3097 beneficiis
943 3055 1122 3097 dilectos
1161 3056 1285 3097 nobis
1325 3056 1600 3097 honorabiles
1641 3056 1856 3111 principes
1893 3056 2098 3097 maiestas
2131 3055 2325 3097 decrevit

135 3124 255 3179 regia
283 3124 525 3180 prevenire,
559 3124 690 3166 salvis
723 3125 963 3181 privilegiis
996 3139 1021 3166 a
1052 3130 1198 3166 nostro
1230 3125 1451 3179 genitore‘
1483 3124 1698 3166 obtentis⁸
1731 3128 1774 3165 et
1806 3123 1859 3165 ab
1893 3137 1942 3166 eo
1965 3124 2034 3166 vel
2069 3138 2093 3164 a
2127 3123 2248 3165 nobis
2283 3125 2323 3166 in

269 3226 356 3263 304.
394 3226 418 3271 i)
454 3230 555 3262 Item
585 3229 692 3272 quod
716 3227 747 3262 2.
899 3227 932 3270 k)
973 3230 1047 3261 fora
1071 3227 1107 3270 3;
1145 3229 1233 3262 deest
1264 3227 1296 3261 4.
1449 3227 1473 3270 1)
1513 3229 1602 3262 deest
1626 3227 1657 3262 2.
1685 3227 1716 3261 3.
1857 3227 1899 3270 m)
1937 3234 2080 3271 cogatur
2111 3229 2154 3260 ad
2185 3229 2228 3261 al.
2264 3230 2324 3261 for.

133 3284 181 3318 ire
205 3284 237 3318 2.
329 3286 364 3327 ¹¹)
390 3290 494 3320 strate
517 3287 656 3330 antique
679 3285 712 3319 2.
737 3285 768 3320 3.
887 3285 917 3328 0)
942 3287 1033 3320 decet
1057 3286 1088 3320 1.
1204 3285 1236 3329 Ρ)
1261 3287 1549 3320 conswetudinem
1573 3285 1604 3318 2.
1722 3286 1754 3326 q)
1781 3286 1990 3328 centegrauii
2015 3283 2044 3318 3.
2157 3285 2187 3327 r)
2212 3297 2320 3329 supra

66 3353 98 3378 45
134 3345 193 3380 lin.
218 3346 299 3380 add.
317 3345 349 3380 3.
465 3348 493 3388 ε5)
519 3347 680 3381 sinodalis
705 3346 737 3380 3.
855 3346 881 3389 t)
907 3347 1137 3390 phalburgere
1161 3345 1192 3380 2.
1218 3346 1258 3387 4;
1283 3347 1514 3390 phalburgare
1538 3345 1569 3378 3.
1688 3346 1723 3386 ¹¹)
1750 3346 1821 3377 vini
1847 3345 2007 3377 frumenti
2032 3343 2063 3376 4.
2174 3342 2206 3386 v)
2233 3345 2323 3377 hac-

132 3407 259 3437 tenus
283 3404 363 3437 add.
380 3402 413 3436 2.
438 3403 468 3436 3.
578 3403 620 3446 w)
645 3405 803 3438 solituros
828 3403 860 3436 3.
976 3404 1009 3445 x)
1037 3404 1127 3437 deest
1149 3402 1181 3437 3.
1299 3403 1333 3445 y)
1359 3405 1394 3436 in
1420 3404 1484 3436 εἰν.
1510 3404 1633 3436 nostris
1659 3414 1727 3435 non
1753 3403 1960 3445 recipiantur
1985 3400 2021 3442 23
2047 3402 2082 3433 in
2108 3402 2230 3434 nostris
2256 3402 2322 3434 civ.

134 3471 201 3493 non
223 3471 289 3494 rec.
306 3460 336 3495 3.
431 3460 462 3504 z)
487 3466 520 3494 et
545 3462 627 3495 add.
644 3460 676 3495 4.
770 3462 802 3503 ³¹)
834 3461 1021 3494 indebite
1046 3461 1128 3494 adol.
1146 3460 1178 3494 3.
1273 3460 1306 3503 b)
1338 3461 1482 3494 ulterius
1508 3461 1729 3493 restituantur
1755 3470 1816 3492 nec
1841 3464 2049 3501 occupentur
2066 3456 2097 3491 3.
2193 3459 2223 3499 ⁰)
2249 3469 2323 3501 per

134 3522 293 3551 terram
318 3529 457 3552 eorum
481 3519 549 3553 des.
568 3518 600 3552 3.
739 3517 773 3562 d)
811 3531 912 3562 quam
936 3517 969 3552 2.
994 3517 1026 3552 4.
1167 3516 1195 3560 ⁹)
1230 3517 1321 3550 deest
1345 3516 1377 3550 2.
1518 3516 1549 3558 f)
1588 3518 1665 3560 imp.
1692 3528 1754 3550 nec
1779 3518 1893 3560 infrigi
1919 3515 1951 3549 3.
2092 3516 2124 3557 8)
2161 3517 2263 3559 longo
2288 3514 2319 3549 3.

133 3572 167 3616 11)
189 3581 384 3619 receperant
403 3582 479 3619 post
504 3578 708 3610 collocarent
732 3575 764 3610 2.
873 3575 896 3618 i)
923 3577 988 3610 civ,
1014 3576 1138 3609 nostris
1162 3574 1192 3608 3.
1304 3572 1336 3616 k)
1364 3586 1424 3608 seu
1449 3574 1480 3607 3.
1586 3573 1610 3615 l)
1640 3575 1729 3608 deest
1752 3573 1783 3608 3.
1877 3574 1919 3615 m)
1946 3579 2161 3606 monetam
2188 3573 2269 3605 add.
2288 3571 2318 3605 3.

4 3669 7 3678 ‚
68 3640 101 3666 50
133 3629 168 3672 ¹²)
191 3631 283 3665 deest
304 3631 336 3665 4.
453 3632 486 3677 ⁰)
511 3635 634 3668 nostris
658 3635 722 3666 civ.
749 3633 780 3667 3.
909 3634 942 3676 P)
976 3635 1015 3666 in
1041 3633 1302 3667 civitatibus
1327 3633 1485 3665 nostris
1511 3633 1577 3665 dee.
1594 3631 1625 3664 2.
1652 3631 1682 3665 3.
1813 3630 1846 3673 (1)
1872 3632 2104 3664 advocacie
2129 3630 2211 3663 add.
2230 3628 2260 3662 2.
2287 3628 2316 3661 3.

3 3681 7 3736 ¹:
133 3686 162 3729 r)
186 3688 337 3731 genitore
360 3696 474 3724 nostro
499 3691 539 3730 3;
577 3696 698 3734 patre
724 3696 867 3725 nostro
891 3691 923 3724 4.
1041 3691 1068 3730 ε4)
1109 3691 1254 3734 optentis
1279 3689 1311 3722 2.

1976 3749 2048 3783 53*
