<?xml version="1.0" encoding="UTF-8"?>
<!DOCTYPE html PUBLIC "-//W3C//DTD XHTML 1.0 Transitional//EN"
    "http://www.w3.org/TR/xhtml1/DTD/xhtml1-transitional.dtd">
<html xmlns="http://www.w3.org/1999/xhtml" xml:lang="en" lang="en">
 <head>
  <title>
</title>
<meta http-equiv="Content-Type" content="text/html;charset=utf-8" />
  <meta name='ocr-system' content='tesseract 3.04.00' />
  <meta name='ocr-capabilities' content='ocr_page ocr_carea ocr_par ocr_line ocrx_word'/>
</head>
<body>
  <div class='ocr_page' id='page_1' title='image "./monumentager02geseuoft/monumentager02geseuoft_0351.png"; bbox 0 0 2558 3970; ppageno 0'>
   <div class='ocr_carea' id='block_1_1' title="bbox 0 2788 28 3970">
    <p class='ocr_par' dir='ltr' id='par_1_1' title="bbox 0 2788 28 3970">
     <span class='ocr_line' id='line_1_1' title="bbox 0 2788 28 3970; baseline 0 0"><span class='ocrx_word' id='word_1_1' title='bbox 0 2788 28 3970; x_wconf 95' lang='lat' dir='ltr'> </span> 
     </span>
    </p>
   </div>
   <div class='ocr_carea' id='block_1_2' title="bbox 97 890 129 914">
    <p class='ocr_par' dir='ltr' id='par_1_2' title="bbox 97 890 129 914">
     <span class='ocr_line' id='line_1_2' title="bbox 97 890 129 914; baseline 0 0"><span class='ocrx_word' id='word_1_2' title='bbox 97 890 129 914; x_wconf 92' lang='lat'>10</span> 
     </span>
    </p>
   </div>
   <div class='ocr_carea' id='block_1_3' title="bbox 95 1235 127 1259">
    <p class='ocr_par' dir='ltr' id='par_1_3' title="bbox 95 1235 127 1259">
     <span class='ocr_line' id='line_1_3' title="bbox 95 1235 127 1259; baseline -0.031 0"><span class='ocrx_word' id='word_1_3' title='bbox 95 1235 127 1259; x_wconf 81' lang='lat'>15</span> 
     </span>
    </p>
   </div>
   <div class='ocr_carea' id='block_1_4' title="bbox 95 1924 127 1951">
    <p class='ocr_par' dir='ltr' id='par_1_4' title="bbox 95 1924 127 1951">
     <span class='ocr_line' id='line_1_4' title="bbox 95 1924 127 1951; baseline 0.031 -1"><span class='ocrx_word' id='word_1_4' title='bbox 95 1924 127 1951; x_wconf 75' lang='lat'>25</span> 
     </span>
    </p>
   </div>
   <div class='ocr_carea' id='block_1_5' title="bbox 95 2275 129 2300">
    <p class='ocr_par' dir='ltr' id='par_1_5' title="bbox 95 2275 129 2300">
     <span class='ocr_line' id='line_1_5' title="bbox 95 2275 129 2300; baseline 0 0"><span class='ocrx_word' id='word_1_5' title='bbox 95 2275 129 2300; x_wconf 81' lang='lat'>30</span> 
     </span>
    </p>
   </div>
   <div class='ocr_carea' id='block_1_6' title="bbox 97 2623 130 2649">
    <p class='ocr_par' dir='ltr' id='par_1_6' title="bbox 97 2623 130 2649">
     <span class='ocr_line' id='line_1_6' title="bbox 97 2623 130 2649; baseline 0 0"><span class='ocrx_word' id='word_1_6' title='bbox 97 2623 130 2649; x_wconf 78' lang='lat'>³5</span> 
     </span>
    </p>
   </div>
   <div class='ocr_carea' id='block_1_7' title="bbox 100 3299 133 3325">
    <p class='ocr_par' dir='ltr' id='par_1_7' title="bbox 100 3299 133 3325">
     <span class='ocr_line' id='line_1_7' title="bbox 100 3299 133 3325; baseline 0 0"><span class='ocrx_word' id='word_1_7' title='bbox 100 3299 133 3325; x_wconf 78' lang='lat'>45</span> 
     </span>
    </p>
   </div>
   <div class='ocr_carea' id='block_1_8' title="bbox 709 135 2367 182">
    <p class='ocr_par' dir='ltr' id='par_1_8' title="bbox 709 135 2367 182">
     <span class='ocr_line' id='line_1_8' title="bbox 709 135 2367 182; baseline 0.002 -13"><span class='ocrx_word' id='word_1_8' title='bbox 709 135 950 170; x_wconf 83' lang='lat' dir='ltr'><strong>FRIDERICI</strong></span> <span class='ocrx_word' id='word_1_9' title='bbox 978 135 1020 169; x_wconf 87' lang='lat'>11.</span> <span class='ocrx_word' id='word_1_10' title='bbox 1046 135 1474 171; x_wconf 67' lang='lat' dir='ltr'>CONSTl&#39;l‘U&#39;l&#39;lONES.</span> <span class='ocrx_word' id='word_1_11' title='bbox 1524 138 1622 171; x_wconf 72' lang='lat'>1240.</span> <span class='ocrx_word' id='word_1_12' title='bbox 1674 139 1736 173; x_wconf 84' lang='lat' dir='ltr'>Nr.</span> <span class='ocrx_word' id='word_1_13' title='bbox 1755 139 1832 173; x_wconf 86' lang='grc'><strong>224.</strong></span> <span class='ocrx_word' id='word_1_14' title='bbox 2287 144 2367 182; x_wconf 61' lang='lat'>309</span> 
     </span>
    </p>
   </div>
   <div class='ocr_carea' id='block_1_9' title="bbox 163 250 2373 3000">
    <p class='ocr_par' dir='ltr' id='par_1_9' title="bbox 163 250 2373 3000">
     <span class='ocr_line' id='line_1_9' title="bbox 166 250 2365 312; baseline 0.001 -19"><span class='ocrx_word' id='word_1_15' title='bbox 166 252 410 297; x_wconf 90' lang='lat' dir='ltr'>retulimus;</span> <span class='ocrx_word' id='word_1_16' title='bbox 456 264 629 306; x_wconf 83' lang='lat' dir='ltr'>semper</span> <span class='ocrx_word' id='word_1_17' title='bbox 674 265 720 291; x_wconf 92' lang='lat' dir='ltr'>se</span> <span class='ocrx_word' id='word_1_18' title='bbox 761 250 886 291; x_wconf 89' lang='lat' dir='ltr'>nobis</span> <span class='ocrx_word' id='word_1_19' title='bbox 929 252 1225 291; x_wconf 88' lang='lat' dir='ltr'>eontrarium¹¹¹</span> <span class='ocrx_word' id='word_1_20' title='bbox 1269 253 1432 306; x_wconf 89' lang='lat' dir='ltr'>posuit.</span> <span class='ocrx_word' id='word_1_21' title='bbox 1479 267 1650 309; x_wconf 81' lang='lat' dir='ltr'>semper</span> <span class='ocrx_word' id='word_1_22' title='bbox 1693 254 1859 310; x_wconf 90' lang='lat' dir='ltr'>imperii</span> <span class='ocrx_word' id='word_1_23' title='bbox 1902 256 2069 296; x_wconf 79' lang='lat' dir='ltr'>nostriu</span> <span class='ocrx_word' id='word_1_24' title='bbox 2104 256 2365 312; x_wconf 72' lang='lat' dir='ltr'><strong>profectibus</strong></span> 
     </span>
     <span class='ocr_line' id='line_1_10' title="bbox 167 318 2365 375; baseline 0 -13"><span class='ocrx_word' id='word_1_25' title='bbox 167 321 377 367; x_wconf 88' lang='lat' dir='ltr'>obviavit;</span> <span class='ocrx_word' id='word_1_26' title='bbox 401 320 531 360; x_wconf 89' lang='lat' dir='ltr'>immo</span> <span class='ocrx_word' id='word_1_27' title='bbox 555 318 669 374; x_wconf 91' lang='lat' dir='ltr'>quod</span> <span class='ocrx_word' id='word_1_28' title='bbox 693 318 909 360; x_wconf 80' lang='lat' dir='ltr'>crudelius</span> <span class='ocrx_word' id='word_1_29' title='bbox 934 318 1064 360; x_wconf 90' lang='lat' dir='ltr'>debet</span> <span class='ocrx_word' id='word_1_30' title='bbox 1086 319 1139 360; x_wconf 82' lang='lat' dir='ltr'>ab</span> <span class='ocrx_word' id='word_1_31' title='bbox 1164 320 1390 360; x_wconf 85' lang='lat' dir='ltr'>omnibus0</span> <span class='ocrx_word' id='word_1_32' title='bbox 1415 322 1618 375; x_wconf 79' lang='lat' dir='ltr'>reputari.</span> <span class='ocrx_word' id='word_1_33' title='bbox 1651 323 1943 365; x_wconf 75' lang='lat' dir='ltr'>existentibus</span> <span class='ocrx_word' id='word_1_34' title='bbox 1969 324 2091 365; x_wconf 90' lang='lat' dir='ltr'>nobis</span> <span class='ocrx_word' id='word_1_35' title='bbox 2116 325 2157 365; x_wconf 92' lang='lat' dir='ltr'>in</span> <span class='ocrx_word' id='word_1_36' title='bbox 2181 324 2365 366; x_wconf 75' lang='lat' dir='ltr'>ecclesie</span> 
     </span>
     <span class='ocr_line' id='line_1_11' title="bbox 168 387 2366 449; baseline 0 -18"><span class='ocrx_word' id='word_1_37' title='bbox 168 393 317 431; x_wconf 84' lang='lat' dir='ltr'>sancte</span> <span class='ocrx_word' id='word_1_38' title='bbox 356 388 567 430; x_wconf 80' lang='lat' dir='ltr'>servitiisP</span> <span class='ocrx_word' id='word_1_39' title='bbox 599 388 886 443; x_wconf 82' lang='lat' dir='ltr'>personaliter</span> <span class='ocrx_word' id='word_1_40' title='bbox 917 387 1031 443; x_wconf 91' lang='lat' dir='ltr'>apud</span> <span class='ocrx_word' id='word_1_41' title='bbox 1071 402 1188 436; x_wconf 84' lang='lat' dir='ltr'>eum,</span> <span class='ocrx_word' id='word_1_42' title='bbox 1231 388 1459 430; x_wconf 80' lang='lat' dir='ltr'>Civitatem</span> <span class='ocrx_word' id='word_1_43' title='bbox 1493 389 1712 431; x_wconf 75' lang='lat' dir='ltr'>Castellcq</span> <span class='ocrx_word' id='word_1_44' title='bbox 1757 392 1973 434; x_wconf 74' lang='lat' dir='ltr'>subtraxit</span> <span class='ocrx_word' id='word_1_45' title='bbox 2007 394 2202 449; x_wconf 80' lang='lat' dir='ltr'>imperio.</span> <span class='ocrx_word' id='word_1_46' title='bbox 2243 398 2366 448; x_wconf 90' lang='lat' dir='ltr'>prout</span> 
     </span>
     <span class='ocr_line' id='line_1_12' title="bbox 167 455 2366 518; baseline 0.002 -19"><span class='ocrx_word' id='word_1_47' title='bbox 167 471 245 514; x_wconf 91' lang='lat' dir='ltr'>per</span> <span class='ocrx_word' id='word_1_48' title='bbox 294 458 459 498; x_wconf 82' lang='lat' dir='ltr'>litteras</span> <span class='ocrx_word' id='word_1_49' title='bbox 507 470 628 505; x_wconf 88' lang='lat' dir='ltr'>suas,</span> <span class='ocrx_word' id='word_1_50' title='bbox 677 469 784 511; x_wconf 85' lang='lat' dir='ltr'>quas</span> <span class='ocrx_word' id='word_1_51' title='bbox 833 456 1071 498; x_wconf 88' lang='lat' dir='ltr'>Castellani</span> <span class='ocrx_word' id='word_1_52' title='bbox 1119 455 1242 497; x_wconf 91' lang='lat' dir='ltr'>nobis</span> <span class='ocrx_word' id='word_1_53' title='bbox 1300 458 1470 498; x_wconf 87' lang='lat' dir='ltr'>noviter</span> <span class='ocrx_word' id='word_1_54' title='bbox 1524 459 1819 512; x_wconf 81' lang='lat' dir='ltr'>assignarunt.</span> <span class='ocrx_word' id='word_1_55' title='bbox 1877 462 2102 502; x_wconf 80' lang='lat' dir='ltr'>manifeste</span> <span class='ocrx_word' id='word_1_56' title='bbox 2150 463 2366 518; x_wconf 83' lang='lat' dir='ltr'>probatur.</span> 
     </span>
     <span class='ocr_line' id='line_1_13' title="bbox 165 524 2367 582; baseline 0.001 -14"><span class='ocrx_word' id='word_1_57' title='bbox 165 527 228 580; x_wconf 87' lang='lat'>(4)</span> <span class='ocrx_word' id='word_1_58' title='bbox 260 525 402 568; x_wconf 89' lang='lat' dir='ltr'>Nichil</span> <span class='ocrx_word' id='word_1_59' title='bbox 434 531 557 567; x_wconf 83' lang='lat' dir='ltr'>tuncr</span> <span class='ocrx_word' id='word_1_60' title='bbox 589 525 796 580; x_wconf 90' lang='lat' dir='ltr'>temporis</span> <span class='ocrx_word' id='word_1_61' title='bbox 829 525 957 565; x_wconf 89' lang='lat' dir='ltr'>etiam</span> <span class='ocrx_word' id='word_1_62' title='bbox 991 524 1208 578; x_wconf 82' lang='lat' dir='ltr'>potuimus</span> <span class='ocrx_word' id='word_1_63' title='bbox 1242 524 1295 564; x_wconf 84' lang='lat' dir='ltr'>ab</span> <span class='ocrx_word' id='word_1_64' title='bbox 1329 524 1418 579; x_wconf 86' lang='lat' dir='ltr'>ipso</span> <span class='ocrx_word' id='word_1_65' title='bbox 1451 524 1502 565; x_wconf 89' lang='lat' dir='ltr'>de</span> <span class='ocrx_word' id='word_1_66' title='bbox 1536 527 1702 567; x_wconf 85' lang='lat' dir='ltr'>cunetis</span> <span class='ocrx_word' id='word_1_67' title='bbox 1737 530 2017 582; x_wconf 76' lang='lat' dir='ltr'>petitionibus</span> <span class='ocrx_word' id='word_1_68' title='bbox 2052 532 2210 571; x_wconf 82' lang='lat' dir='ltr'>nostris</span> <span class='ocrx_word' id='word_1_69' title='bbox 2244 530 2367 571; x_wconf 83' lang='lat' dir='ltr'>nobis</span> 
     </span>
     <span class='ocr_line' id='line_1_14' title="bbox 165 592 2366 652; baseline 0 -15"><span class='ocrx_word' id='word_1_70' title='bbox 165 600 208 637; x_wconf 89' lang='lat' dir='ltr'>et</span> <span class='ocrx_word' id='word_1_71' title='bbox 239 595 420 651; x_wconf 91' lang='lat' dir='ltr'>imperio</span> <span class='ocrx_word' id='word_1_72' title='bbox 452 593 691 636; x_wconf 79' lang='lat' dir='ltr'>favorabile</span> <span class='ocrx_word' id='word_1_73' title='bbox 723 598 960 648; x_wconf 88' lang='lat' dir='ltr'>reportare.</span> <span class='ocrx_word' id='word_1_74' title='bbox 1022 592 1189 646; x_wconf 85' lang='lat' dir='ltr'>Legato</span> <span class='ocrx_word' id='word_1_75' title='bbox 1206 593 1230 637; x_wconf 77' lang='lat'>¹.</span> <span class='ocrx_word' id='word_1_76' title='bbox 1267 606 1394 647; x_wconf 91' lang='lat' dir='ltr'>quem</span> <span class='ocrx_word' id='word_1_77' title='bbox 1419 599 1518 634; x_wconf 87' lang='lat' dir='ltr'>tune</span> <span class='ocrx_word' id='word_1_78' title='bbox 1541 595 1631 648; x_wconf 84' lang='lat' dir='ltr'>ipso</span> <span class='ocrx_word' id='word_1_79' title='bbox 1656 601 1849 651; x_wconf 83' lang='lat' dir='ltr'>tempore</span> <span class='ocrx_word' id='word_1_80' title='bbox 1875 612 1950 652; x_wconf 91' lang='lat' dir='ltr'>pro</span> <span class='ocrx_word' id='word_1_81' title='bbox 1975 599 2098 639; x_wconf 82' lang='lat' dir='ltr'>nobis</span> <span class='ocrx_word' id='word_1_82' title='bbox 2123 614 2169 640; x_wconf 87' lang='lat' dir='ltr'>se</span> <span class='ocrx_word' id='word_1_83' title='bbox 2196 600 2366 639; x_wconf 84' lang='lat' dir='ltr'>misisse</span> 
     </span>
     <span class='ocr_line' id='line_1_15' title="bbox 164 661 2368 719; baseline 0.001 -13"><span class='ocrx_word' id='word_1_84' title='bbox 164 663 274 706; x_wconf 84' lang='lat' dir='ltr'>dixit</span> <span class='ocrx_word' id='word_1_85' title='bbox 312 665 355 705; x_wconf 93' lang='lat' dir='ltr'>in</span> <span class='ocrx_word' id='word_1_86' title='bbox 388 663 577 719; x_wconf 83' lang='lat' dir='ltr'>Syriam,</span> <span class='ocrx_word' id='word_1_87' title='bbox 621 666 667 703; x_wconf 92' lang='lat' dir='ltr'>ut</span> <span class='ocrx_word' id='word_1_88' title='bbox 698 661 1019 703; x_wconf 88' lang='lat' dir='ltr'>Acconensium</span> <span class='ocrx_word' id='word_1_89' title='bbox 1061 665 1103 701; x_wconf 93' lang='lat' dir='ltr'>et</span> <span class='ocrx_word' id='word_1_90' title='bbox 1136 661 1402 716; x_wconf 90' lang='lat' dir='ltr'>quorundam</span> <span class='ocrx_word' id='word_1_91' title='bbox 1446 663 1565 717; x_wconf 88' lang='lat' dir='ltr'>regni</span> <span class='ocrx_word' id='word_1_92' title='bbox 1600 662 1972 707; x_wconf 82' lang='lat' dir='ltr'>Ilici-osolomitani</span> <span class='ocrx_word' id='word_1_93' title='bbox 2007 668 2209 708; x_wconf 81' lang='lat' dir='ltr'>nobilium</span> <span class='ocrx_word' id='word_1_94' title='bbox 2245 668 2368 708; x_wconf 83' lang='lat' dir='ltr'>nobis</span> 
     </span>
     <span class='ocr_line' id='line_1_16' title="bbox 165 729 2368 790; baseline 0.001 -15"><span class='ocrx_word' id='word_1_95' title='bbox 165 737 210 776; x_wconf 89' lang='lat' dir='ltr'>et</span> <span class='ocrx_word' id='word_1_96' title='bbox 239 733 327 774; x_wconf 90' lang='lat' dir='ltr'>filio</span> <span class='ocrx_word' id='word_1_97' title='bbox 372 732 547 774; x_wconf 77' lang='lat' dir='ltr'>nosti-0⁸</span> <span class='ocrx_word' id='word_1_98' title='bbox 578 731 741 772; x_wconf 72' lang='lat' dir='ltr'>illatas²</span> <span class='ocrx_word' id='word_1_99' title='bbox 778 730 955 772; x_wconf 89' lang='lat' dir='ltr'>iniurias</span> <span class='ocrx_word' id='word_1_100' title='bbox 989 729 1261 779; x_wconf 82' lang='lat' dir='ltr'>emendaret,</span> <span class='ocrx_word' id='word_1_101' title='bbox 1306 732 1607 772; x_wconf 86' lang='lat' dir='ltr'>auctoritatem</span> <span class='ocrx_word' id='word_1_102' title='bbox 1653 747 1821 774; x_wconf 89' lang='lat' dir='ltr'>omnem</span> <span class='ocrx_word' id='word_1_103' title='bbox 1865 749 1939 790; x_wconf 92' lang='lat' dir='ltr'>per</span> <span class='ocrx_word' id='word_1_104' title='bbox 1982 737 2168 777; x_wconf 84' lang='lat' dir='ltr'>latentes</span> <span class='ocrx_word' id='word_1_105' title='bbox 2203 738 2368 777; x_wconf 79' lang='lat' dir='ltr'>litteras</span> 
     </span>
     <span class='ocr_line' id='line_1_17' title="bbox 166 798 2368 856; baseline 0 -13"><span class='ocrx_word' id='word_1_106' title='bbox 166 802 433 844; x_wconf 87' lang='lat' dir='ltr'>contrariasu</span> <span class='ocrx_word' id='word_1_107' title='bbox 467 801 784 856; x_wconf 85' lang='lat' dir='ltr'>subsequenter</span> <span class='ocrx_word' id='word_1_108' title='bbox 824 799 999 841; x_wconf 85' lang='lat' dir='ltr'>ademit.</span> <span class='ocrx_word' id='word_1_109' title='bbox 1060 798 1226 840; x_wconf 85' lang='lat' dir='ltr'>Eodem</span> <span class='ocrx_word' id='word_1_110' title='bbox 1260 800 1445 854; x_wconf 84' lang='lat' dir='ltr'>metipso</span> <span class='ocrx_word' id='word_1_111' title='bbox 1486 806 1679 855; x_wconf 90' lang='lat' dir='ltr'>tempore</span> <span class='ocrx_word' id='word_1_112' title='bbox 1722 810 1828 842; x_wconf 76' lang='lat' dir='ltr'>necv</span> <span class='ocrx_word' id='word_1_113' title='bbox 1863 803 2280 851; x_wconf 78' lang='lat' dir='ltr'>Mediolanensilms,</span> <span class='ocrx_word' id='word_1_114' title='bbox 2316 821 2368 845; x_wconf 81' lang='lat' dir='ltr'>ne</span> 
     </span>
     <span class='ocr_line' id='line_1_18' title="bbox 167 868 2364 923; baseline 0.001 -11"><span class='ocrx_word' id='word_1_115' title='bbox 167 875 349 912; x_wconf 79' lang='lat' dir='ltr'>contraW</span> <span class='ocrx_word' id='word_1_116' title='bbox 382 870 701 911; x_wconf 80' lang='lat' dir='ltr'>Cremonenses</span> <span class='ocrx_word' id='word_1_117' title='bbox 736 869 1022 923; x_wconf 71' lang='lat' dir='ltr'>insurgerent,</span> <span class='ocrx_word' id='word_1_118' title='bbox 1058 882 1136 908; x_wconf 90' lang='lat' dir='ltr'>nec</span> <span class='ocrx_word' id='word_1_119' title='bbox 1172 868 1448 913; x_wconf 77' lang='lat' dir='ltr'>Florentinis,</span> <span class='ocrx_word' id='word_1_120' title='bbox 1485 884 1536 909; x_wconf 88' lang='lat' dir='ltr'>ne</span> <span class='ocrx_word' id='word_1_121' title='bbox 1572 870 1822 911; x_wconf 77' lang='lat' dir='ltr'>Senensesx</span> <span class='ocrx_word' id='word_1_122' title='bbox 1856 872 2006 913; x_wconf 84' lang='lat' dir='ltr'>fideles</span> <span class='ocrx_word' id='word_1_123' title='bbox 2042 882 2206 914; x_wconf 77' lang='lat' dir='ltr'>nostros</span> <span class='ocrx_word' id='word_1_124' title='bbox 2231 876 2364 914; x_wconf 74' lang='lat' dir='ltr'>oll&#39;en·</span> 
     </span>
     <span class='ocr_line' id='line_1_19' title="bbox 165 937 2365 994; baseline 0 -13"><span class='ocrx_word' id='word_1_125' title='bbox 165 939 335 990; x_wconf 89' lang='lat' dir='ltr'>derent,</span> <span class='ocrx_word' id='word_1_126' title='bbox 374 939 592 994; x_wconf 91' lang='lat' dir='ltr'>potuimus</span> <span class='ocrx_word' id='word_1_127' title='bbox 625 938 792 993; x_wconf 89' lang='lat' dir='ltr'>aliquas</span> <span class='ocrx_word' id='word_1_128' title='bbox 826 937 992 978; x_wconf 82' lang='lat' dir='ltr'>litteras</span> <span class='ocrx_word' id='word_1_129' title='bbox 1026 937 1244 985; x_wconf 89' lang='lat' dir='ltr'>obtinere,</span> <span class='ocrx_word' id='word_1_130' title='bbox 1289 951 1384 978; x_wconf 90' lang='lat' dir='ltr'>cum</span> <span class='ocrx_word' id='word_1_131' title='bbox 1419 938 1542 978; x_wconf 88' lang='lat' dir='ltr'>nobis</span> <span class='ocrx_word' id='word_1_132' title='bbox 1577 939 1615 979; x_wconf 93' lang='lat' dir='ltr'>in</span> <span class='ocrx_word' id='word_1_133' title='bbox 1652 940 1836 994; x_wconf 86' lang='lat' dir='ltr'>ipsorum</span> <span class='ocrx_word' id='word_1_134' title='bbox 1871 943 2121 985; x_wconf 55' lang='lat' dir='ltr'>auxilium).</span> <span class='ocrx_word' id='word_1_135' title='bbox 2163 958 2214 983; x_wconf 82' lang='lat' dir='ltr'>ne</span> <span class='ocrx_word' id='word_1_136' title='bbox 2251 943 2365 983; x_wconf 72' lang='lat' dir='ltr'>inde-</span> 
     </span>
     <span class='ocr_line' id='line_1_20' title="bbox 164 1006 2368 1064; baseline 0.001 -14"><span class='ocrx_word' id='word_1_137' title='bbox 164 1008 331 1050; x_wconf 87' lang='lat' dir='ltr'>fensam</span> <span class='ocrx_word' id='word_1_138' title='bbox 365 1007 679 1049; x_wconf 85' lang='lat' dir='ltr'>dimitteremus</span> <span class='ocrx_word' id='word_1_139' title='bbox 712 1006 955 1056; x_wconf 89' lang='lat' dir='ltr'>ecclesiam,</span> <span class='ocrx_word' id='word_1_140' title='bbox 990 1006 1251 1062; x_wconf 89' lang='lat' dir='ltr'>procedendi</span> <span class='ocrx_word' id='word_1_141' title='bbox 1285 1006 1505 1048; x_wconf 80' lang='lat' dir='ltr'>licentiam</span> <span class='ocrx_word' id='word_1_142' title='bbox 1539 1007 1788 1062; x_wconf 81' lang='lat' dir='ltr'>denegaret.</span> <span class='ocrx_word' id='word_1_143' title='bbox 1910 1012 1971 1064; x_wconf 72' lang='lat'>(5)</span> <span class='ocrx_word' id='word_1_144' title='bbox 2008 1011 2056 1051; x_wconf 88' lang='lat' dir='ltr'>ln</span> <span class='ocrx_word' id='word_1_145' title='bbox 2091 1011 2368 1052; x_wconf 72' lang='lat' dir='ltr'>Germaniam</span> 
     </span>
     <span class='ocr_line' id='line_1_21' title="bbox 165 1075 2370 1135; baseline 0.001 -16"><span class='ocrx_word' id='word_1_146' title='bbox 165 1077 322 1120; x_wconf 90' lang='lat' dir='ltr'>deinde</span> <span class='ocrx_word' id='word_1_147' title='bbox 354 1075 690 1132; x_wconf 88' lang='lat' dir='ltr'>procedentibus</span> <span class='ocrx_word' id='word_1_148' title='bbox 724 1076 849 1117; x_wconf 90' lang='lat' dir='ltr'>nobis</span> <span class='ocrx_word' id='word_1_149' title='bbox 882 1075 959 1116; x_wconf 85' lang='lat' dir='ltr'>adZ</span> <span class='ocrx_word' id='word_1_150' title='bbox 992 1076 1269 1131; x_wconf 83' lang='lat' dir='ltr'>primogeniti</span> <span class='ocrx_word' id='word_1_151' title='bbox 1302 1076 1376 1116; x_wconf 86' lang='lat' dir='ltr'>filii</span> <span class='ocrx_word' id='word_1_152' title='bbox 1410 1077 1544 1117; x_wconf 85' lang='lat' dir='ltr'>nostri</span> <span class='ocrx_word' id='word_1_153' title='bbox 1585 1078 1793 1119; x_wconf 89' lang='lat' dir='ltr'>malitiam</span> <span class='ocrx_word' id='word_1_154' title='bbox 1828 1080 2145 1135; x_wconf 83' lang='lat' dir='ltr'>reprimendam</span> <span class='ocrx_word' id='word_1_155' title='bbox 2180 1082 2370 1122; x_wconf 80' lang='lat' dir='ltr'>favorem</span> 
     </span>
     <span class='ocr_line' id='line_1_22' title="bbox 163 1145 2372 1202; baseline 0 -13"><span class='ocrx_word' id='word_1_156' title='bbox 163 1161 333 1189; x_wconf 89' lang='lat' dir='ltr'>omnem</span> <span class='ocrx_word' id='word_1_157' title='bbox 376 1145 571 1202; x_wconf 88' lang='lat' dir='ltr'>promisit</span> <span class='ocrx_word' id='word_1_158' title='bbox 610 1149 830 1194; x_wconf 73' lang='lat' dir='ltr'>oretenus,</span> <span class='ocrx_word' id='word_1_159' title='bbox 876 1148 941 1185; x_wconf 85' lang='lat' dir='ltr'>set</span> <span class='ocrx_word' id='word_1_160' title='bbox 985 1159 1060 1200; x_wconf 91' lang='lat' dir='ltr'>per</span> <span class='ocrx_word' id='word_1_161' title='bbox 1100 1145 1302 1186; x_wconf 88' lang='lat' dir='ltr'>nuncium</span> <span class='ocrx_word' id='word_1_162' title='bbox 1335 1159 1458 1186; x_wconf 87' lang='lat' dir='ltr'>suum</span> <span class='ocrx_word' id='word_1_163' title='bbox 1492 1146 1693 1187; x_wconf 77' lang='lat' dir='ltr'>litteras²</span> <span class='ocrx_word' id='word_1_164' title='bbox 1735 1147 1787 1188; x_wconf 88' lang='lat' dir='ltr'>de</span> <span class='ocrx_word' id='word_1_165' title='bbox 1822 1148 2041 1190; x_wconf 76' lang='lat' dir='ltr'>credentia</span> <span class='ocrx_word' id='word_1_166' title='bbox 2075 1149 2372 1190; x_wconf 75' lang='lat' dir='ltr'>deferentem‘·</span> 
     </span>
     <span class='ocr_line' id='line_1_23' title="bbox 164 1214 2372 1274; baseline 0.001 -18"><span class='ocrx_word' id='word_1_167' title='bbox 164 1214 425 1272; x_wconf 90' lang='lat' dir='ltr'>principibus</span> <span class='ocrx_word' id='word_1_168' title='bbox 472 1214 630 1255; x_wconf 90' lang='lat' dir='ltr'>nostris</span> <span class='ocrx_word' id='word_1_169' title='bbox 681 1214 906 1255; x_wconf 90' lang='lat' dir='ltr'>nobiscum</span> <span class='ocrx_word' id='word_1_170' title='bbox 954 1214 1229 1269; x_wconf 89' lang='lat' dir='ltr'>presentibus</span> <span class='ocrx_word' id='word_1_171' title='bbox 1279 1215 1321 1255; x_wconf 92' lang='lat' dir='ltr'>in</span> <span class='ocrx_word' id='word_1_172' title='bbox 1371 1216 1489 1256; x_wconf 87' lang='lat' dir='ltr'>curia</span> <span class='ocrx_word' id='word_1_173' title='bbox 1532 1215 1786 1270; x_wconf 83' lang='lat' dir='ltr'>Moguntina</span> <span class='ocrx_word' id='word_1_174' title='bbox 1829 1217 1906 1258; x_wconf 87' lang='lat' dir='ltr'>sub</span> <span class='ocrx_word' id='word_1_175' title='bbox 1948 1220 2060 1259; x_wconf 88' lang='lat' dir='ltr'>omni</span> <span class='ocrx_word' id='word_1_176' title='bbox 2110 1234 2193 1274; x_wconf 84' lang='lat' dir='ltr'>qua</span> <span class='ocrx_word' id='word_1_177' title='bbox 2234 1220 2372 1274; x_wconf 81' lang='lat' dir='ltr'>potuit</span> 
     </span>
     <span class='ocr_line' id='line_1_24' title="bbox 164 1283 2370 1334; baseline 0 -7"><span class='ocrx_word' id='word_1_178' title='bbox 164 1284 444 1327; x_wconf 88' lang='lat' dir='ltr'>attestatione</span> <span class='ocrx_word' id='word_1_179' title='bbox 492 1283 676 1324; x_wconf 89' lang='lat' dir='ltr'>latenter</span> <span class='ocrx_word' id='word_1_180' title='bbox 714 1284 919 1334; x_wconf 82' lang='lat' dir='ltr'>iniunxit,</span> <span class='ocrx_word' id='word_1_181' title='bbox 965 1298 1017 1325; x_wconf 91' lang='lat' dir='ltr'>ne</span> <span class='ocrx_word' id='word_1_182' title='bbox 1059 1284 1260 1325; x_wconf 89' lang='lat' dir='ltr'>electioni</span> <span class='ocrx_word' id='word_1_183' title='bbox 1295 1283 1509 1325; x_wconf 65' lang='lat' dir='ltr'>Cunradib</span> <span class='ocrx_word' id='word_1_184' title='bbox 1542 1285 1618 1326; x_wconf 84' lang='lat' dir='ltr'>filii</span> <span class='ocrx_word' id='word_1_185' title='bbox 1662 1287 1794 1327; x_wconf 86' lang='lat' dir='ltr'>nostri</span> <span class='ocrx_word' id='word_1_186' title='bbox 1829 1287 2004 1327; x_wconf 80' lang='lat' dir='ltr'>minoris</span> <span class='ocrx_word' id='word_1_187' title='bbox 2040 1289 2103 1328; x_wconf 88' lang='lat' dir='ltr'>vel</span> <span class='ocrx_word' id='word_1_188' title='bbox 2139 1289 2370 1329; x_wconf 78' lang='lat' dir='ltr'>cuiuslibet</span> 
     </span>
     <span class='ocr_line' id='line_1_25' title="bbox 165 1352 2371 1410; baseline 0.001 -15"><span class='ocrx_word' id='word_1_189' title='bbox 165 1354 218 1396; x_wconf 92' lang='lat' dir='ltr'>de</span> <span class='ocrx_word' id='word_1_190' title='bbox 250 1354 376 1395; x_wconf 89' lang='lat' dir='ltr'>domo</span> <span class='ocrx_word' id='word_1_191' title='bbox 413 1358 457 1394; x_wconf 90' lang='lat' dir='ltr'>et</span> <span class='ocrx_word' id='word_1_192' title='bbox 496 1353 707 1408; x_wconf 90' lang='lat' dir='ltr'>sanguine</span> <span class='ocrx_word' id='word_1_193' title='bbox 746 1357 892 1394; x_wconf 88' lang='lat' dir='ltr'>nostro</span> <span class='ocrx_word' id='word_1_194' title='bbox 931 1352 1056 1394; x_wconf 92' lang='lat' dir='ltr'>modo</span> <span class='ocrx_word' id='word_1_195' title='bbox 1101 1353 1291 1408; x_wconf 88' lang='lat' dir='ltr'>quolibet</span> <span class='ocrx_word' id='word_1_196' title='bbox 1336 1354 1640 1396; x_wconf 89' lang='lat' dir='ltr'>consentirent.</span> <span class='ocrx_word' id='word_1_197' title='bbox 1761 1356 1824 1410; x_wconf 76' lang='lat'>(0)</span> <span class='ocrx_word' id='word_1_198' title='bbox 1857 1356 2116 1397; x_wconf 84' lang='lat' dir='ltr'>l‘rocessuin</span> <span class='ocrx_word' id='word_1_199' title='bbox 2153 1364 2371 1398; x_wconf 80' lang='lat' dir='ltr'>nostruinc</span> 
     </span>
     <span class='ocr_line' id='line_1_26' title="bbox 164 1421 2371 1480; baseline 0.001 -16"><span class='ocrx_word' id='word_1_200' title='bbox 164 1423 206 1464; x_wconf 91' lang='lat' dir='ltr'>in</span> <span class='ocrx_word' id='word_1_201' title='bbox 243 1422 434 1464; x_wconf 84' lang='lat' dir='ltr'>Ytaliain</span> <span class='ocrx_word' id='word_1_202' title='bbox 483 1421 537 1463; x_wconf 89' lang='lat' dir='ltr'>ad</span> <span class='ocrx_word' id='word_1_203' title='bbox 583 1422 901 1463; x_wconf 89' lang='lat' dir='ltr'>reformandum</span> <span class='ocrx_word' id='word_1_204' title='bbox 950 1423 1179 1478; x_wconf 89' lang='lat' dir='ltr'>imperium</span> <span class='ocrx_word' id='word_1_205' title='bbox 1226 1424 1266 1464; x_wconf 93' lang='lat' dir='ltr'>in</span> <span class='ocrx_word' id='word_1_206' title='bbox 1321 1423 1472 1465; x_wconf 89' lang='lat' dir='ltr'>eadem</span> <span class='ocrx_word' id='word_1_207' title='bbox 1512 1438 1590 1479; x_wconf 88' lang='lat' dir='ltr'>per</span> <span class='ocrx_word' id='word_1_208' title='bbox 1631 1424 1794 1465; x_wconf 84' lang='lat' dir='ltr'>litteras</span> <span class='ocrx_word' id='word_1_209' title='bbox 1835 1431 1877 1465; x_wconf 89' lang='lat' dir='ltr'>et</span> <span class='ocrx_word' id='word_1_210' title='bbox 1919 1425 2116 1480; x_wconf 73' lang='lat' dir='ltr'>legatos*l</span> <span class='ocrx_word' id='word_1_211' title='bbox 2160 1441 2260 1466; x_wconf 79' lang='lat' dir='ltr'>suos</span> <span class='ocrx_word' id='word_1_212' title='bbox 2305 1432 2371 1466; x_wconf 69' lang='lat' dir='ltr'>et⁰</span> 
     </span>
     <span class='ocr_line' id='line_1_27' title="bbox 164 1491 2370 1550; baseline 0 -16"><span class='ocrx_word' id='word_1_213' title='bbox 164 1492 390 1548; x_wconf 86' lang='lat' dir='ltr'>presertim</span> <span class='ocrx_word' id='word_1_214' title='bbox 425 1497 526 1547; x_wconf 72' lang='lat' dir='ltr'>pere</span> <span class='ocrx_word' id='word_1_215' title='bbox 559 1491 809 1546; x_wconf 90' lang='lat' dir='ltr'>episcopum</span> <span class='ocrx_word' id='word_1_216' title='bbox 842 1491 1168 1541; x_wconf 90' lang='lat' dir='ltr'>Prenestinum,</span> <span class='ocrx_word' id='word_1_217' title='bbox 1211 1493 1283 1548; x_wconf 90' lang='lat' dir='ltr'>qui</span> <span class='ocrx_word' id='word_1_218' title='bbox 1315 1492 1584 1534; x_wconf 83' lang='lat' dir='ltr'>Placentiam</span> <span class='ocrx_word' id='word_1_219' title='bbox 1629 1494 1778 1534; x_wconf 80' lang='lat' dir='ltr'>nobis⁰</span> <span class='ocrx_word' id='word_1_220' title='bbox 1811 1499 1853 1535; x_wconf 88' lang='lat' dir='ltr'>et</span> <span class='ocrx_word' id='word_1_221' title='bbox 1887 1494 2107 1536; x_wconf 80' lang='lat' dir='ltr'>Mantuani</span> <span class='ocrx_word' id='word_1_222' title='bbox 2142 1496 2253 1536; x_wconf 84' lang='lat' dir='ltr'>omni</span> <span class='ocrx_word' id='word_1_223' title='bbox 2289 1509 2370 1550; x_wconf 84' lang='lat' dir='ltr'>qua</span> 
     </span>
     <span class='ocr_line' id='line_1_28' title="bbox 163 1560 2371 1619; baseline 0.002 -17"><span class='ocrx_word' id='word_1_224' title='bbox 163 1562 305 1617; x_wconf 91' lang='lat' dir='ltr'>potuit</span> <span class='ocrx_word' id='word_1_225' title='bbox 358 1560 598 1602; x_wconf 88' lang='lat' dir='ltr'>subtilitate</span> <span class='ocrx_word' id='word_1_226' title='bbox 647 1560 714 1601; x_wconf 90' lang='lat' dir='ltr'>vel</span> <span class='ocrx_word' id='word_1_227' title='bbox 760 1560 928 1616; x_wconf 73' lang='lat' dir='ltr'>potiusf</span> <span class='ocrx_word' id='word_1_228' title='bbox 976 1561 1129 1602; x_wconf 89' lang='lat' dir='ltr'>fraude</span> <span class='ocrx_word' id='word_1_229' title='bbox 1182 1561 1427 1611; x_wconf 73' lang='lat' dir='ltr'>subduxitss,</span> <span class='ocrx_word' id='word_1_230' title='bbox 1482 1568 1609 1618; x_wconf 89' lang='lat' dir='ltr'>prout</span> <span class='ocrx_word' id='word_1_231' title='bbox 1661 1563 1785 1603; x_wconf 87' lang='lat' dir='ltr'>scivit</span> <span class='ocrx_word' id='word_1_232' title='bbox 1836 1568 1879 1604; x_wconf 90' lang='lat' dir='ltr'>et</span> <span class='ocrx_word' id='word_1_233' title='bbox 1927 1565 2065 1618; x_wconf 89' lang='lat' dir='ltr'>potuit</span> <span class='ocrx_word' id='word_1_234' title='bbox 2114 1564 2371 1619; x_wconf 75' lang='lat' dir='ltr'>propedivit.</span> 
     </span>
     <span class='ocr_line' id='line_1_29' title="bbox 163 1629 2370 1688; baseline 0.001 -17"><span class='ocrx_word' id='word_1_235' title='bbox 163 1629 227 1685; x_wconf 89' lang='lat'>(7)</span> <span class='ocrx_word' id='word_1_236' title='bbox 269 1629 465 1671; x_wconf 87' lang='lat' dir='ltr'>Tandem</span> <span class='ocrx_word' id='word_1_237' title='bbox 509 1643 604 1670; x_wconf 90' lang='lat' dir='ltr'>cum</span> <span class='ocrx_word' id='word_1_238' title='bbox 648 1632 748 1685; x_wconf 88' lang='lat' dir='ltr'>post</span> <span class='ocrx_word' id='word_1_239' title='bbox 787 1629 1007 1671; x_wconf 83' lang='lat' dir='ltr'>obtentam</span> <span class='ocrx_word' id='word_1_240' title='bbox 1051 1629 1103 1671; x_wconf 93' lang='lat' dir='ltr'>de</span> <span class='ocrx_word' id='word_1_241' title='bbox 1138 1630 1386 1672; x_wconf 83' lang='lat' dir='ltr'>Mediolano</span> <span class='ocrx_word' id='word_1_242' title='bbox 1426 1631 1598 1672; x_wconf 88' lang='lat' dir='ltr'>domino</span> <span class='ocrx_word' id='word_1_243' title='bbox 1642 1631 1861 1673; x_wconf 69' lang='lat' dir='ltr'>facienteh</span> <span class='ocrx_word' id='word_1_244' title='bbox 1896 1633 2118 1673; x_wconf 85' lang='lat' dir='ltr'>victoriam</span> <span class='ocrx_word' id='word_1_245' title='bbox 2163 1633 2370 1688; x_wconf 84' lang='lat' dir='ltr'>prodesse</span> 
     </span>
     <span class='ocr_line' id='line_1_30' title="bbox 164 1698 2371 1754; baseline 0 -13"><span class='ocrx_word' id='word_1_246' title='bbox 164 1699 245 1741; x_wconf 88' lang='lat' dir='ltr'>sibi</span> <span class='ocrx_word' id='word_1_247' title='bbox 287 1699 466 1740; x_wconf 88' lang='lat' dir='ltr'>furtivas</span> <span class='ocrx_word' id='word_1_248' title='bbox 507 1698 754 1739; x_wconf 90' lang='lat' dir='ltr'>huiusmodi</span> <span class='ocrx_word' id='word_1_249' title='bbox 798 1699 1042 1754; x_wconf 87' lang='lat' dir='ltr'>legationes</span> <span class='ocrx_word' id='word_1_250' title='bbox 1088 1704 1131 1740; x_wconf 91' lang='lat' dir='ltr'>et</span> <span class='ocrx_word' id='word_1_251' title='bbox 1181 1699 1348 1741; x_wconf 88' lang='lat' dir='ltr'>litteras</span> <span class='ocrx_word' id='word_1_252' title='bbox 1393 1714 1476 1741; x_wconf 91' lang='lat' dir='ltr'>non</span> <span class='ocrx_word' id='word_1_253' title='bbox 1518 1700 1702 1751; x_wconf 91' lang='lat' dir='ltr'>videret,</span> <span class='ocrx_word' id='word_1_254' title='bbox 1746 1715 1850 1742; x_wconf 91' lang='lat' dir='ltr'>ense</span> <span class='ocrx_word' id='word_1_255' title='bbox 1894 1706 2039 1742; x_wconf 87' lang='lat' dir='ltr'>nostre</span> <span class='ocrx_word' id='word_1_256' title='bbox 2080 1703 2248 1743; x_wconf 85' lang='lat' dir='ltr'>iusticie</span> <span class='ocrx_word' id='word_1_257' title='bbox 2296 1716 2371 1742; x_wconf 79' lang='lat' dir='ltr'>sue</span> 
     </span>
     <span class='ocr_line' id='line_1_31' title="bbox 163 1767 2370 1826; baseline 0.001 -17"><span class='ocrx_word' id='word_1_258' title='bbox 163 1769 356 1824; x_wconf 84' lang='lat' dir='ltr'>nequitie</span> <span class='ocrx_word' id='word_1_259' title='bbox 387 1767 615 1809; x_wconf 90' lang='lat' dir='ltr'>fraudibus</span> <span class='ocrx_word' id='word_1_260' title='bbox 649 1767 912 1823; x_wconf 86' lang='lat' dir='ltr'>prevalente,</span> <span class='ocrx_word' id='word_1_261' title='bbox 946 1768 1225 1823; x_wconf 90' lang='lat' dir='ltr'>processibus</span> <span class='ocrx_word' id='word_1_262' title='bbox 1251 1770 1411 1810; x_wconf 89' lang='lat' dir='ltr'>nostris</span> <span class='ocrx_word' id='word_1_263' title='bbox 1444 1769 1731 1824; x_wconf 86' lang='lat' dir='ltr'>apertioribus</span> <span class='ocrx_word' id='word_1_264' title='bbox 1755 1770 1891 1826; x_wconf 90' lang='lat' dir='ltr'>cepiti</span> <span class='ocrx_word' id='word_1_265' title='bbox 1925 1770 2158 1812; x_wconf 83' lang='lat' dir='ltr'>obstaculis</span> <span class='ocrx_word' id='word_1_266' title='bbox 2182 1772 2370 1820; x_wconf 83' lang='lat' dir='ltr'>obviare,</span> 
     </span>
     <span class='ocr_line' id='line_1_32' title="bbox 163 1835 2368 1895; baseline 0.001 -17"><span class='ocrx_word' id='word_1_267' title='bbox 163 1837 437 1879; x_wconf 89' lang='lat' dir='ltr'>manifestius</span> <span class='ocrx_word' id='word_1_268' title='bbox 477 1835 714 1878; x_wconf 90' lang='lat' dir='ltr'>inhibendo</span> <span class='ocrx_word' id='word_1_269' title='bbox 755 1837 1003 1879; x_wconf 88' lang='lat' dir='ltr'>civitatibus</span> <span class='ocrx_word' id='word_1_270' title='bbox 1042 1842 1085 1879; x_wconf 92' lang='lat' dir='ltr'>et</span> <span class='ocrx_word' id='word_1_271' title='bbox 1128 1837 1344 1879; x_wconf 89' lang='lat' dir='ltr'>nobilibus</span> <span class='ocrx_word' id='word_1_272' title='bbox 1390 1839 1578 1880; x_wconf 89' lang='lat' dir='ltr'>marchie</span> <span class='ocrx_word' id='word_1_273' title='bbox 1613 1839 1918 1881; x_wconf 88' lang='lat' dir='ltr'>Anchonitane</span> <span class='ocrx_word' id='word_1_274' title='bbox 1953 1845 1995 1881; x_wconf 92' lang='lat' dir='ltr'>et</span> <span class='ocrx_word' id='word_1_275' title='bbox 2028 1840 2152 1880; x_wconf 88' lang='lat' dir='ltr'>vallis</span> <span class='ocrx_word' id='word_1_276' title='bbox 2188 1839 2368 1895; x_wconf 84' lang='lat' dir='ltr'>Spoleti,</span> 
     </span>
     <span class='ocr_line' id='line_1_33' title="bbox 164 1905 2373 1962; baseline 0.001 -15"><span class='ocrx_word' id='word_1_277' title='bbox 164 1905 218 1948; x_wconf 90' lang='lat' dir='ltr'>de</span> <span class='ocrx_word' id='word_1_278' title='bbox 258 1906 414 1962; x_wconf 90' lang='lat' dir='ltr'>quibus</span> <span class='ocrx_word' id='word_1_279' title='bbox 455 1906 657 1948; x_wconf 83' lang='lat' dir='ltr'>auxiliari</span> <span class='ocrx_word' id='word_1_280' title='bbox 700 1906 932 1948; x_wconf 89' lang='lat' dir='ltr'>tenebatur</span> <span class='ocrx_word' id='word_1_281' title='bbox 976 1907 1176 1962; x_wconf 88' lang='lat' dir='ltr'>imperio,</span> <span class='ocrx_word' id='word_1_282' title='bbox 1219 1921 1303 1948; x_wconf 89' lang='lat' dir='ltr'>non</span> <span class='ocrx_word' id='word_1_283' title='bbox 1335 1921 1518 1960; x_wconf 87' lang='lat' dir='ltr'>nocere,</span> <span class='ocrx_word' id='word_1_284' title='bbox 1560 1921 1613 1949; x_wconf 89' lang='lat' dir='ltr'>ne</span> <span class='ocrx_word' id='word_1_285' title='bbox 1646 1909 1688 1949; x_wconf 90' lang='lat' dir='ltr'>in</span> <span class='ocrx_word' id='word_1_286' title='bbox 1720 1908 2029 1949; x_wconf 89' lang='lat' dir='ltr'>Lombardiam</span> <span class='ocrx_word' id='word_1_287' title='bbox 2064 1908 2286 1950; x_wconf 79' lang='lat' dir='ltr'>venirentk</span> <span class='ocrx_word' id='word_1_288' title='bbox 2320 1909 2373 1949; x_wconf 87' lang='lat' dir='ltr'>ad</span> 
     </span>
     <span class='ocr_line' id='line_1_34' title="bbox 163 1975 2370 2031; baseline 0 -13"><span class='ocrx_word' id='word_1_289' title='bbox 163 1989 242 2018; x_wconf 90' lang='lat' dir='ltr'>nos</span> <span class='ocrx_word' id='word_1_290' title='bbox 274 1975 343 2018; x_wconf 92' lang='lat' dir='ltr'>vel</span> <span class='ocrx_word' id='word_1_291' title='bbox 382 1976 552 2017; x_wconf 89' lang='lat' dir='ltr'>mittere</span> <span class='ocrx_word' id='word_1_292' title='bbox 591 1975 748 2017; x_wconf 89' lang='lat' dir='ltr'>milites</span> <span class='ocrx_word' id='word_1_293' title='bbox 789 1979 1112 2031; x_wconf 85' lang='lat' dir='ltr'>attemptarent.</span> <span class='ocrx_word' id='word_1_294' title='bbox 1177 1976 1492 2017; x_wconf 87' lang='lat' dir='ltr'>Anchonitanis</span> <span class='ocrx_word' id='word_1_295' title='bbox 1526 1977 1658 2018; x_wconf 88' lang='lat' dir='ltr'>etiam</span> <span class='ocrx_word' id='word_1_296' title='bbox 1691 1981 1734 2018; x_wconf 88' lang='lat' dir='ltr'>et</span> <span class='ocrx_word' id='word_1_297' title='bbox 1767 1977 1860 2018; x_wconf 87' lang='lat' dir='ltr'>aliis</span> <span class='ocrx_word' id='word_1_298' title='bbox 1896 1978 1999 2018; x_wconf 91' lang='lat' dir='ltr'>locis</span> <span class='ocrx_word' id='word_1_299' title='bbox 2032 1978 2257 2018; x_wconf 88' lang='lat' dir='ltr'>maritimis</span> <span class='ocrx_word' id='word_1_300' title='bbox 2292 1977 2370 2018; x_wconf 86' lang='lat' dir='ltr'>sub</span> 
     </span>
     <span class='ocr_line' id='line_1_35' title="bbox 163 2044 2369 2101; baseline 0 -15"><span class='ocrx_word' id='word_1_301' title='bbox 163 2059 276 2101; x_wconf 89' lang='lat' dir='ltr'>pena</span> <span class='ocrx_word' id='word_1_302' title='bbox 307 2044 785 2086; x_wconf 85' lang='lat' dir='ltr'>excommunicationis¹</span> <span class='ocrx_word' id='word_1_303' title='bbox 827 2048 870 2086; x_wconf 91' lang='lat' dir='ltr'>et</span> <span class='ocrx_word' id='word_1_304' title='bbox 906 2044 1050 2086; x_wconf 87' lang='lat' dir='ltr'>banno</span> <span class='ocrx_word' id='word_1_305' title='bbox 1083 2045 1234 2086; x_wconf 89' lang='lat' dir='ltr'>decem</span> <span class='ocrx_word' id='word_1_306' title='bbox 1278 2046 1443 2086; x_wconf 89' lang='lat' dir='ltr'>milium</span> <span class='ocrx_word' id='word_1_307' title='bbox 1476 2060 1719 2087; x_wconf 87' lang='lat' dir='ltr'>marcarum</span> <span class='ocrx_word' id='word_1_308' title='bbox 1751 2047 1958 2098; x_wconf 78' lang='lat' dir='ltr'>iniunxit,</span> <span class='ocrx_word' id='word_1_309' title='bbox 2001 2051 2046 2087; x_wconf 92' lang='lat' dir='ltr'>ut</span> <span class='ocrx_word' id='word_1_310' title='bbox 2079 2046 2260 2088; x_wconf 89' lang='lat' dir='ltr'>Venetis</span> <span class='ocrx_word' id='word_1_311' title='bbox 2294 2060 2369 2087; x_wconf 85' lang='lat' dir='ltr'>ex-</span> 
     </span>
     <span class='ocr_line' id='line_1_36' title="bbox 164 2114 2371 2171; baseline -0.001 -15"><span class='ocrx_word' id='word_1_312' title='bbox 164 2115 366 2156; x_wconf 90' lang='lat' dir='ltr'>cellentie</span> <span class='ocrx_word' id='word_1_313' title='bbox 398 2119 542 2155; x_wconf 87' lang='lat' dir='ltr'>nostre</span> <span class='ocrx_word' id='word_1_314' title='bbox 574 2114 813 2156; x_wconf 90' lang='lat' dir='ltr'>rebellibus</span> <span class='ocrx_word' id='word_1_315' title='bbox 847 2119 996 2156; x_wconf 88' lang='lat' dir='ltr'>contra</span> <span class='ocrx_word' id='word_1_316' title='bbox 1028 2114 1278 2155; x_wconf 89' lang='lat' dir='ltr'>mandatum</span> <span class='ocrx_word' id='word_1_317' title='bbox 1312 2119 1356 2156; x_wconf 92' lang='lat' dir='ltr'>et</span> <span class='ocrx_word' id='word_1_318' title='bbox 1387 2115 1664 2157; x_wconf 87' lang='lat' dir='ltr'>interdictum</span> <span class='ocrx_word' id='word_1_319' title='bbox 1699 2120 1888 2156; x_wconf 89' lang='lat' dir='ltr'>nostrum</span> <span class='ocrx_word' id='word_1_320' title='bbox 1924 2129 2093 2171; x_wconf 90' lang='lat' dir='ltr'>queque</span> <span class='ocrx_word' id='word_1_321' title='bbox 2126 2116 2371 2157; x_wconf 87' lang='lat' dir='ltr'>necessaria</span> 
     </span>
     <span class='ocr_line' id='line_1_37' title="bbox 164 2183 2368 2240; baseline 0 -16"><span class='ocrx_word' id='word_1_322' title='bbox 164 2183 480 2232; x_wconf 83' lang='lat' dir='ltr'>ministrarent3</span> <span class='ocrx_word' id='word_1_323' title='bbox 512 2189 641 2239; x_wconf 89' lang='lat' dir='ltr'>prout</span> <span class='ocrx_word' id='word_1_324' title='bbox 672 2183 753 2225; x_wconf 92' lang='lat' dir='ltr'>hec</span> <span class='ocrx_word' id='word_1_325' title='bbox 785 2184 931 2225; x_wconf 86' lang='lat' dir='ltr'>omnia</span> <span class='ocrx_word' id='word_1_326' title='bbox 962 2198 1040 2239; x_wconf 91' lang='lat' dir='ltr'>per</span> <span class='ocrx_word' id='word_1_327' title='bbox 1063 2184 1228 2225; x_wconf 88' lang='lat' dir='ltr'>litteras</span> <span class='ocrx_word' id='word_1_328' title='bbox 1252 2198 1353 2225; x_wconf 91' lang='lat' dir='ltr'>suas</span> <span class='ocrx_word' id='word_1_329' title='bbox 1376 2184 1704 2226; x_wconf 86' lang='lat' dir='ltr'>evidentissime</span> <span class='ocrx_word' id='word_1_330' title='bbox 1736 2185 2087 2240; x_wconf 88' lang='lat' dir='ltr'>comprobantur.</span> <span class='ocrx_word' id='word_1_331' title='bbox 2178 2184 2242 2239; x_wconf 77' lang='grc'>(8)</span> <span class='ocrx_word' id='word_1_332' title='bbox 2276 2184 2368 2225; x_wconf 88' lang='lat' dir='ltr'>Ali-</span> 
     </span>
     <span class='ocr_line' id='line_1_38' title="bbox 165 2253 2370 2314; baseline -0 -20"><span class='ocrx_word' id='word_1_333' title='bbox 165 2253 319 2314; x_wconf 89' lang='lat' dir='ltr'>quibus</span> <span class='ocrx_word' id='word_1_334' title='bbox 363 2254 493 2294; x_wconf 89' lang='lat' dir='ltr'>etiam</span> <span class='ocrx_word' id='word_1_335' title='bbox 532 2253 747 2294; x_wconf 92' lang='lat' dir='ltr'>nobilibus</span> <span class='ocrx_word' id='word_1_336' title='bbox 793 2253 984 2294; x_wconf 91' lang='lat' dir='ltr'>marchie</span> <span class='ocrx_word' id='word_1_337' title='bbox 1023 2253 1301 2306; x_wconf 69' lang='lat' dir='ltr'>Trivisaneffl,</span> <span class='ocrx_word' id='word_1_338' title='bbox 1349 2268 1454 2309; x_wconf 91' lang='lat' dir='ltr'>quos</span> <span class='ocrx_word' id='word_1_339' title='bbox 1499 2254 1754 2295; x_wconf 86' lang='lat' dir='ltr'>vacillantes</span> <span class='ocrx_word' id='word_1_340' title='bbox 1795 2259 1838 2295; x_wconf 89' lang='lat' dir='ltr'>et</span> <span class='ocrx_word' id='word_1_341' title='bbox 1878 2253 2039 2295; x_wconf 85' lang='lat' dir='ltr'>debiles</span> <span class='ocrx_word' id='word_1_342' title='bbox 2082 2254 2122 2294; x_wconf 93' lang='lat' dir='ltr'>in</span> <span class='ocrx_word' id='word_1_343' title='bbox 2163 2253 2370 2294; x_wconf 87' lang='lat' dir='ltr'>fidelitate</span> 
     </span>
     <span class='ocr_line' id='line_1_39' title="bbox 167 2321 2372 2378; baseline -0 -15"><span class='ocrx_word' id='word_1_344' title='bbox 167 2326 487 2378; x_wconf 70' lang='lat' dir='ltr'>presenseratn,</span> <span class='ocrx_word' id='word_1_345' title='bbox 529 2322 698 2364; x_wconf 89' lang='lat' dir='ltr'>litteras</span> <span class='ocrx_word' id='word_1_346' title='bbox 731 2321 986 2374; x_wconf 89' lang='lat' dir='ltr'>destinavit,</span> <span class='ocrx_word' id='word_1_347' title='bbox 1024 2327 1072 2363; x_wconf 95' lang='lat' dir='ltr'>ut</span> <span class='ocrx_word' id='word_1_348' title='bbox 1103 2337 1128 2363; x_wconf 92' lang='lat' dir='ltr'>a</span> <span class='ocrx_word' id='word_1_349' title='bbox 1161 2323 1285 2364; x_wconf 89' lang='lat' dir='ltr'>nobis</span> <span class='ocrx_word' id='word_1_350' title='bbox 1318 2323 1574 2365; x_wconf 85' lang='lat' dir='ltr'>manifeste⁰</span> <span class='ocrx_word' id='word_1_351' title='bbox 1609 2323 1883 2374; x_wconf 88' lang='lat' dir='ltr'>recederent,</span> <span class='ocrx_word' id='word_1_352' title='bbox 1928 2336 2002 2378; x_wconf 89' lang='lat' dir='ltr'>pro</span> <span class='ocrx_word' id='word_1_353' title='bbox 2037 2328 2154 2364; x_wconf 89' lang='lat' dir='ltr'>certo</span> <span class='ocrx_word' id='word_1_354' title='bbox 2188 2323 2372 2373; x_wconf 87' lang='lat' dir='ltr'>scituris,</span> 
     </span>
     <span class='ocr_line' id='line_1_40' title="bbox 166 2390 2371 2447; baseline -0 -15"><span class='ocrx_word' id='word_1_355' title='bbox 166 2390 279 2447; x_wconf 91' lang='lat' dir='ltr'>quod</span> <span class='ocrx_word' id='word_1_356' title='bbox 311 2391 392 2432; x_wconf 92' lang='lat' dir='ltr'>nisi</span> <span class='ocrx_word' id='word_1_357' title='bbox 415 2390 702 2433; x_wconf 75' lang='lat' dir='ltr'>ordinationiP</span> <span class='ocrx_word' id='word_1_358' title='bbox 725 2396 770 2433; x_wconf 90' lang='lat' dir='ltr'>et</span> <span class='ocrx_word' id='word_1_359' title='bbox 791 2391 994 2433; x_wconf 89' lang='lat' dir='ltr'>mandato</span> <span class='ocrx_word' id='word_1_360' title='bbox 1020 2406 1098 2433; x_wconf 93' lang='lat' dir='ltr'>suo</span> <span class='ocrx_word' id='word_1_361' title='bbox 1127 2392 1352 2447; x_wconf 88' lang='lat' dir='ltr'>negotium</span> <span class='ocrx_word' id='word_1_362' title='bbox 1375 2391 1636 2433; x_wconf 89' lang='lat' dir='ltr'>Lombardie</span> <span class='ocrx_word' id='word_1_363' title='bbox 1659 2392 1868 2433; x_wconf 89' lang='lat' dir='ltr'>vellemus</span> <span class='ocrx_word' id='word_1_364' title='bbox 1892 2392 2061 2447; x_wconf 89' lang='lat' dir='ltr'>precise</span> <span class='ocrx_word' id='word_1_365' title='bbox 2086 2392 2371 2441; x_wconf 86' lang='lat' dir='ltr'>committere,</span> 
     </span>
     <span class='ocr_line' id='line_1_41' title="bbox 166 2460 2371 2516; baseline -0 -15"><span class='ocrx_word' id='word_1_366' title='bbox 166 2464 317 2502; x_wconf 88' lang='lat' dir='ltr'>contra</span> <span class='ocrx_word' id='word_1_367' title='bbox 348 2474 426 2501; x_wconf 92' lang='lat' dir='ltr'>nos</span> <span class='ocrx_word' id='word_1_368' title='bbox 460 2465 503 2502; x_wconf 90' lang='lat' dir='ltr'>et</span> <span class='ocrx_word' id='word_1_369' title='bbox 534 2464 734 2502; x_wconf 86' lang='lat' dir='ltr'>nostrosq</span> <span class='ocrx_word' id='word_1_370' title='bbox 767 2461 1235 2503; x_wconf 84' lang='lat' dir='ltr'>excommunicationis</span> <span class='ocrx_word' id='word_1_371' title='bbox 1269 2462 1528 2503; x_wconf 89' lang='lat' dir='ltr'>sententiam</span> <span class='ocrx_word' id='word_1_372' title='bbox 1562 2461 1826 2502; x_wconf 86' lang='lat' dir='ltr'>fulminaret.</span> <span class='ocrx_word' id='word_1_373' title='bbox 1946 2460 2009 2516; x_wconf 86' lang='lat'>(9)</span> <span class='ocrx_word' id='word_1_374' title='bbox 2046 2460 2185 2516; x_wconf 86' lang='lat' dir='ltr'>Super</span> <span class='ocrx_word' id='word_1_375' title='bbox 2217 2461 2371 2515; x_wconf 87' lang='lat' dir='ltr'>quibus</span> 
     </span>
     <span class='ocr_line' id='line_1_42' title="bbox 167 2529 2370 2585; baseline -0.002 -14"><span class='ocrx_word' id='word_1_376' title='bbox 167 2529 390 2571; x_wconf 86' lang='lat' dir='ltr'>omnibusr</span> <span class='ocrx_word' id='word_1_377' title='bbox 421 2529 663 2585; x_wconf 88' lang='lat' dir='ltr'>principum</span> <span class='ocrx_word' id='word_1_378' title='bbox 705 2533 749 2571; x_wconf 92' lang='lat' dir='ltr'>et</span> <span class='ocrx_word' id='word_1_379' title='bbox 780 2530 961 2571; x_wconf 86' lang='lat' dir='ltr'>aliorum</span> <span class='ocrx_word' id='word_1_380' title='bbox 1005 2534 1251 2572; x_wconf 89' lang='lat' dir='ltr'>nostrorum</span> <span class='ocrx_word' id='word_1_381' title='bbox 1295 2529 1512 2572; x_wconf 61' lang='lat' dir='ltr'>fidelium*³</span> <span class='ocrx_word' id='word_1_382' title='bbox 1544 2530 1862 2571; x_wconf 90' lang='lat' dir='ltr'>communicato</span> <span class='ocrx_word' id='word_1_383' title='bbox 1903 2530 2102 2579; x_wconf 91' lang='lat' dir='ltr'>consilio,</span> <span class='ocrx_word' id='word_1_384' title='bbox 2145 2530 2213 2584; x_wconf 91' lang='lat' dir='ltr'>qui</span> <span class='ocrx_word' id='word_1_385' title='bbox 2249 2529 2370 2570; x_wconf 84' lang='lat' dir='ltr'>nobis</span> 
     </span>
     <span class='ocr_line' id='line_1_43' title="bbox 166 2597 2371 2656; baseline -0.001 -17"><span class='ocrx_word' id='word_1_386' title='bbox 166 2599 210 2639; x_wconf 86' lang='lat' dir='ltr'>in</span> <span class='ocrx_word' id='word_1_387' title='bbox 249 2598 471 2640; x_wconf 91' lang='lat' dir='ltr'>obsidione</span> <span class='ocrx_word' id='word_1_388' title='bbox 511 2597 700 2640; x_wconf 74' lang='lat' dir='ltr'>Brisciet</span> <span class='ocrx_word' id='word_1_389' title='bbox 739 2603 840 2640; x_wconf 92' lang='lat' dir='ltr'>tunc</span> <span class='ocrx_word' id='word_1_390' title='bbox 879 2600 1089 2656; x_wconf 91' lang='lat' dir='ltr'>temporis</span> <span class='ocrx_word' id='word_1_391' title='bbox 1134 2599 1418 2650; x_wconf 88' lang='lat' dir='ltr'>assistebant,</span> <span class='ocrx_word' id='word_1_392' title='bbox 1463 2599 1678 2651; x_wconf 90' lang='lat' dir='ltr'>volentes,</span> <span class='ocrx_word' id='word_1_393' title='bbox 1726 2603 1772 2639; x_wconf 93' lang='lat' dir='ltr'>ut</span> <span class='ocrx_word' id='word_1_394' title='bbox 1814 2598 2023 2647; x_wconf 78' lang='lat' dir='ltr'>diximus,</span> <span class='ocrx_word' id='word_1_395' title='bbox 2067 2599 2178 2639; x_wconf 89' lang='lat' dir='ltr'>inter</span> <span class='ocrx_word' id='word_1_396' title='bbox 2218 2612 2294 2638; x_wconf 81' lang='lat' dir='ltr'>nos</span> <span class='ocrx_word' id='word_1_397' title='bbox 2329 2603 2371 2637; x_wconf 87' lang='lat' dir='ltr'>et</span> 
     </span>
     <span class='ocr_line' id='line_1_44' title="bbox 167 2664 2368 2725; baseline -0.002 -16"><span class='ocrx_word' id='word_1_398' title='bbox 167 2667 413 2712; x_wconf 78' lang='lat' dir='ltr'>ecclesiam,</span> <span class='ocrx_word' id='word_1_399' title='bbox 441 2667 692 2709; x_wconf 87' lang='lat' dir='ltr'>scandalum</span> <span class='ocrx_word' id='word_1_400' title='bbox 732 2668 936 2718; x_wconf 68' lang='lat' dir='ltr'>evitareu,</span> <span class='ocrx_word' id='word_1_401' title='bbox 987 2669 1251 2725; x_wconf 89' lang='lat' dir='ltr'>sollempnes</span> <span class='ocrx_word' id='word_1_402' title='bbox 1292 2669 1614 2724; x_wconf 85' lang='lat' dir='ltr'>magnificentie</span> <span class='ocrx_word' id='word_1_403' title='bbox 1659 2672 1832 2709; x_wconf 81' lang='lat' dir='ltr'>nostrev</span> <span class='ocrx_word' id='word_1_404' title='bbox 1883 2667 2084 2722; x_wconf 86' lang='lat' dir='ltr'>legatosw</span> <span class='ocrx_word' id='word_1_405' title='bbox 2129 2665 2182 2707; x_wconf 86' lang='lat' dir='ltr'>ad</span> <span class='ocrx_word' id='word_1_406' title='bbox 2222 2664 2368 2706; x_wconf 88' lang='lat' dir='ltr'>sedem</span> 
     </span>
     <span class='ocr_line' id='line_1_45' title="bbox 167 2736 2368 2794; baseline -0.002 -17"><span class='ocrx_word' id='word_1_407' title='bbox 167 2737 452 2792; x_wconf 88' lang='lat' dir='ltr'>apostolicam</span> <span class='ocrx_word' id='word_1_408' title='bbox 484 2736 686 2778; x_wconf 84' lang='lat' dir='ltr'>duximus</span> <span class='ocrx_word' id='word_1_409' title='bbox 718 2737 1089 2791; x_wconf 85' lang='lat' dir='ltr'>transmittendos,</span> <span class='ocrx_word' id='word_1_410' title='bbox 1122 2753 1200 2794; x_wconf 90' lang='lat' dir='ltr'>per</span> <span class='ocrx_word' id='word_1_411' title='bbox 1233 2752 1339 2793; x_wconf 92' lang='lat' dir='ltr'>quos</span> <span class='ocrx_word' id='word_1_412' title='bbox 1375 2743 1418 2780; x_wconf 90' lang='lat' dir='ltr'>et</span> <span class='ocrx_word' id='word_1_413' title='bbox 1451 2737 1503 2779; x_wconf 92' lang='lat' dir='ltr'>de</span> <span class='ocrx_word' id='word_1_414' title='bbox 1537 2737 1793 2793; x_wconf 89' lang='lat' dir='ltr'>quibusdam</span> <span class='ocrx_word' id='word_1_415' title='bbox 1827 2736 2011 2778; x_wconf 88' lang='lat' dir='ltr'>frivolis.</span> <span class='ocrx_word' id='word_1_416' title='bbox 2045 2750 2126 2790; x_wconf 87' lang='lat' dir='ltr'>que</span> <span class='ocrx_word' id='word_1_417' title='bbox 2161 2736 2200 2775; x_wconf 89' lang='lat' dir='ltr'>in</span> <span class='ocrx_word' id='word_1_418' title='bbox 2235 2748 2368 2788; x_wconf 88' lang='lat' dir='ltr'>regno</span> 
     </span>
     <span class='ocr_line' id='line_1_46' title="bbox 165 2803 2369 2861; baseline -0.002 -14"><span class='ocrx_word' id='word_1_419' title='bbox 165 2810 312 2847; x_wconf 88' lang='lat' dir='ltr'>nostro</span> <span class='ocrx_word' id='word_1_420' title='bbox 347 2805 492 2848; x_wconf 87' lang='lat' dir='ltr'>Sicilie</span> <span class='ocrx_word' id='word_1_421' title='bbox 535 2811 684 2848; x_wconf 90' lang='lat' dir='ltr'>contra</span> <span class='ocrx_word' id='word_1_422' title='bbox 723 2807 789 2848; x_wconf 91' lang='lat' dir='ltr'>ius</span> <span class='ocrx_word' id='word_1_423' title='bbox 823 2812 865 2848; x_wconf 91' lang='lat' dir='ltr'>et</span> <span class='ocrx_word' id='word_1_424' title='bbox 904 2807 1150 2849; x_wconf 86' lang='lat' dir='ltr'>libertatem</span> <span class='ocrx_word' id='word_1_425' title='bbox 1191 2808 1563 2849; x_wconf 77' lang='lat' dir='ltr'>ecclesiasticamx</span> <span class='ocrx_word' id='word_1_426' title='bbox 1601 2811 1814 2861; x_wconf 88' lang='lat' dir='ltr'>attempta</span> <span class='ocrx_word' id='word_1_427' title='bbox 1853 2812 1974 2847; x_wconf 75' lang='lat' dir='ltr'>essey</span> <span class='ocrx_word' id='word_1_428' title='bbox 2006 2805 2198 2854; x_wconf 80' lang='lat' dir='ltr'>dicebat,</span> <span class='ocrx_word' id='word_1_429' title='bbox 2243 2803 2369 2844; x_wconf 81' lang='lat' dir='ltr'>satis-</span> 
     </span>
     <span class='ocr_line' id='line_1_47' title="bbox 167 2871 2369 2918; baseline -0.002 -2"><span class='ocrx_word' id='word_1_430' title='bbox 167 2874 398 2916; x_wconf 85' lang='lat' dir='ltr'>factionem</span> <span class='ocrx_word' id='word_1_431' title='bbox 432 2874 668 2917; x_wconf 90' lang='lat' dir='ltr'>obtulimus</span> <span class='ocrx_word' id='word_1_432' title='bbox 703 2880 746 2917; x_wconf 91' lang='lat' dir='ltr'>et</span> <span class='ocrx_word' id='word_1_433' title='bbox 767 2875 1055 2917; x_wconf 87' lang='lat' dir='ltr'>desideratam</span> <span class='ocrx_word' id='word_1_434' title='bbox 1081 2876 1194 2918; x_wconf 89' lang='lat' dir='ltr'>inter</span> <span class='ocrx_word' id='word_1_435' title='bbox 1227 2890 1305 2918; x_wconf 93' lang='lat' dir='ltr'>nos</span> <span class='ocrx_word' id='word_1_436' title='bbox 1330 2880 1372 2917; x_wconf 91' lang='lat' dir='ltr'>et</span> <span class='ocrx_word' id='word_1_437' title='bbox 1394 2876 1625 2918; x_wconf 91' lang='lat' dir='ltr'>ecclesiam</span> <span class='ocrx_word' id='word_1_438' title='bbox 1655 2876 1883 2916; x_wconf 83' lang='lat' dir='ltr'>unionemz</span> <span class='ocrx_word' id='word_1_439' title='bbox 1915 2873 2074 2914; x_wconf 92' lang='lat' dir='ltr'>mutuis</span> <span class='ocrx_word' id='word_1_440' title='bbox 2098 2871 2369 2913; x_wconf 84' lang='lat' dir='ltr'>cautionibus</span> 
     </span>
     <span class='ocr_line' id='line_1_48' title="bbox 169 2942 2366 3000; baseline -0.002 -16"><span class='ocrx_word' id='word_1_441' title='bbox 169 2943 474 2996; x_wconf 83' lang='lat' dir='ltr'>roborandam,</span> <span class='ocrx_word' id='word_1_442' title='bbox 519 2945 769 2986; x_wconf 91' lang='lat' dir='ltr'>multotiens</span> <span class='ocrx_word' id='word_1_443' title='bbox 809 2944 970 2985; x_wconf 89' lang='lat' dir='ltr'>dudum</span> <span class='ocrx_word' id='word_1_444' title='bbox 1012 2959 1037 2985; x_wconf 89' lang='lat' dir='ltr'>a</span> <span class='ocrx_word' id='word_1_445' title='bbox 1076 2944 1199 2986; x_wconf 91' lang='lat' dir='ltr'>nobis</span> <span class='ocrx_word' id='word_1_446' title='bbox 1238 2958 1314 3000; x_wconf 90' lang='lat' dir='ltr'>per</span> <span class='ocrx_word' id='word_1_447' title='bbox 1355 2945 1692 2986; x_wconf 90' lang='lat' dir='ltr'>innumerabiles</span> <span class='ocrx_word' id='word_1_448' title='bbox 1725 2943 1903 2984; x_wconf 86' lang='lat' dir='ltr'>nuncios</span> <span class='ocrx_word' id='word_1_449' title='bbox 1936 2942 2196 2997; x_wconf 82' lang='lat' dir='ltr'>expetitam,</span> <span class='ocrx_word' id='word_1_450' title='bbox 2241 2955 2366 2996; x_wconf 87' lang='lat' dir='ltr'>repe-</span> 
     </span>
    </p>
   </div>
   <div class='ocr_carea' id='block_1_10' title="bbox 166 3056 2370 3564">
    <p class='ocr_par' dir='ltr' id='par_1_10' title="bbox 166 3056 2370 3564">
     <span class='ocr_line' id='line_1_49' title="bbox 304 3056 2369 3103; baseline -0.002 -11"><span class='ocrx_word' id='word_1_451' title='bbox 304 3057 392 3093; x_wconf 73' lang='lat'>224.</span> <span class='ocrx_word' id='word_1_452' title='bbox 424 3058 468 3101; x_wconf 90' lang='lat' dir='ltr'>m)</span> <span class='ocrx_word' id='word_1_453' title='bbox 493 3064 600 3093; x_wconf 87' lang='lat' dir='ltr'>contr.</span> <span class='ocrx_word' id='word_1_454' title='bbox 627 3060 725 3093; x_wconf 87' lang='lat' dir='ltr'>nobis</span> <span class='ocrx_word' id='word_1_455' title='bbox 750 3058 781 3092; x_wconf 90' lang='grc'>2.</span> <span class='ocrx_word' id='word_1_456' title='bbox 807 3058 839 3093; x_wconf 88' lang='lat'>3.</span> <span class='ocrx_word' id='word_1_457' title='bbox 989 3060 1022 3101; x_wconf 88' lang='lat' dir='ltr'>n)</span> <span class='ocrx_word' id='word_1_458' title='bbox 1063 3061 1150 3094; x_wconf 84' lang='lat' dir='ltr'>sacri</span> <span class='ocrx_word' id='word_1_459' title='bbox 1176 3060 1207 3094; x_wconf 98' lang='grc'>2.</span> <span class='ocrx_word' id='word_1_460' title='bbox 1233 3060 1265 3095; x_wconf 87' lang='lat'>3.</span> <span class='ocrx_word' id='word_1_461' title='bbox 1407 3060 1439 3103; x_wconf 89' lang='lat'>⁰)</span> <span class='ocrx_word' id='word_1_462' title='bbox 1477 3061 1520 3094; x_wconf 87' lang='lat' dir='ltr'>ab</span> <span class='ocrx_word' id='word_1_463' title='bbox 1547 3072 1635 3093; x_wconf 86' lang='lat' dir='ltr'>omn.</span> <span class='ocrx_word' id='word_1_464' title='bbox 1662 3060 1761 3092; x_wconf 81' lang='lat' dir='ltr'>debet</span> <span class='ocrx_word' id='word_1_465' title='bbox 1786 3058 1817 3091; x_wconf 89' lang='grc'>2.</span> <span class='ocrx_word' id='word_1_466' title='bbox 1843 3057 1873 3091; x_wconf 85' lang='grc'>3.</span> <span class='ocrx_word' id='word_1_467' title='bbox 2015 3063 2047 3098; x_wconf 78' lang='lat'>1&#39;)</span> <span class='ocrx_word' id='word_1_468' title='bbox 2087 3058 2247 3090; x_wconf 83' lang='lat' dir='ltr'>subsidiis</span> <span class='ocrx_word' id='word_1_469' title='bbox 2273 3056 2304 3089; x_wconf 85' lang='grc'>2.</span> <span class='ocrx_word' id='word_1_470' title='bbox 2331 3056 2369 3097; x_wconf 87' lang='grc'>3;</span> 
     </span>
     <span class='ocr_line' id='line_1_50' title="bbox 167 3114 2369 3160; baseline -0.001 -10"><span class='ocrx_word' id='word_1_471' title='bbox 167 3117 389 3160; x_wconf 86' lang='lat' dir='ltr'>personaliter</span> <span class='ocrx_word' id='word_1_472' title='bbox 414 3117 513 3150; x_wconf 81' lang='lat' dir='ltr'>deest.</span> <span class='ocrx_word' id='word_1_473' title='bbox 631 3116 664 3160; x_wconf 74' lang='lat' dir='ltr'>q)</span> <span class='ocrx_word' id='word_1_474' title='bbox 689 3117 828 3150; x_wconf 85' lang='lat' dir='ltr'>Castelli</span> <span class='ocrx_word' id='word_1_475' title='bbox 855 3117 884 3150; x_wconf 87' lang='lat'>1.</span> <span class='ocrx_word' id='word_1_476' title='bbox 1027 3117 1055 3158; x_wconf 88' lang='lat' dir='ltr'>r)</span> <span class='ocrx_word' id='word_1_477' title='bbox 1080 3129 1174 3151; x_wconf 88' lang='lat' dir='ltr'>nunc</span> <span class='ocrx_word' id='word_1_478' title='bbox 1200 3118 1229 3151; x_wconf 93' lang='lat'>1.</span> <span class='ocrx_word' id='word_1_479' title='bbox 1371 3120 1399 3159; x_wconf 65' lang='grc' dir='ltr'>Β)</span> <span class='ocrx_word' id='word_1_480' title='bbox 1425 3119 1514 3151; x_wconf 76' lang='lat' dir='ltr'>deest</span> <span class='ocrx_word' id='word_1_481' title='bbox 1538 3117 1570 3151; x_wconf 82' lang='lat'>2.</span> <span class='ocrx_word' id='word_1_482' title='bbox 1596 3116 1627 3150; x_wconf 86' lang='lat'>3.</span> <span class='ocrx_word' id='word_1_483' title='bbox 1752 3116 1777 3157; x_wconf 86' lang='lat' dir='ltr'>t)</span> <span class='ocrx_word' id='word_1_484' title='bbox 1803 3115 1943 3147; x_wconf 76' lang='lat' dir='ltr'>collatas</span> <span class='ocrx_word' id='word_1_485' title='bbox 1969 3114 1999 3147; x_wconf 97' lang='grc'>1.</span> <span class='ocrx_word' id='word_1_486' title='bbox 2118 3120 2151 3154; x_wconf 79' lang='lat'>¹¹)</span> <span class='ocrx_word' id='word_1_487' title='bbox 2178 3121 2283 3147; x_wconf 86' lang='lat' dir='ltr'>contr.</span> <span class='ocrx_word' id='word_1_488' title='bbox 2311 3115 2369 3147; x_wconf 84' lang='lat' dir='ltr'>lat.</span> 
     </span>
     <span class='ocr_line' id='line_1_51' title="bbox 166 3170 2369 3218; baseline -0.001 -11"><span class='ocrx_word' id='word_1_489' title='bbox 166 3174 282 3208; x_wconf 83' lang='lat' dir='ltr'>literas</span> <span class='ocrx_word' id='word_1_490' title='bbox 306 3173 337 3207; x_wconf 89' lang='grc'>2.</span> <span class='ocrx_word' id='word_1_491' title='bbox 362 3173 394 3208; x_wconf 95' lang='grc'>3.</span> <span class='ocrx_word' id='word_1_492' title='bbox 511 3174 544 3216; x_wconf 77' lang='lat' dir='ltr'>V)</span> <span class='ocrx_word' id='word_1_493' title='bbox 570 3175 660 3208; x_wconf 69' lang='lat' dir='ltr'>deest</span> <span class='ocrx_word' id='word_1_494' title='bbox 684 3173 715 3206; x_wconf 93' lang='grc'>2.</span> <span class='ocrx_word' id='word_1_495' title='bbox 833 3175 873 3215; x_wconf 75' lang='lat' dir='ltr'>W)</span> <span class='ocrx_word' id='word_1_496' title='bbox 901 3175 1054 3208; x_wconf 86' lang='lat' dir='ltr'>fideles</span> <span class='ocrx_word' id='word_1_497' title='bbox 1080 3176 1247 3218; x_wconf 84' lang='lat' dir='ltr'>imperii</span> <span class='ocrx_word' id='word_1_498' title='bbox 1272 3176 1354 3209; x_wconf 78' lang='lat' dir='ltr'>add.</span> <span class='ocrx_word' id='word_1_499' title='bbox 1373 3174 1405 3210; x_wconf 90' lang='grc'>2.</span> <span class='ocrx_word' id='word_1_500' title='bbox 1431 3175 1463 3208; x_wconf 88' lang='grc'>3.</span> <span class='ocrx_word' id='word_1_501' title='bbox 1606 3174 1639 3217; x_wconf 85' lang='lat' dir='ltr'>x)</span> <span class='ocrx_word' id='word_1_502' title='bbox 1666 3185 1762 3207; x_wconf 85' lang='lat' dir='ltr'>senes</span> <span class='ocrx_word' id='word_1_503' title='bbox 1790 3173 1817 3205; x_wconf 93' lang='lat'>1.</span> <span class='ocrx_word' id='word_1_504' title='bbox 1943 3176 1975 3213; x_wconf 71' lang='grc' dir='ltr'>Υ)</span> <span class='ocrx_word' id='word_1_505' title='bbox 2001 3184 2080 3205; x_wconf 83' lang='lat' dir='ltr'>aux.</span> <span class='ocrx_word' id='word_1_506' title='bbox 2107 3173 2255 3215; x_wconf 84' lang='lat' dir='ltr'>ipsorum</span> <span class='ocrx_word' id='word_1_507' title='bbox 2280 3170 2311 3205; x_wconf 91' lang='grc'>2.</span> <span class='ocrx_word' id='word_1_508' title='bbox 2338 3172 2369 3205; x_wconf 88' lang='grc'><strong>3.</strong></span> 
     </span>
     <span class='ocr_line' id='line_1_52' title="bbox 168 3228 2370 3275; baseline -0.002 -10"><span class='ocrx_word' id='word_1_509' title='bbox 168 3230 198 3273; x_wconf 74' lang='lat'>²)</span> <span class='ocrx_word' id='word_1_510' title='bbox 223 3243 245 3265; x_wconf 86' lang='lat' dir='ltr'>a</span> <span class='ocrx_word' id='word_1_511' title='bbox 269 3231 300 3265; x_wconf 92' lang='lat'>1.</span> <span class='ocrx_word' id='word_1_512' title='bbox 418 3231 450 3274; x_wconf 57' lang='grc' dir='ltr'>ὃ)</span> <span class='ocrx_word' id='word_1_513' title='bbox 476 3233 666 3266; x_wconf 83' lang='lat' dir='ltr'>deferentes</span> <span class='ocrx_word' id='word_1_514' title='bbox 692 3231 721 3265; x_wconf 96' lang='grc'>1.</span> <span class='ocrx_word' id='word_1_515' title='bbox 839 3230 872 3274; x_wconf 91' lang='lat' dir='ltr'>b)</span> <span class='ocrx_word' id='word_1_516' title='bbox 898 3232 989 3265; x_wconf 76' lang='lat' dir='ltr'>deest</span> <span class='ocrx_word' id='word_1_517' title='bbox 1011 3231 1044 3266; x_wconf 83' lang='lat'>2.</span> <span class='ocrx_word' id='word_1_518' title='bbox 1070 3231 1102 3266; x_wconf 86' lang='lat'>3.</span> <span class='ocrx_word' id='word_1_519' title='bbox 1198 3233 1228 3275; x_wconf 82' lang='lat' dir='ltr'>c)</span> <span class='ocrx_word' id='word_1_520' title='bbox 1255 3233 1407 3266; x_wconf 86' lang='lat' dir='ltr'>deinde</span> <span class='ocrx_word' id='word_1_521' title='bbox 1432 3233 1514 3265; x_wconf 82' lang='lat' dir='ltr'>add.</span> <span class='ocrx_word' id='word_1_522' title='bbox 1533 3231 1564 3264; x_wconf 87' lang='grc'><strong>2.</strong></span> <span class='ocrx_word' id='word_1_523' title='bbox 1589 3231 1621 3265; x_wconf 88' lang='grc'><strong>3.</strong></span> <span class='ocrx_word' id='word_1_524' title='bbox 1719 3229 1749 3271; x_wconf 80' lang='lat' dir='ltr'>d)</span> <span class='ocrx_word' id='word_1_525' title='bbox 1776 3230 1919 3262; x_wconf 74' lang='lat' dir='ltr'>nuncios</span> <span class='ocrx_word' id='word_1_526' title='bbox 1944 3228 1975 3261; x_wconf 91' lang='grc'><strong>2.</strong></span> <span class='ocrx_word' id='word_1_527' title='bbox 2001 3228 2031 3262; x_wconf 89' lang='grc'><strong>3.</strong></span> <span class='ocrx_word' id='word_1_528' title='bbox 2127 3230 2157 3271; x_wconf 71' lang='grc' dir='ltr'>Θ)</span> <span class='ocrx_word' id='word_1_529' title='bbox 2183 3230 2272 3263; x_wconf 65' lang='grc' dir='ltr'><em>ἀθεεὶ</em></span> <span class='ocrx_word' id='word_1_530' title='bbox 2289 3228 2319 3262; x_wconf 94' lang='grc'><strong>2.</strong></span> <span class='ocrx_word' id='word_1_531' title='bbox 2338 3229 2370 3262; x_wconf 88' lang='grc'><strong>3.</strong></span> 
     </span>
     <span class='ocr_line' id='line_1_53' title="bbox 168 3286 2370 3333; baseline -0.001 -11"><span class='ocrx_word' id='word_1_532' title='bbox 168 3286 201 3332; x_wconf 80' lang='lat' dir='ltr'>f)</span> <span class='ocrx_word' id='word_1_533' title='bbox 231 3289 303 3322; x_wconf 84' lang='lat' dir='ltr'>loco</span> <span class='ocrx_word' id='word_1_534' title='bbox 329 3290 405 3323; x_wconf 88' lang='lat' dir='ltr'>sub.</span> <span class='ocrx_word' id='word_1_535' title='bbox 429 3290 484 3322; x_wconf 85' lang='lat' dir='ltr'>vel</span> <span class='ocrx_word' id='word_1_536' title='bbox 509 3290 622 3333; x_wconf 86' lang='lat' dir='ltr'>potius</span> <span class='ocrx_word' id='word_1_537' title='bbox 646 3288 679 3323; x_wconf 92' lang='grc'><strong>2.</strong></span> <span class='ocrx_word' id='word_1_538' title='bbox 704 3288 742 3322; x_wconf 90' lang='lat'>3:</span> <span class='ocrx_word' id='word_1_539' title='bbox 773 3290 980 3322; x_wconf 83' lang='lat' dir='ltr'>calliditatis.</span> <span class='ocrx_word' id='word_1_540' title='bbox 1123 3289 1156 3331; x_wconf 77' lang='lat'>8)</span> <span class='ocrx_word' id='word_1_541' title='bbox 1190 3291 1347 3323; x_wconf 85' lang='lat' dir='ltr'>subiuxit</span> <span class='ocrx_word' id='word_1_542' title='bbox 1371 3291 1417 3322; x_wconf 81' lang='lat' dir='ltr'>al.</span> <span class='ocrx_word' id='word_1_543' title='bbox 1444 3290 1597 3323; x_wconf 88' lang='lat' dir='ltr'>subnixit</span> <span class='ocrx_word' id='word_1_544' title='bbox 1622 3287 1654 3320; x_wconf 92' lang='grc'>2.</span> <span class='ocrx_word' id='word_1_545' title='bbox 1796 3286 1829 3328; x_wconf 85' lang='lat'>¹¹)</span> <span class='ocrx_word' id='word_1_546' title='bbox 1864 3287 2038 3319; x_wconf 85' lang='lat' dir='ltr'>obtentam</span> <span class='ocrx_word' id='word_1_547' title='bbox 2063 3287 2209 3319; x_wconf 84' lang='lat' dir='ltr'>faciente</span> <span class='ocrx_word' id='word_1_548' title='bbox 2235 3287 2370 3319; x_wconf 84' lang='lat' dir='ltr'>domino</span> 
     </span>
     <span class='ocr_line' id='line_1_54' title="bbox 168 3341 2366 3390; baseline -0.001 -12"><span class='ocrx_word' id='word_1_549' title='bbox 168 3346 209 3378; x_wconf 88' lang='lat' dir='ltr'>de</span> <span class='ocrx_word' id='word_1_550' title='bbox 233 3347 539 3380; x_wconf 80' lang='lat' dir='ltr'>Mediolanensium</span> <span class='ocrx_word' id='word_1_551' title='bbox 563 3351 678 3390; x_wconf 84' lang='lat' dir='ltr'>strage</span> <span class='ocrx_word' id='word_1_552' title='bbox 702 3345 733 3379; x_wconf 88' lang='grc'>2.</span> <span class='ocrx_word' id='word_1_553' title='bbox 760 3345 791 3379; x_wconf 88' lang='grc'><strong>3.</strong></span> <span class='ocrx_word' id='word_1_554' title='bbox 887 3345 911 3390; x_wconf 93' lang='lat' dir='ltr'>i)</span> <span class='ocrx_word' id='word_1_555' title='bbox 938 3347 1027 3390; x_wconf 85' lang='lat' dir='ltr'>cepit</span> <span class='ocrx_word' id='word_1_556' title='bbox 1051 3357 1104 3390; x_wconf 88' lang='lat' dir='ltr'>ap.</span> <span class='ocrx_word' id='word_1_557' title='bbox 1132 3345 1162 3378; x_wconf 89' lang='grc'><strong>2.</strong></span> <span class='ocrx_word' id='word_1_558' title='bbox 1189 3346 1221 3380; x_wconf 89' lang='grc'><strong>3.</strong></span> <span class='ocrx_word' id='word_1_559' title='bbox 1315 3345 1350 3389; x_wconf 84' lang='lat' dir='ltr'>k)</span> <span class='ocrx_word' id='word_1_560' title='bbox 1375 3347 1492 3380; x_wconf 83' lang='lat' dir='ltr'>venire</span> <span class='ocrx_word' id='word_1_561' title='bbox 1518 3346 1548 3379; x_wconf 92' lang='grc'>2.</span> <span class='ocrx_word' id='word_1_562' title='bbox 1575 3345 1611 3383; x_wconf 89' lang='grc'>3;</span> <span class='ocrx_word' id='word_1_563' title='bbox 1638 3345 1681 3378; x_wconf 84' lang='lat' dir='ltr'>ad</span> <span class='ocrx_word' id='word_1_564' title='bbox 1707 3356 1768 3377; x_wconf 80' lang='lat' dir='ltr'>nos</span> <span class='ocrx_word' id='word_1_565' title='bbox 1793 3344 1922 3377; x_wconf 67' lang='lat' dir='ltr'>decimu.</span> <span class='ocrx_word' id='word_1_566' title='bbox 2018 3341 2042 3386; x_wconf 84' lang='grc'>1)</span> <span class='ocrx_word' id='word_1_567' title='bbox 2068 3355 2140 3377; x_wconf 86' lang='lat' dir='ltr'>exc.</span> <span class='ocrx_word' id='word_1_568' title='bbox 2167 3355 2255 3387; x_wconf 85' lang='lat' dir='ltr'>pena</span> <span class='ocrx_word' id='word_1_569' title='bbox 2279 3343 2310 3376; x_wconf 90' lang='grc'>2.</span> <span class='ocrx_word' id='word_1_570' title='bbox 2336 3344 2366 3376; x_wconf 85' lang='grc'>3.</span> 
     </span>
     <span class='ocr_line' id='line_1_55' title="bbox 167 3402 2369 3448; baseline -0 -12"><span class='ocrx_word' id='word_1_571' title='bbox 167 3403 211 3446; x_wconf 83' lang='lat' dir='ltr'>m)</span> <span class='ocrx_word' id='word_1_572' title='bbox 248 3404 402 3437; x_wconf 87' lang='lat' dir='ltr'>Tervisie</span> <span class='ocrx_word' id='word_1_573' title='bbox 434 3402 472 3446; x_wconf 85' lang='lat'>2;</span> <span class='ocrx_word' id='word_1_574' title='bbox 509 3405 696 3437; x_wconf 84' lang='lat' dir='ltr'>Trevisane</span> <span class='ocrx_word' id='word_1_575' title='bbox 721 3403 753 3437; x_wconf 90' lang='lat'>3.</span> <span class='ocrx_word' id='word_1_576' title='bbox 917 3404 952 3448; x_wconf 80' lang='lat'>¹¹)</span> <span class='ocrx_word' id='word_1_577' title='bbox 988 3416 1091 3447; x_wconf 86' lang='lat' dir='ltr'>quos</span> <span class='ocrx_word' id='word_1_578' title='bbox 1127 3405 1299 3448; x_wconf 86' lang='lat' dir='ltr'>imperii</span> <span class='ocrx_word' id='word_1_579' title='bbox 1335 3407 1422 3439; x_wconf 87' lang='lat' dir='ltr'>fide</span> <span class='ocrx_word' id='word_1_580' title='bbox 1459 3405 1616 3438; x_wconf 85' lang='lat' dir='ltr'>debiles</span> <span class='ocrx_word' id='word_1_581' title='bbox 1650 3409 1689 3436; x_wconf 86' lang='lat' dir='ltr'>et</span> <span class='ocrx_word' id='word_1_582' title='bbox 1728 3404 1993 3437; x_wconf 84' lang='lat' dir='ltr'>vacillantes</span> <span class='ocrx_word' id='word_1_583' title='bbox 2031 3405 2239 3436; x_wconf 85' lang='lat' dir='ltr'>effecerat</span> <span class='ocrx_word' id='word_1_584' title='bbox 2273 3402 2305 3436; x_wconf 97' lang='grc'>2.</span> <span class='ocrx_word' id='word_1_585' title='bbox 2338 3402 2369 3435; x_wconf 93' lang='grc'>3.</span> 
     </span>
     <span class='ocr_line' id='line_1_56' title="bbox 168 3459 2368 3505; baseline -0.001 -11"><span class='ocrx_word' id='word_1_586' title='bbox 168 3459 202 3503; x_wconf 92' lang='lat'>⁰)</span> <span class='ocrx_word' id='word_1_587' title='bbox 226 3462 441 3495; x_wconf 75' lang='lat' dir='ltr'>manifestius</span> <span class='ocrx_word' id='word_1_588' title='bbox 465 3460 497 3494; x_wconf 88' lang='lat'>3.</span> <span class='ocrx_word' id='word_1_589' title='bbox 614 3462 647 3503; x_wconf 86' lang='lat' dir='ltr'>P)</span> <span class='ocrx_word' id='word_1_590' title='bbox 674 3463 764 3505; x_wconf 90' lang='lat' dir='ltr'>quod</span> <span class='ocrx_word' id='word_1_591' title='bbox 788 3473 869 3496; x_wconf 89' lang='lat' dir='ltr'>vero</span> <span class='ocrx_word' id='word_1_592' title='bbox 894 3463 1148 3496; x_wconf 86' lang='lat' dir='ltr'>ordinacionem</span> <span class='ocrx_word' id='word_1_593' title='bbox 1173 3461 1205 3496; x_wconf 91' lang='grc'>2.</span> <span class='ocrx_word' id='word_1_594' title='bbox 1324 3463 1357 3504; x_wconf 80' lang='lat' dir='ltr'>q)</span> <span class='ocrx_word' id='word_1_595' title='bbox 1384 3468 1417 3496; x_wconf 88' lang='lat' dir='ltr'>et</span> <span class='ocrx_word' id='word_1_596' title='bbox 1442 3470 1573 3496; x_wconf 85' lang='lat' dir='ltr'>nostros</span> <span class='ocrx_word' id='word_1_597' title='bbox 1599 3462 1665 3494; x_wconf 74' lang='lat' dir='ltr'>cles.</span> <span class='ocrx_word' id='word_1_598' title='bbox 1684 3459 1715 3493; x_wconf 87' lang='grc'>2.</span> <span class='ocrx_word' id='word_1_599' title='bbox 1741 3460 1774 3494; x_wconf 90' lang='grc'>3.</span> <span class='ocrx_word' id='word_1_600' title='bbox 1900 3461 1928 3502; x_wconf 80' lang='lat' dir='ltr'>r)</span> <span class='ocrx_word' id='word_1_601' title='bbox 1954 3462 2152 3494; x_wconf 85' lang='lat' dir='ltr'>dilectorum</span> <span class='ocrx_word' id='word_1_602' title='bbox 2179 3461 2261 3493; x_wconf 80' lang='lat' dir='ltr'>add.</span> <span class='ocrx_word' id='word_1_603' title='bbox 2279 3460 2310 3493; x_wconf 88' lang='grc'>2.</span> <span class='ocrx_word' id='word_1_604' title='bbox 2337 3460 2368 3492; x_wconf 84' lang='grc'>3.</span> 
     </span>
     <span class='ocr_line' id='line_1_57' title="bbox 168 3517 2368 3564; baseline -0 -13"><span class='ocrx_word' id='word_1_605' title='bbox 168 3517 196 3560; x_wconf 74' lang='lat'>⁸)</span> <span class='ocrx_word' id='word_1_606' title='bbox 221 3519 278 3552; x_wconf 89' lang='lat' dir='ltr'>fid.</span> <span class='ocrx_word' id='word_1_607' title='bbox 302 3523 495 3552; x_wconf 85' lang='lat' dir='ltr'>nostrorum</span> <span class='ocrx_word' id='word_1_608' title='bbox 519 3517 552 3552; x_wconf 88' lang='grc'>2.</span> <span class='ocrx_word' id='word_1_609' title='bbox 577 3517 610 3551; x_wconf 89' lang='lat'>3.</span> <span class='ocrx_word' id='word_1_610' title='bbox 726 3519 752 3562; x_wconf 81' lang='lat' dir='ltr'>t)</span> <span class='ocrx_word' id='word_1_611' title='bbox 779 3520 894 3553; x_wconf 84' lang='lat' dir='ltr'>Brixie</span> <span class='ocrx_word' id='word_1_612' title='bbox 918 3518 951 3552; x_wconf 83' lang='lat'>2.</span> <span class='ocrx_word' id='word_1_613' title='bbox 975 3519 1007 3554; x_wconf 90' lang='grc'>3.</span> <span class='ocrx_word' id='word_1_614' title='bbox 1113 3518 1146 3562; x_wconf 85' lang='lat' dir='ltr'>u)</span> <span class='ocrx_word' id='word_1_615' title='bbox 1170 3531 1354 3564; x_wconf 82' lang='lat' dir='ltr'>precavere</span> <span class='ocrx_word' id='word_1_616' title='bbox 1379 3519 1410 3554; x_wconf 90' lang='grc'>2.</span> <span class='ocrx_word' id='word_1_617' title='bbox 1436 3520 1468 3554; x_wconf 91' lang='lat'>3.</span> <span class='ocrx_word' id='word_1_618' title='bbox 1563 3522 1594 3561; x_wconf 72' lang='lat' dir='ltr'>V)</span> <span class='ocrx_word' id='word_1_619' title='bbox 1621 3531 1733 3562; x_wconf 84' lang='lat' dir='ltr'>magu.</span> <span class='ocrx_word' id='word_1_620' title='bbox 1759 3525 1872 3552; x_wconf 88' lang='lat' dir='ltr'>nostre</span> <span class='ocrx_word' id='word_1_621' title='bbox 1898 3519 1966 3552; x_wconf 80' lang='lat' dir='ltr'>cles.</span> <span class='ocrx_word' id='word_1_622' title='bbox 1985 3518 2016 3552; x_wconf 91' lang='grc'>2.</span> <span class='ocrx_word' id='word_1_623' title='bbox 2043 3518 2073 3551; x_wconf 87' lang='lat'>3.</span> <span class='ocrx_word' id='word_1_624' title='bbox 2169 3521 2209 3562; x_wconf 81' lang='lat' dir='ltr'>w)</span> <span class='ocrx_word' id='word_1_625' title='bbox 2238 3525 2368 3552; x_wconf 69' lang='lat' dir='ltr'>nostros</span> 
     </span>
    </p>
   </div>
   <div class='ocr_carea' id='block_1_11' title="bbox 102 3574 1756 3619">
    <p class='ocr_par' dir='ltr' id='par_1_11' title="bbox 102 3574 1756 3619">
     <span class='ocr_line' id='line_1_58' title="bbox 102 3574 1756 3619; baseline -0.001 -8"><span class='ocrx_word' id='word_1_626' title='bbox 102 3574 136 3611; x_wconf 71' lang='lat'>50</span> <span class='ocrx_word' id='word_1_627' title='bbox 169 3575 251 3609; x_wconf 77' lang='lat' dir='ltr'>add.</span> <span class='ocrx_word' id='word_1_628' title='bbox 267 3575 298 3610; x_wconf 90' lang='grc'>2.</span> <span class='ocrx_word' id='word_1_629' title='bbox 325 3575 356 3609; x_wconf 84' lang='grc'>3.</span> <span class='ocrx_word' id='word_1_630' title='bbox 473 3574 508 3619; x_wconf 86' lang='lat' dir='ltr'>x)</span> <span class='ocrx_word' id='word_1_631' title='bbox 534 3576 676 3610; x_wconf 88' lang='lat' dir='ltr'>ecclesie</span> <span class='ocrx_word' id='word_1_632' title='bbox 700 3575 732 3609; x_wconf 93' lang='grc'>2.</span> <span class='ocrx_word' id='word_1_633' title='bbox 758 3576 789 3610; x_wconf 87' lang='grc'>3.</span> <span class='ocrx_word' id='word_1_634' title='bbox 907 3577 940 3619; x_wconf 82' lang='lat' dir='ltr'>y)</span> <span class='ocrx_word' id='word_1_635' title='bbox 967 3577 1058 3611; x_wconf 75' lang='lat' dir='ltr'>deest</span> <span class='ocrx_word' id='word_1_636' title='bbox 1083 3576 1114 3610; x_wconf 90' lang='grc'>2.</span> <span class='ocrx_word' id='word_1_637' title='bbox 1140 3576 1173 3610; x_wconf 91' lang='lat'>3.</span> <span class='ocrx_word' id='word_1_638' title='bbox 1290 3577 1320 3619; x_wconf 85' lang='lat' dir='ltr'>z)</span> <span class='ocrx_word' id='word_1_639' title='bbox 1347 3578 1483 3611; x_wconf 87' lang='lat' dir='ltr'>nunciis</span> <span class='ocrx_word' id='word_1_640' title='bbox 1509 3583 1541 3611; x_wconf 91' lang='lat' dir='ltr'>et</span> <span class='ocrx_word' id='word_1_641' title='bbox 1567 3577 1649 3610; x_wconf 82' lang='lat' dir='ltr'>add.</span> <span class='ocrx_word' id='word_1_642' title='bbox 1667 3575 1697 3609; x_wconf 91' lang='grc'>2.</span> <span class='ocrx_word' id='word_1_643' title='bbox 1725 3575 1756 3610; x_wconf 89' lang='lat'>3.</span> 
     </span>
    </p>
   </div>
   <div class='ocr_carea' id='block_1_12' title="bbox 307 3666 1117 3712">
    <p class='ocr_par' dir='ltr' id='par_1_12' title="bbox 307 3666 1117 3712">
     <span class='ocr_line' id='line_1_59' title="bbox 307 3666 1117 3712; baseline 0.001 -11"><span class='ocrx_word' id='word_1_644' title='bbox 307 3667 341 3710; x_wconf 91' lang='lat'>1)</span> <span class='ocrx_word' id='word_1_645' title='bbox 371 3666 586 3701; x_wconf 53' lang='lat' dir='ltr'>Theoderico.</span> <span class='ocrx_word' id='word_1_646' title='bbox 705 3668 741 3711; x_wconf 81' lang='lat'>2)</span> <span class='ocrx_word' id='word_1_647' title='bbox 767 3667 805 3702; x_wconf 93' lang='lat' dir='ltr'>V.</span> <span class='ocrx_word' id='word_1_648' title='bbox 831 3677 945 3712; x_wconf 62' lang='lat' dir='ltr'>supra</span> <span class='ocrx_word' id='word_1_649' title='bbox 967 3678 1023 3703; x_wconf 71' lang='lat' dir='ltr'>nr.</span> <span class='ocrx_word' id='word_1_650' title='bbox 1044 3672 1117 3702; x_wconf 85' lang='lat'>194.</span> 
     </span>
    </p>
   </div>
  </div>
 </body>
</html>
