2558 3970
108 885 141 909 10

105 1234 137 1259 15

103 1915 136 1943 25

105 2265 138 2290 30

103 3305 136 3330 45

696 135 903 170 PHILIPPI
932 134 1071 170 REGIS
1097 134 1526 171 CoNs'l'l'l‘ll'l‘IONEs.
1577 139 1675 171 1206.
1727 139 1788 173 Nr.
1813 142 1862 173 lu.
2332 150 2375 185 13

179 253 359 294 sentium
393 251 629 292 venerabili
664 251 806 306 priore
840 252 1104 292 voluntatem
1142 257 1327 291 vestram
1364 253 1672 297 intelleximus,
1709 255 1850 294 statim
1888 259 2163 311 vnum-pimus
2188 260 2375 299 animum

178 320 421 363 dimittendi
453 320 711 376 Liupoldum
753 321 807 361 ob
851 321 1058 361 honorem
1098 326 1139 360 ct
1181 322 1471 361 reverentiam
1507 324 1748 363 sanctitatis
1784 332 1924 364 vestre
1959 331 2002 365 et
2035 327 2088 365 ‹il›
2123 327 2375 381 dignitatem

177 393 454 432 sacrosancte
486 388 682 430 Romane
715 390 915 434 ecclesie,
957 403 1083 444 quam
1118 403 1194 429 nos
1230 392 1579 443 re‹·ogn0scimus
1613 406 1709 432 esse
1751 399 1929 433 matrem
1966 401 2008 435 et
2040 395 2254 436 dominam
2288 411 2375 436 nm-

178 459 294 500 nium
342 458 621 500 ecclesiarum
669 463 712 499 et
751 472 878 513 quam
923 472 998 498 nos
1039 472 1214 513 semper
1253 459 1438 498 revereri
1475 460 1668 500 volumus
1714 469 1755 501 et
1797 462 2006 502 honorare
2051 464 2160 504 sicut
2200 471 2377 505 matrem

179 532 371 569 nostram
405 526 660 568 catholicam
696 532 739 568 et
771 527 1054 582 apostolicam
1089 533 1131 567 et
1165 540 1239 581 pro
1272 540 1399 580 posse
1434 533 1477 567 et
1512 529 1672 569 viribus
1707 531 1861 570 nostris
1896 546 1989 571 eam
2024 546 2193 587 semper
2225 533 2374 573 defeu-

176 596 278 638 dere
311 596 509 636 volumus
551 600 593 636 ct
635 596 868 636 efficaciter
908 609 983 637 sue
1024 595 1249 636 intendere
1289 596 1560 636 exaltationi.
1635 598 1693 637 lta
1729 613 1897 653 quoque
1934 601 2129 641 volumus
2163 600 2378 641 dimittor«¹

175 663 454 720 Liupuldum,
488 669 533 704 ut
566 669 609 705 ct
641 678 718 705 vos
751 665 944 719 inspecto
977 665 1136 705 honore
1171 665 1355 719 imperii.
1390 666 1511 705 vuius
1536 667 1789 707 exaltationi
1815 674 1856 707 et
1887 669 2034 709 honori
2062 683 2136 708 vos
2162 671 2379 712 tenemini.

175 733 442 789 plenitudine
475 734 759 780 auctoritatis,
793 747 875 788 que
909 733 1024 789 apud
1049 748 1122 774 vos
1155 740 1234 777 est,
1267 734 1484 774 dominum
1512 734 1763 789 Sevi-idum)
1800 752 1969 777 cessare
2005 740 2194 780 faciatis:
2230 747 2270 779 ‹·t
2304 754 2379 779 nos

177 807 278 843 tunc
311 801 365 843 ad
397 802 663 843 voluntatem
690 808 876 843 vestram
911 808 953 843 ct
985 816 1060 858 pro
1095 802 1257 843 honore
1283 808 1426 843 vestro
1457 803 1595 857 ipsum
1621 803 1839 845 domiuum
1866 805 2098 847 Sivridum¹
2134 808 2375 859 ingratiam

177 875 367 914 nostram
400 871 675 926 recipiemus,
716 872 911 927 quamvis
945 872 985 912 in
1019 871 1164 912 multis
1197 873 1453 926 gravissime.
1488 873 1580 928 ipsc
1615 887 1690 913 nos
1724 874 1968 918 offenderit.
2011 880 2053 914 ct
2088 876 2150 915 vel
2188 877 2224 915 iu
2261 877 2377 916 curia

176 945 324 982 nostra
355 939 588 981 honorifice
621 940 867 981 tenebimus
901 954 1013 989 cum,
1053 940 1123 981 vel
1155 939 1208 980 de
1242 940 1365 981 bonis
1400 941 1560 981 nostris
1595 941 1799 982 honestos
1836 941 2030 982 redditus
2065 943 2146 983 sibi
2180 944 2376 997 assigna-

174 1010 336 1061 bimus,
379 1023 604 1065 quousque
638 1023 717 1050 nos
751 1009 1058 1065 provideamus
1092 1009 1130 1050 ci
1164 1010 1204 1049 in
1245 1009 1340 1050 loco
1375 1024 1531 1064 magne
1566 1014 1608 1049 et
1651 1010 1831 1051 honeste
1865 1010 2103 1065 dignitatis,
2146 1011 2379 1052 accc-deun¹

175 1078 228 1120 ad
261 1078 342 1119 hoc
374 1078 536 1120 auxilio
572 1083 713 1120 vestro
747 1083 789 1119 ct
822 1078 1065 1134 apostolica
1088 1078 1361 1126 auctoritate,
1396 1077 1522 1132 quod,
1557 1083 1603 1118 ut
1637 1084 1855 1133 putamus,
1890 1080 1982 1119 tieri
2009 1085 2155 1134 posset
2183 1080 2221 1119 in
2247 1079 2379 1119 brevi.

174 1147 236 1202 (8)
270 1147 338 1189 Ad
371 1147 466 1197 hec,
498 1148 609 1188 sicut
640 1147 823 1202 petistis,
856 1161 932 1202 pro
957 1147 1201 1188 reverentia
1225 1151 1383 1192 vestra,
1419 1151 1462 1187 ct
1485 1147 1587 1187 licet
1613 1147 1735 1187 nobis
1760 1162 1843 1188 non
1867 1149 2045 1188 multum
2072 1154 2185 1189 esset
2211 1149 2378 1189 lionori-

177 1215 305 1258 ficum
338 1217 406 1258 vel
439 1215 693 1272 expediens,
727 1217 837 1257 inter
871 1230 946 1257 nos
980 1221 1023 1257 et
1055 1215 1276 1256 dominum
1301 1215 1525 1257 oddonem
1560 1223 1736 1269 treugas
1771 1217 1954 1257 libenter
1977 1217 2315 1258 admisissemus.
2347 1218 2379 1257 si

173 1286 331 1341 prefati
363 1286 501 1327 nuntii
524 1287 656 1327 vestri
687 1300 825 1341 usque
850 1285 902 1326 ad
927 1300 1023 1327 eum
1058 1286 1314 1340 pervenisse
1348 1286 1600 1340 potuissent.
1656 1286 1861 1327 Preterea
1885 1301 1958 1341 pro
1986 1287 2253 1328 reformanda
2277 1302 2380 1342 pac(-

175 1359 219 1396 et
241 1355 472 1397 concordia
494 1356 606 1397 inter
626 1368 702 1396 vos
726 1361 769 1397 et
791 1369 883 1403 nos,
916 1356 1028 1397 inter
1055 1354 1343 1396 sacerdotium
1369 1360 1411 1396 et
1435 1356 1674 1410 imperium,
1708 1370 1833 1410 quam
1861 1371 1932 1397 nos
1957 1371 2130 1412 semper
2155 1356 2375 1397 desidera-

175 1425 328 1474 vimus,
374 1424 637 1466 subiciemus
678 1438 756 1465 nos
791 1424 945 1466 vestris
988 1423 1280 1465 cardinalibus
1315 1429 1357 1464 ct
1396 1424 1556 1465 nostris
1596 1425 1884 1479 principibus,
1929 1426 2000 1480 qui
2035 1426 2142 1466 tales
2175 1427 2268 1466 sint.
2310 1426 2379 1479 qui

173 1497 221 1534 ut
252 1493 332 1534 viri
366 1493 564 1534 catholici
596 1507 748 1548 pacem
783 1500 826 1535 ct
860 1493 1135 1534 concordiam
1169 1494 1261 1534 sine
1296 1494 1408 1533 omni
1443 1493 1644 1549 scrupulo
1675 1493 1917 1534 dolositatis
1949 1495 2138 1536 debeant
2161 1497 2379 1535 affectare.

175 1561 287 1604 Item
331 1562 366 1604 si
407 1576 486 1603 nos
527 1563 569 1603 in
611 1563 754 1618 aliquo
790 1577 863 1603 vos
897 1563 963 1603 vel
1003 1567 1322 1604 sacrosanctam
1355 1562 1593 1603 Romanam
1639 1563 1869 1604 ecclesiam
1904 1564 2135 1604 offendisse
2171 1564 2378 1604 videmur.

173 1646 253 1674 nos
285 1631 339 1672 ad
373 1631 727 1673 satisfaciendum
763 1631 885 1673 vobis
920 1645 1215 1687 supponemus
1249 1646 1326 1672 nos
1352 1633 1507 1672 vestris
1533 1632 1825 1673 cardinalibus
1849 1637 1890 1673 et
1918 1634 2074 1673 nostris
2099 1633 2378 1688 principibus.

173 1701 246 1757 qui
277 1701 399 1743 vobis
433 1705 479 1742 et
510 1701 634 1742 nobis
667 1700 903 1742 familiares
937 1701 1035 1752 sint,
1069 1701 1180 1756 quim
1214 1701 1291 1741 viri
1322 1700 1492 1755 probati
1527 1706 1569 1742 et
1602 1702 1795 1756 perfecti.
1860 1702 1904 1742 Si
1928 1716 2027 1743 vero
2054 1716 2126 1742 vos
2162 1703 2199 1742 in
2235 1702 2376 1757 alique

172 1784 251 1812 nos
284 1771 352 1812 vel
391 1770 619 1826 imperium
652 1770 808 1812 lesisse
842 1769 1060 1821 videmini,
1107 1783 1185 1810 nos
1224 1783 1301 1825 pro
1337 1770 1498 1810 honore
1539 1769 1699 1810 domini
1740 1771 1876 1811 nostri
1912 1770 2012 1812 Iesu
2047 1770 2216 1811 Christi.
2260 1771 2380 1811 cuius

173 1840 311 1882 vicem
343 1841 386 1882 in
419 1840 548 1882 terris
581 1840 745 1895 geritis,
779 1844 823 1880 et
855 1838 908 1880 ob
942 1839 1233 1881 reverentiam
1258 1838 1373 1879 beati
1395 1838 1514 1879 Petri
1547 1839 1751 1893 principis
1775 1840 2084 1894 apostolorum.
2120 1841 2239 1880 cuius
2264 1841 2377 1880 vica-

173 1910 260 1950 rius
292 1909 410 1961 estis,
454 1914 497 1951 et
530 1909 583 1950 ob
617 1909 803 1950 salutem
836 1912 1026 1949 nostram
1061 1908 1327 1949 conscientie
1361 1912 1504 1948 vestre
1539 1921 1668 1963 super
1700 1908 1781 1948 hiis
1817 1923 1888 1948 vos
1922 1909 2217 1963 relinquimus.
2273 1908 2379 1949 s'um

174 1979 288 2020 enim
320 1993 398 2020 nos
429 1978 499 2034 pie
524 1978 767 2030 credamus,
800 1983 843 2020 et
875 1981 975 2019 ante
1009 1977 1260 2034 passionem
1293 1982 1336 2018 et
1369 1982 1465 2032 post
1496 1978 1740 2032 passionem
1775 1978 1994 2019 dominum
2019 1984 2210 2019 nostrum
2237 1978 2378 2018 lesum

176 2046 394 2089 Christum
428 2047 555 2089 beato
586 2047 719 2089 Petro
753 2047 950 2102 apostolo
985 2047 1129 2088 claves
1164 2047 1283 2101 regni
1319 2047 1508 2088 celorum
1543 2047 1779 2088 contulisse
1807 2052 1848 2088 et
1873 2047 2103 2088 tradidisse
2130 2047 2194 2087 ius
2221 2046 2378 2100 ligandi

174 2120 305 2173 atque
339 2116 548 2169 solvendi,
582 2118 742 2159 scimus
777 2121 819 2158 et
850 2120 1157 2172 protestamur,
1192 2115 1306 2171 quod
1339 2130 1430 2167 vos,
1471 2117 1542 2171 qui
1576 2116 1617 2156 in
1650 2116 1787 2157 locum
1825 2130 1948 2157 suum
1982 2130 2076 2156 cum
2111 2115 2379 2171 plenitudiue

171 2187 403 2241 potestatis
437 2187 723 2238 successistis,
756 2186 799 2227 in
831 2185 1080 2227 huiusmodi
1105 2185 1301 2226 articulis
1334 2185 1388 2226 ab
1422 2185 1596 2226 homine
1629 2198 1715 2225 non
1738 2185 1842 2226 estis
1873 2184 2136 2227 iudicandus.
2172 2184 2246 2225 sed
2271 2184 2379 2225 iudi-

174 2255 288 2297 cium
320 2260 512 2298 vestrum
545 2256 623 2298 soli
654 2255 748 2297 Deo
782 2259 1051 2303 reservatur:
1099 2255 1220 2296 cuius
1253 2253 1459 2295 iudicium
1494 2259 1537 2296 et
1572 2268 1770 2296 examen.
1813 2254 1924 2309 quod
1958 2254 2037 2294 sibi
2073 2254 2152 2294 soli
2185 2253 2380 2294 debetur.

172 2324 294 2366 nobis
327 2339 413 2367 non
445 2326 666 2380 querimus
700 2339 927 2381 usurpare.
1047 2325 1108 2379 (9)
1142 2324 1210 2366 Ad
1245 2325 1340 2376 hee,
1383 2329 1506 2380 pater
1539 2325 1827 2366 sanctissime.
1871 2324 1982 2379 quod
2015 2339 2092 2364 nos
2126 2330 2326 2378 putamur
2358 2338 2377 2363 a

173 2394 431 2449 quibusdam
479 2395 632 2436 emulis
682 2395 841 2436 nostris
888 2394 1025 2435 fuisse
1078 2394 1514 2435 excommunicationi
1564 2393 1758 2434 innodati
1803 2393 1855 2434 ab
1903 2397 2181 2434 antecessore
2223 2399 2378 2432 vestre.

171 2477 390 2518 nunquam
425 2478 572 2505 verum
607 2478 705 2506 esse
738 2464 916 2512 scitote;
951 2469 994 2505 et
1026 2467 1192 2504 tantum
1226 2463 1515 2518 presumimus
1549 2462 1602 2503 de
1634 2463 1743 2503 mira
1776 2462 2001 2503 honestate
2027 2466 2172 2503 vestra
2205 2466 2247 2502 et
2279 2475 2377 2516 pru-

173 2531 334 2585 dentia,
379 2532 492 2588 quod
532 2534 567 2574 si
605 2547 737 2589 super
776 2533 857 2575 hoc
898 2533 1194 2574 testimonium
1226 2537 1418 2574 vestrum
1457 2533 1772 2583 invocaremus,
1813 2545 1889 2572 vos
1923 2531 2048 2572 huius
2083 2531 2142 2571 rei
2177 2529 2380 2570 diceretis

121 2615 136 2638 ⁵
173 2615 250 2642 nos
293 2615 389 2643 esse
431 2603 703 2655 innocentes,
751 2602 864 2658 quod
905 2603 1054 2657 utique
1093 2615 1196 2643 vere
1237 2601 1382 2643 dicere
1423 2602 1624 2657 possetis.
1696 2601 1752 2641 Et
1789 2602 1952 2641 utinam
1998 2599 2110 2655 apud
2151 2599 2377 2640 ecclesiam

174 2670 513 2726 triumphantem
546 2671 599 2713 ab
633 2672 750 2713 omni
781 2672 954 2713 vinculo
989 2676 1158 2712 secrete
1193 2671 1684 2712 excommunicationisn
1719 2671 1928 2711 sciremus
1963 2682 2039 2709 nos
2073 2682 2167 2709 esse
2202 2667 2378 2707 solutos,

175 2739 287 2781 sicut
318 2740 432 2796 apud
466 2741 696 2783 ecclesiam
731 2741 1003 2791 militantem,
1038 2741 1161 2781 cuius
1193 2754 1271 2781 nos
1306 2739 1547 2781 membrum
1571 2753 1667 2780 esse
1693 2738 1960 2788 confidimus,
1996 2752 2096 2778 vere
2121 2737 2278 2777 scimus
2304 2749 2379 2775 nos

174 2809 425 2851 nullomodo
464 2824 653 2865 unquam
692 2810 922 2852 manifeste
964 2810 1099 2851 fuisse
1140 2810 1312 2864 ligatos.
1433 2810 1524 2863 (10)
1566 2808 1706 2863 Super
1746 2807 1944 2848 omnibus
1977 2812 2120 2846 autem
2153 2805 2261 2854 aliis,
2296 2818 2377 2858 que

173 2878 298 2920 nobis
332 2879 506 2921 obicere
539 2879 835 2931 decreveritis,
868 2879 978 2920 sicut
1011 2878 1194 2920 devotus
1227 2878 1339 2919 filius
1372 2882 1516 2919 vester
1548 2877 1801 2918 obedienter
1825 2890 1902 2916 nos
1926 2875 2173 2915 discretioni
2199 2878 2240 2914 et
2264 2871 2378 2913 ordi-

173 2947 336 2989 nationi
377 2952 521 2990 vestre
564 2949 880 2990 submittemus.
953 2947 1218 2989 Confidimus
1262 2961 1431 3002 quoque
1475 2948 1515 2987 in
1557 2946 1757 2992 Domine,
1801 2944 1912 3000 quod
1950 2943 2227 2984 manifestata
2260 2941 2380 2981 vobis

172 3019 263 3057 tota
294 3017 492 3069 veritate,
527 3022 570 3059 et
603 3032 699 3059 cum
732 3019 861 3074 plene
895 3018 1018 3059 vobis
1051 3017 1309 3066 constiterit,
1344 3016 1458 3071 quod
1489 3016 1625 3057 multa
1650 3016 1758 3056 falsa
1783 3015 1835 3055 de
1865 3013 1987 3054 nobis
2011 3013 2233 3068 sepissime
2258 3010 2379 3050 vobis

173 3089 380 3140 suggesta
411 3091 523 3137 sunt,
558 3090 626 3127 et⁰
649 3101 745 3128 cum
770 3087 983 3128 sciveritis
1008 3085 1300 3127 obedientiam
1323 3090 1365 3125 et
1388 3085 1661 3126 devotionem
1687 3089 1890 3126 nostram,
1924 3095 2049 3136 quam
2083 3095 2158 3121 nos
2184 3079 2305 3120 vobis
2335 3084 2379 3119 ut

172 3149 401 3195 karissimo
443 3156 557 3210 patri
599 3161 745 3198 nostro
791 3156 1002 3211 spirituali
1036 3169 1131 3196 cum
1165 3155 1278 3196 omni
1319 3153 1562 3194 humilitate
1604 3152 1928 3207 procurabimus
1970 3151 2192 3195 exhibere,
2235 3163 2306 3189 vos
2339 3149 2377 3188 in

171 3222 336 3264 intimis
358 3224 598 3265 visceribus
631 3230 813 3280 paterne
836 3228 980 3266 vestre
1005 3224 1246 3265 dilectionis
1270 3237 1348 3263 nos
1373 3221 1631 3277 colligendo,
1664 3221 1735 3275 pio
1760 3233 1836 3260 nos
1858 3219 1997 3260 adhuc
2020 3219 2175 3259 affectu
2200 3216 2378 3271 diligere

173 3291 413 3334 debeatis0.
475 3293 646 3335 Scimus
679 3308 849 3350 quoque
882 3294 1123 3343 verissime,
1157 3291 1269 3348 quod
1302 3292 1344 3331 in
1369 3292 1483 3332 omni
1515 3296 1664 3331 nostra
1694 3289 1970 3330 tribulatione
2000 3300 2214 3341 nunquam
2241 3285 2377 3325 adhuc

173 3374 248 3401 vos
280 3363 351 3404 vel
382 3368 706 3404 sacrosanctam
729 3363 974 3404 Romanam
1009 3362 1253 3405 ecclesiam,
1275 3360 1399 3401 dictis
1431 3359 1495 3399 vel
1528 3359 1654 3399 factis
1687 3356 1956 3398 offendimus.
1990 3355 2103 3411 quod
2134 3356 2263 3396 etiam
2287 3353 2379 3394 Deo

173 3428 304 3471 dante
344 3445 562 3487 nunquam
606 3433 828 3474 faciemus,
898 3431 1102 3472 Ceterum
1138 3429 1281 3470 verbis
1327 3428 1476 3468 latoris
1516 3427 1780 3482 presentium
1814 3425 1940 3466 fidem
1974 3425 2137 3464 firmam
2173 3422 2378 3464 adhibere

174 3498 423 3553 dignemini.

311 3590 373 3626 10.
400 3591 426 3635 l)
452 3594 620 3626 Swridum
646 3605 673 3627 c.
791 3593 834 3635 m)
861 3594 952 3635 quod
976 3604 1003 3625 c.
1122 3591 1156 3634 n)
1182 3602 1243 3624 nos
1268 3590 1351 3622 add.
1377 3601 1404 3622 c.
1505 3588 1537 3628 ⁰)
1566 3599 1626 3620 vos
1654 3606 1692 3610 —
1720 3587 1882 3627 debeatis,
1909 3592 1942 3618 et
1968 3604 2011 3609 —
2037 3584 2196 3617 exhibere
2216 3592 2377 3623 perverso

107 3658 140 3684 50
177 3648 297 3682 ordine
322 3660 349 3682 c.
