2558 3970
708 165 947 199 PRIDERICI
974 165 1017 198 ll.
1044 159 1471 197 CONSTITUTlONES.
1522 160 1618 194 1232.
1668 160 1826 195 N1·.171.

181 176 201 212 ΙΨ

214 177 222 211 ..-

237 174 258 212 ¹0

363 289 390 323 1.
425 281 709 323 Concedimus
745 280 885 333 igitur.
920 278 1037 318 iuxta
1073 275 1184 331 quod
1216 276 1329 316 idem
1355 290 1431 316 rex
1454 274 1565 315 filius
1590 278 1736 315 noster
1758 277 1946 316 noscitur
1969 279 2251 331 concessisse,
2286 288 2359 321 ac¹³

182 364 385 407 perpetue
429 348 764 390 contii-maciemt
808 347 1033 386 donamus.
1078 349 1337 385 statuentes:
1378 347 1620 397 quatenusu
1652 343 1814 383 nullum
1861 353 2043 385 novumg
2074 352 2257 389 castrum
2290 349 2359 390 vel

181 422 328 460 vivims
373 421 411 459 in
453 418 591 458 fundis
634 416 934 457 ecclesiarum.
974 414 1041 454 vel
1081 413 1305 454 occasione
1346 411 1596 458 advocacie.
1636 425 1713 465 per
1750 425 1827 452 nos
1860 413 1927 453 vel
1965 421 2069 467 perv
2100 429 2356 471 quemquam

180 490 304 528 alium
341 487 416 526 sub
451 490 648 541 pretextu
682 484 874 538 quolibet
907 486 1253 523 construanturw.
1752 522 1756 527 ,

425 555 529 595 ltem
564 553 677 608 quod
711 566 822 592 nova
854 552 947 591 fora
980 565 1062 591 non
1097 550 1294 605 possintx
1325 549 1503 603 antiqua
1534 548 1807 602 aliquatenus
1839 549 2059 604 impedire.
2414 568 2428 592 5

423 623 528 663 Item
561 635 684 662 nemo
718 624 894 675 cogatur
926 619 978 660 ad
1010 618 1180 673 aliquod
1213 618 1351 658 forum
1385 618 1446 657 ire
1478 617 1646 657 invitus.

423 692 531 732 Item
565 695 697 731 strate
730 689 904 743 antique
938 702 1022 729 non
1055 687 1326 728 declinentur
1359 686 1439 726 nisi
1472 685 1524 726 de
1557 685 1904 726 transeunciumy
1936 687 2167 728 voluntate.

352 765 389 799 5.
425 760 531 800 Item
566 760 606 799 in
641 757 884 798 civitatibus
918 756 1073 796 nostris
1107 755 1227 795 novis
1261 751 1483 794 bannit‘um
1517 753 1680 794 miliare
1713 752 1965 808 deponatur.

352 832 388 869 6.
427 829 532 869 ltem
566 827 859 881 unusquisque
892 825 1131 879 principum
1164 822 1452 871 libertatibus.
1486 821 1873 873 iurisdiccionibuS,
1907 824 2194 871 comitatibus.
2227 826 2364 867 centis

181 898 282 937 siluiz
322 898 468 937 liberis
502 897 596 937 vela
631 895 858 936 infeodatis
896 893 1067 934 uteturb
1101 893 1246 947 quiete
1290 890 1523 932 secundum
1564 895 1678 932 terre
1717 905 1793 932 sue
1825 892 2176 934 consuetudinem
2210 908 2364 950 appro·
2401 914 2434 938 ιο

182 967 339 1008 batam.

355 1036 389 1073 Ἰ.
424 1034 534 1074 Item
580 1032 913 1086 centumgravii⁰
957 1031 1164 1085 recipiant
1209 1028 1383 1070 centas‘¹
1431 1043 1455 1069 a
1501 1028 1674 1069 domino
1719 1033 1832 1070 terre
1882 1030 1950 1069 vel
1991 1030 2044 1070 ab
2087 1044 2138 1071 eo
2180 1031 2252 1085 qui
2292 1044 2368 1087 per

182 1103 398 1142 <lominum
430 1112 543 1142 terre
576 1102 704 1141 fuerit
737 1099 995 1141 infeodatus.

353 1172 388 1210 S.
425 1170 531 1210 Item
565 1170 707 1210 locum
740 1172 862 1209 cente
896 1181 1021 1208 nemo
1053 1167 1238 1207 mutabit
1270 1167 1362 1207 sine
1396 1179 1608 1206 consensu
1641 1164 1801 1206 domini
1834 1169 1963 1206 terre.

354 1242 391 1279 9.
424 1239 530 1279 Item
566 1238 618 1278 ad
652 1243 798 1279 centas
831 1250 958 1277 nemo
991 1235 1192 1277 sinodalis
1224 1238 1413 1276 vocetur.
2403 1257 2435 1281 15

335 1312 394 1347 lo.
428 1308 536 1348 Item
570 1307 686 1347 cives
719 1306 789 1360 qui
823 1305 1112 1361 phalburgere
1144 1303 1344 1344 dicuntur
1376 1302 1547 1357 penitus
1582 1301 1829 1343 eicianture.

332 1380 391 1418 11.
427 1377 535 1417 Item
570 1390 724 1417 census
758 1375 864 1419 vini.
898 1373 1092 1429 pecunie,
1127 1370 1355 1413 frumentif
1383 1372 1451 1412 vel
1483 1371 1568 1420 alii,
1601 1384 1707 1425 quos
1740 1369 1888 1410 rustici
1921 1370 2233 1412 constituerunt
2264 1364 2367 1413 hac-

183 1454 305 1485 tenus
339 1459 384 1485 se
418 1445 643 1494 soluturos.
678 1444 926 1484 relaxentur
959 1448 1001 1483 et
1032 1441 1241 1482 ulteriusg
1272 1454 1355 1481 non
1388 1440 1662 1495 recipiantur.

333 1516 390 1555 12.
427 1514 536 1554 Item
578 1513 835 1568 principum,
880 1511 1085 1552 nobilium
1124 1514 1167 1551 et
1207 1508 1553 1550 ministerialium
1587 1508 1870 1549 ecclesiarum
1903 1507 2099 1549 homines
2131 1508 2294 1563 proprii
2325 1509 2368 1549 in

184 1583 431 1623 civitatibus
464 1582 620 1622 nostris
654 1595 737 1621 non
770 1580 1044 1635 recipiantur.
2407 1597 2441 1622 20

331 1653 388 1691 13.
422 1650 531 1691 Item
564 1649 845 1705 principibus,
878 1648 1112 1699 nobilibus,
1145 1646 1496 1688 ministerialibus
1529 1648 1571 1686 et
1602 1644 1800 1686 ecclesiis
1844 1646 2134 1701 proprietates
2168 1649 2212 1687 et
2242 1645 2372 1687 feoda

185 1734 258 1775 per
290 1720 486 1760 civitates
520 1725 690 1759 nostras
723 1722 934 1772 occupata
966 1717 1246 1757 restituantur
1278 1729 1358 1757 nec
1391 1714 1571 1756 ulterius
1604 1717 1882 1769 occupentur.

333 1791 391 1828 14.
426 1788 536 1828 Item
571 1786 826 1826 conductum
859 1785 1098 1840 principum
1129 1799 1206 1840 per
1237 1788 1398 1825 terram
1431 1797 1595 1833 eorum,
1641 1796 1768 1837 quam
1800 1782 1851 1823 de
1882 1796 2010 1823 manu
2042 1787 2189 1825 nostra
2221 1787 2372 1825 tenent

188 1858 230 1896 in
264 1856 402 1898 feodo.
436 1857 502 1896 vel
537 1869 612 1909 per
643 1869 719 1895 nos
753 1855 821 1895 vel
853 1868 930 1909 per
961 1857 1133 1894 nostros
1166 1867 1250 1894 non
1283 1852 1564 1908 impediemus
1597 1850 1693 1891 velh
1726 1850 1921 1905 infringii
1953 1851 2185 1906 paciemur.

336 1929 395 1967 15.
428 1924 535 1964 Item
569 1938 653 1964 non
687 1923 1001 1978 compellantur
1032 1922 1191 1977 aliquik
1223 1936 1299 1977 per
1331 1921 1537 1962 scultetos
1572 1924 1741 1960 nostros
1765 1918 1816 1960 ad
1847 1919 2188 1961 restitucionem¹
2221 1934 2371 1961 eorum
2408 1941 2440 1966 25

187 2008 266 2047 que
301 2008 322 2032 a
357 1994 585 2047 longinquo
617 1998 809 2047 tempore
833 1992 885 2032 ab
920 1991 1162 2032 hominibus
1194 1994 1498 2045 receperantm,
1532 1989 1781 2044 priusquam
1805 2002 1850 2028 se
1880 1989 1922 2028 in
1946 1990 2101 2029 nostris
2125 1989 2373 2031 civitatibus

188 2062 467 2101 collocarent.
511 2061 591 2101 nisi
630 2061 827 2101 homines
868 2059 947 2114 ipsi
993 2059 1152 2099 fuerint
1193 2058 1374 2113 imperio
1416 2057 1666 2098 immediate
1699 2056 1899 2108 subiecti,
1943 2064 2080 2112 quosn
2110 2058 2375 2099 tenebuntur

188 2130 362 2170 iuvare0
396 2143 522 2183 super
554 2143 700 2170 eorum
732 2129 822 2169 iure
854 2128 896 2167 in
929 2127 1020 2168 foro
1055 2140 1215 2178 eorum,
1249 2127 1292 2167 in
1326 2139 1506 2180 quorum
1539 2125 1664 2167 terris
1696 2125 1827 2166 taliaP
1860 2130 1960 2166 sunt
1990 2130 2208 2181 percepta.

338 2199 396 2237 16.
438 2197 546 2237 Item
587 2198 627 2236 in
670 2195 914 2236 civitatibus
955 2195 1112 2235 nostris
1153 2194 1297 2235 nullus
1336 2199 1449 2235 terre
1482 2193 1741 2248 dampnosus
1775 2194 1842 2234 vel
1876 2208 1901 2234 a
1940 2193 2081 2235 iudice
2113 2194 2374 2250 dampnatus

189 2266 251 2305 w]
287 2266 547 2320 proscriptus
582 2265 814 2320 recipiatur
847 2264 1055 2307 scientem
1089 2264 1254 2318 recepti
1287 2263 1467 2303 convicti
1502 2263 1725 2303 eiciantur.
2410 2281 2444 2306 30

338 2334 538 2375 17.Ite111
582 2334 741 2373 nullam
783 2347 935 2373 noxam
969 2336 1186 2373 monetam
1218 2333 1261 2372 in
1292 2336 1406 2372 tella
1439 2331 1619 2372 alicuius
1660 2331 1863 2386 principis
1896 2329 1993 2370 cudi
2023 2331 2255 2382 faciemus,
2297 2344 2377 2386 per

190 2417 314 2456 quam
349 2408 524 2443 moneta
557 2401 749 2442 eiusdem
784 2401 991 2456 principis
1024 2400 1324 2442 deterioretur

339 2474 397 2512 18.
431 2471 540 2511 Item
565 2471 761 2511 civitates
785 2476 929 2511 nostre
953 2469 1303 2511 iurisdiccionem
1325 2482 1445 2509 suam
1468 2468 1579 2509 ultra
1597 2467 1778 2508 civitatis
1796 2468 2003 2508 ambitum
2022 2481 2107 2508 non
2123 2467 2375 2521 extendant,

191 2541 270 2581 nisi
304 2539 354 2580 ad
389 2553 466 2579 nos
495 2540 708 2593 pertineat
741 2538 985 2579 iurisdiccio
1018 2538 1234 2593 specialis.

338 2611 398 2649 19.
434 2609 540 2649 Item
585 2609 624 2649 in
667 2608 911 2649 civitatibus
953 2608 1110 2648 nostris
1151 2610 1271 2648 actor
1309 2606 1447 2647 forum
1481 2607 1540 2646 rei
1574 2609 1821 2660 sequeturq,
1864 2605 1945 2645 nisi
1977 2618 2073 2645 reus
2105 2605 2175 2645 vel
2206 2603 2375 2646 debitor
2410 2622 2442 2648 35

194 2677 439 2732 prinsdpalis
472 2677 632 2717 ibidem
664 2677 792 2717 fuerit
826 2676 1041 2723 inventust.
1078 2689 1160 2730 quo
1194 2689 1296 2716 casu
1327 2675 1408 2715 ibir
1441 2674 1658 2715 tenebitur
1690 2673 1965 2728 respondere.

336 2748 402 2787 20.
437 2745 543 2785 Item
568 2759 691 2786 nemo
715 2745 892 2799 recipiat
915 2745 955 2784 in
985 2745 1163 2799 pignore
1186 2744 1335 2793 bona³‚
1368 2743 1520 2798 quibus
1543 2743 1636 2797 quis
1661 2742 1904 2783 infeodatus
1928 2742 2016 2793 sit‘,
2047 2742 2138 2782 sine
2162 2755 2378 2782 consensu

195 2825 233 2855 et
268 2828 393 2853 manu
429 2813 586 2854 domini
620 2814 881 2868 principalis.

336 2884 398 2923 21.
433 2882 542 2922 Item
575 2882 627 2922 ad
662 2897 791 2937 opera
826 2883 1045 2923 civitatum
1078 2882 1221 2922 nullus
1255 2885 1444 2935 cogatur,
1477 2880 1558 2921 nisi
1593 2880 1646 2921 de
1680 2881 1770 2920 iure
1802 2883 2016 2921 teneatur.

337 2951 402 2990 22.
437 2950 545 2990 Item
578 2950 773 2991 homines
806 2951 846 2990 in
880 2951 1032 2991 nostris
1063 2950 1309 2991 civitatibus
1342 2948 1581 2990 residentes
1604 2952 1807 2990 consueta
1830 2953 1873 2990 et
1895 2949 2041 2990 debita
2062 2949 2155 2988 iura
2177 2948 2229 2989 de
2251 2947 2374 2989 bonis
2411 2964 2445 2989 40

197 3024 316 3058 extra
366 3019 583 3058 civitatem
627 3020 713 3059 suis
756 3018 936 3059 dominis
980 3023 1022 3059 et
1070 3018 1290 3059 advocatis
1334 3018 1581 3073 persolvant
1629 3031 1765 3072 neque
1815 3017 2020 3058 indebitis
2070 3015 2378 3057 exaccionibus

198 3086 486 3126 molestentur.

351 557 372 594 ¹0

351 626 373 732 -ὄ-Φέ

339 3156 401 3193 23.
438 3154 544 3193 Item
569 3155 762 3195 homines
787 3156 958 3210 proprii.
983 3155 1251 3201 advocaticii,
1275 3154 1482 3204 feodales,
1507 3155 1579 3209 qui
1604 3154 1656 3195 ad
1679 3154 1874 3195 dominos
1899 3166 1997 3193 suos
2021 3153 2204 3193 transire
2229 3153 2378 3193 volue—

200 3223 319 3261 rint¹¹.
355 3221 405 3261 ad
441 3223 696 3264 manendum
730 3238 804 3278 per
837 3224 1042 3265 officiales
1076 3229 1242 3265 nostros
1275 3237 1359 3264 non
1394 3229 1601 3265 artentur.

335 3356 419 3390 ΠΙ.
452 3364 476 3398 )
508 3367 539 3390 et
564 3358 591 3391 2.
757 3358 782 3399 t)
819 3360 1087 3392 confirmacionis
1120 3359 1147 3391 1.
1182 3358 1219 3399 2;
1257 3359 1515 3392 confirmacione
1545 3356 1581 3396 33
1619 3358 1885 3391 concessioni
1915 3358 1947 3391 ἴ).
2089 3358 2122 3399 u)
2161 3358 2321 3399 quatinus
2346 3355 2377 3390 5.
2413 3365 2446 3390 45

201 3419 216 3433 V
258 3414 329 3445 deas
335 3414 399 3445 c2.
427 3415 456 3446 .”1.
484 3416 513 3447 6.
655 3418 693 3456 w)
721 3422 935 3448 construatur
961 3416 992 3448 ἱ).
1019 3416 1048 3449 ἴ).
1075 3416 1106 3449 6.
1248 3423 1280 3457 Χ)
1307 3420 1503 3458 presumant
1527 3413 1560 3446 3.
1691 3413 1724 3454 y)
1750 3415 2028 3446 confinatium
2054 3413 2083 3446 3.
2202 3413 2231 3455 z)
2257 3425 2317 3446 seu
2342 3412 2381 3454 33

201 3471 269 3501 ive
295 3472 314 3501 ⁴3
325 3472 469 3503 :liberis
495 3473 556 3503 sibi
583 3472 612 3504 ¹2.
709 3478 736 3512 ³)
763 3474 832 3505 sive
858 3472 886 3504 ss.
980 3472 1011 3513 b)
1038 3479 1153 3505 utatur
1177 3472 1208 3505 6.
1303 3479 1333 3512 ⁰)
1359 3472 1547 3514 centgravii
1573 3469 1603 3502 2.
1699 3469 1731 3511 d)
1756 3476 1888 3503 terras
1913 3470 1944 3503 3.
1963 3471 1993 3503 5.
2088 3469 2118 3512 e)
2145 3471 2323 3513 eyciantur
2350 3469 2380 3502 1.

201 3524 229 3554 s.
259 3528 355 3557 frum.
384 3529 522 3568 pecunie
548 3527 577 3559 2.
697 3534 727 3568 [ly
755 3530 842 3560 ultra
869 3528 900 3560 3.
1034 3529 1066 3569 ¹¹)
1092 3541 1158 3561 non
1184 3528 1215 3561 3.
1333 3528 1357 3569 i)
1384 3529 1550 3570 confringi
1575 3525 1606 3559 3.
1722 3525 1756 3568 k)
1782 3527 1918 3568 aliqui
1945 3527 2036 3559 deest
2060 3525 2158 3559 1—3.
2275 3525 2299 3568 l)
2326 3537 2381 3558 re—

201 3596 219 3623 q
232 3584 481 3615 nisit-ionem
510 3584 605 3616 1—3.
745 3592 785 3622 ΥΠ)
814 3587 975 3628 recipiant
991 3585 1022 3618 2.
1163 3592 1195 3627 ¹¹)
1228 3597 1312 3628 quos
1337 3592 1403 3618 ten.
1431 3586 1548 3617 iuvare
1574 3584 1641 3616 cles.
1667 3583 1699 3616 6.
1816 3582 1848 3625 ⁰)
1875 3584 2016 3617 iurare
2043 3584 2073 3616 1.
2098 3583 2135 3624 23
2170 3594 2324 3616 vocare
2349 3582 2381 3615 3.

201 3646 231 3676 p)
257 3640 376 3671 tallia
402 3641 432 3672 4.
527 3650 558 3683 ¹⁷1)
585 3649 745 3683 sequatur
770 3642 868 3675 22—6.
963 3649 990 3684 Υ)
1017 3644 1138 3675 ibidem
1164 3642 1195 3675 2.
1288 3645 1316 3685 s)
1342 3643 1431 3675 bona
1456 3643 1490 3674 in
1515 3642 1655 3683 pignore
1681 3639 1712 3672 5.
1805 3640 1832 3682 t)
1855 3641 1958 3673 suerit
1982 3639 2012 3673 5.
2096 3640 2129 3683 u)
2154 3641 2324 3673 noluerint
2348 3638 2380 3673 3.
2418 3647 2450 3672 50

2540 3877 2558 3970 '‘ff-⁶³-
2551 3850 2555 3857 -
