2558 3970
106 882 138 906 10

101 1604 132 1628 15

100 1992 134 2018 20

99 2405 131 2431 25

100 2749 133 2774 30

102 3119 134 3146 35

675 134 913 169 FRIDERICI
941 135 985 170 11.
1011 135 1441 172 CONSTITUTIONES.
1491 138 1589 172 1236.
1639 138 1699 172 Nr.
1719 138 1796 173 ⁶200.
1822 140 1900 173 ⁶201.
2290 144 2371 182 209

178 248 409 300 lanensisb,
447 247 792 298 Novariensisb‘,
837 249 1159 304 Pergamensis,
1192 251 1505 294 vercellensis.
1546 252 1806 296 Brixiensis.
1850 254 2143 295 Alexandrino
2177 262 2217 295 et
2256 256 2366 296 Lau-

177 317 322 358 densis
355 331 411 358 ex
448 322 570 372 parte
609 321 757 358 nostra
788 319 1020 374 precipias.
1063 324 1108 359 ut
1139 321 1451 361 ambasiatorcs
1483 336 1582 362 suos
1623 323 1861 377 ipsorum¹¹'
1893 325 2150 364 auctoritate
2183 325 2370 364 munitos

176 386 218 426 in
251 389 422 426 nostrac
453 385 570 426 curia
602 385 717 426 dicta
748 386 950 428 studeant
983 386 1036 427 ad
1071 392 1258 428 nostram
1293 390 1557 443 presentiam
1591 390 1823 432 destinare.
1887 392 1969 439 Qui
2013 407 2086 447 pro
2120 399 2243 448 parte
2277 393 2367 433 uni-

178 455 430 495 versitatum
474 467 648 495 suarum
696 459 782 495 tam
826 469 957 510 super
997 455 1130 496 Terre
1175 456 1330 497 Sancte
1378 459 1558 511 negocio
1609 472 1736 513 quam
1782 460 2083 502 reformatione
2126 462 2289 516 imperii
2329 468 2372 502 et

176 523 288 563 iusto
330 527 372 563 et
413 523 592 578 pacifico
633 527 747 563 statu
789 529 901 564 terre
944 525 1098 564 nostris
1131 530 1173 565 ct
1216 526 1382 580 imperii
1417 526 1629 567 mandatis
1663 543 1707 566 sc
1741 536 1971 583 exponant.
2036 531 2370 584 scripsissemus

175 591 322 646 utique
364 591 654 646 predictarum
696 592 1079 633 11niversitatibus¹¹
1123 594 1367 638 civitatum,
1410 595 1487 634 nisi
1530 595 1642 649 quod
1685 611 1779 635 esse
1824 598 2114 651 inposteruiw'
2148 599 2369 639 consilium

174 659 412 715 principum
446 659 737 707 crederetur⁰,
770 665 816 701 ut
847 660 1122 702 devotionem
1156 662 1346 717 ipsorum
1372 663 1657 718 imperialium
1685 666 1852 719 apicum
1876 667 2085 721 scriptura
2110 668 2370 722 preveniats:

174 742 251 769 nec
283 733 525 769 nostrarum
558 729 812 784 prescriptio
845 730 1082 771 litterarum
1117 731 1270 771 merito
1304 736 1473 785 poterat
1507 733 1689 785 gratiam
1724 740 1910 774 nos-tram
1939 735 2022 774 illis
2047 750 2265 790 exponen¹
2300 737 2369 791 qui

176 810 271 838 eam
314 797 485 852 assequi
526 811 610 838 non
654 798 859 839 nituntur.
921 798 1011 839 Nos
1056 799 1197 839 enimg
1229 801 1364 853 gratis
1397 801 1600 855 auspiciis
1641 802 1680 841 in
1714 802 1824 842 scs-to
1856 804 1991 843 sancti
2029 804 2229 845 Iohannis
2265 806 2367 859 bap-

175 867 276 906 tiste
316 866 512 920 proximo
545 880 657 907 nunc
696 866 867 908 futuro¹¹
907 867 1147 921 aquilarum
1183 869 1373 909 victricia
1412 870 1534 923 signa
1568 871 1836 911 movebimus
1869 871 1922 910 ab
1957 872 2176 925 Augusta.
2219 874 2368 913 solis-u-

173 933 340 989 quentii
371 934 481 975 festo
513 934 661 976 Iacobi
686 934 873 976 dietamk
907 949 1059 989 regere
1083 937 1246 976 curiam
1270 936 1569 992 disponentes,
1605 939 1676 978 illo
1708 939 1832 979 nobis
1858 940 1966 979 viam
1991 941 2193 981 soliciti-1³
2227 948 2366 981 oste—n-

173 1002 302 1043 dente
335 1003 408 1058 qui
442 1004 596 1044 novit¹¹²
628 1017 880 1059 prosperum
914 1004 993 1045 iter
1025 1004 1226 1058 dirigere,
1259 1019 1307 1046 ac
1342 1006 1528 1047 faciente
1563 1008 1632 1061 qui
1669 1012 1859 1062 potestffl.

789 1353 916 1420 5201.
959 1354 1090 1422 202.
1146 1351 1755 1425 PROGESSUS

523 1452 966 1524 CONTRA
1020 1454 1398 1527 DUOEM
1452 1456 2019 1528 AUSTRIAE.

1132 1581 1275 1628 1⁴236.
1315 1582 1421 1628 lun.

313 1701 369 1743 In
405 1702 525 1743 curia
555 1702 771 1755 Auyustae
806 1703 984 1744 α.1236
1026 1715 1162 1743 mense
1200 1703 1329 1744 Iunio
1365 1703 1508 1744 habita
1538 1704 1786 1745 Fridericus
1823 1704 1912 1745 dux
1943 1706 2144 1746 Austriue
2183 1720 2226 1745 eo
2265 1706 2373 1757 quod

168 1771 402 1824 imperium,
428 1771 644 1824 principes
675 1770 756 1811 sibi
786 1772 1071 1821 center-ricinos,
1103 1774 1260 1813 terram
1283 1785 1402 1813 suam
1424 1774 1647 1813 enormiter
1678 1774 1857 1814 laeserat
1876 1777 1912 1813 et
1939 1774 2101 1825 pluries
2122 1774 2173 1814 ab
2199 1775 2373 1825 imperu-

168 1842 253 1880 tore
282 1839 339 1880 ad
369 1840 532 1880 curiam
562 1843 729 1880 vocatus
749 1840 889 1881 venire
919 1843 1228 1894 contempserat,
1254 1842 1516 1894 proscriptus
1545 1846 1582 1883 et
1609 1843 1921 1894 principatibus
1943 1844 2030 1883 suis
2056 1844 2252 1894 privatus
2273 1846 2330 1883 est
2347 1843 2373 1884 ¹.

166 1907 239 1949 Ea:
275 1909 380 1950 actis
420 1908 563 1950 euriae
608 1911 834 1960 supersunt
871 1909 1079 1962 encyclica
1118 1910 1403 1962 inme-tutoris,
1450 1925 1534 1963 qua
1565 1912 1834 1963 principibus
1872 1924 2021 1952 causus
2062 1914 2205 1952 eontra
2236 1911 2375 1951 (lucem

165 1977 413 2030 procedendi
440 1977 613 2029 pandit,
644 1979 683 2017 et
704 1977 946 2029 promissio,
981 1992 1106 2030 quam
1136 1980 1355 2021 nonnullis
1391 1980 1656 2031 principibus
1685 1980 1742 2021 ad
1771 1980 2060 2021 debellandum
2090 1979 2230 2020 ducem
2256 1980 2371 2034 fecit.

778 2102 883 2145 201.
923 2103 1012 2144 EN
1016 2103 1052 2146 G
1058 2103 1099 2144 Y
1100 2103 1205 2145 CLI
1207 2104 1282 2146 CA
1318 2103 1568 2146 IMPERA
1575 2104 1764 2147 TORIS.

316 2183 420 2226 Cum
460 2184 547 2224 iam
584 2197 719 2225 mense
749 2183 872 2225 Maio
903 2197 994 2225 eam
1025 2184 1167 2225 datam
1198 2198 1284 2227 esse
1314 2186 1436 2226 ceteri
1466 2184 1772 2234 contenderent,
1810 2186 1876 2226 vir
1908 2186 1967 2227 ill.
1990 2186 2174 2227 Fiet-022
2206 2186 2373 2234 censuit,

169 2265 261 2294 eam
290 2253 338 2292 in
367 2253 463 2305 ipsa
493 2253 611 2294 curia
634 2253 895 2305 Auqustensi
919 2252 1084 2308 factam
1106 2266 1201 2305 csse,
1233 2257 1279 2294 ut
1301 2255 1526 2306 imperator
1556 2254 1768 2306 publicam
1797 2254 2001 2295 rationem
2023 2254 2208 2295 redderet
2232 2268 2373 2305 prece-

169 2321 295 2363 dendi
325 2321 526 2363 adversus
555 2321 709 2372 ducem,
740 2324 778 2363 et
807 2322 845 2363 ei
864 2321 1045 2363 inditam
1066 2335 1151 2363 esse
1176 2321 1364 2377 formam
1385 2323 1581 2377 epistolae
1601 2323 1723 2364 datae
1754 2323 1812 2365 ad
1829 2323 1970 2364 ducem
1993 2323 2231 2373 Boliemiae,
2264 2325 2374 2363 *inter

164 2390 398 2442 principes,
444 2391 518 2443 qui
555 2390 772 2444 Auyustae
813 2394 1056 2442 praesentes
1096 2390 1283 2445 fuerint,
1330 2405 1546 2433 summum.
1619 2392 1886 2445 Encyclicam
1931 2392 2049 2432 nobis
2090 2392 2374 2443 praebuerunt

174 2458 213 2513 1)
247 2458 370 2500 codex
391 2457 727 2500 Panormitanus
754 2460 964 2512 principis
984 2459 1172 2501 Fitaliae
1193 2472 1295 2502 saec.
1319 2460 1447 2503 XIV.
1470 2461 1543 2511 in„
1575 2475 1634 2512 ep.
1659 2462 1753 2510 106,
1786 2474 1904 2512 quem
1925 2461 2010 2500 ‘ium
2033 2460 2130 2501 olim
2151 2461 2372 2511 exscripsit

169 2526 294 2569 Pertz
308 2527 340 2579 ³‚·
371 2527 413 2582 2)
437 2527 560 2569 codex
583 2527 931 2581 Willzerinyensis
956 2540 1064 2583 pars
1080 2529 1142 2579 II,
1175 2543 1235 2580 ep.
1256 2532 1362 2579 111;
1394 2530 1437 2584 3)
1469 2529 1592 2570 codex
1617 2528 1944 2570 Vindoboncnsis
1967 2530 2049 2567 590
2079 2528 2252 2580 (Plcilol.
2271 2530 2374 2578 305)

162 2595 351 2652 fol.157
388 2610 447 2648 ep.
470 2597 578 2647 279,·
623 2595 669 2652 4)
707 2597 832 2638 codex
868 2596 1098 2638 Parisinus
1130 2597 1398 2651 Supplement
1429 2598 1536 2639 latin
1560 2599 1653 2639 165.
1677 2601 1715 2648 4,
1756 2600 2066 2650 quaternionem
2106 2598 2374 2649 epistolar-mn

168 2678 270 2707 saec.
284 2664 410 2706 XIV.
433 2665 707 2718 complectens,
729 2679 847 2718 quem
868 2667 1042 2707 contulit
1061 2666 1318 2710 Betlimann.
1364 2667 1539 2708 Praesto
1559 2670 1680 2708 erant
1699 2670 1914 2719 practerea
1935 2667 2171 2707 collationes
2193 2665 2374 2706 codicum

174 2733 501 2786 Gremifanensis
518 2736 613 2777 183.
635 2735 686 2776 Ζ.
703 2735 760 2776 32
779 2747 881 2776 saec.
902 2735 950 2776 X
960 2735 992 2776 V
1007 2737 1045 2776 et
1061 2735 1257 2777 Par'isini
1279 2736 1351 2777 lat.
1371 2737 1511 2776 13059
1533 2736 1597 2788 (S.
1625 2736 1827 2778 Ger-mam
1849 2735 2019 2787 Har-lay
2033 2736 2137 2781 455)
2160 2746 2266 2787 pars
2283 2733 2372 2782 III,

167 2817 234 2846 nr.
259 2804 283 2844 5
309 2803 388 2859 fol.
406 2806 462 2844 31
473 2800 496 2854 ',
527 2804 600 2856 qui
629 2804 792 2845 vilioris
816 2805 947 2856 pretii
975 2807 1086 2847 sunt.
1148 2805 1324 2858 Leyitur
1345 2805 1390 2845 in
1419 2805 1650 2846 collectione
1672 2804 1789 2845 Petri
1810 2804 1857 2845 de
1888 2804 2029 2845 Vincis
2051 2804 2075 2844 l.
2096 2803 2184 2852 ΙΙΙ,
2207 2816 2236 2844 e.
2258 2804 2294 2842 5.
2321 2826 2370 2830 -

167 2872 614 2914 Huillard-Breliolles
634 2872 715 2924 IV,
736 2873 822 2914 852
847 2877 888 2926 (e
909 2873 1113 2914 codicibus
1134 2872 1352 2915 Parisin‘is
1373 2872 1662 2914 Notre-Dume
1683 2874 1770 2913 202
1796 2875 1833 2913 et
1855 2873 1927 2913 lat.
1954 2873 2126 2921 13059).
2178 2870 2372 2919 Boloncr,

170 2940 273 2995 Rey.
302 2941 402 2993 imp.
434 2941 477 2992 V,
497 2941 623 2982 2175.
1991 2940 2061 2993 (P.
2087 2940 2229 2993 deest.)

314 3033 570 3074 Fredericus
603 3038 684 3075 etc.
716 3033 871 3074 illustri
905 3033 995 3087 regi
1028 3032 1230 3083 Boemie,
1272 3032 1430 3073 dilecto
1464 3032 1646 3087 principi
1679 3036 1782 3072 etc.a
1899 3031 1961 3085 (1)
1997 3031 2127 3071 inviti
2160 3030 2371 3071 trahimur

170 3102 224 3144 ad
265 3106 382 3144 tuam
426 3107 469 3143 et
511 3103 694 3143 aliorum
737 3103 938 3143 noticiam
979 3102 1218 3157 principum
1263 3101 1501 3143 adversusb
1540 3101 1693 3141 ducem
1726 3100 1901 3140 Austrie
1942 3100 2164 3139 materiam
2198 3099 2368 3153 publice

308 3215 396 3250 200.
428 3215 461 3258 b)
488 3218 561 3250 loeo
585 3218 849 3250 Mediolanensis
880 3235 923 3239 —
953 3217 1143 3250 Laudensis
1160 3215 1196 3249 3:
1234 3217 1370 3250 Mediol'
1397 3223 1431 3249 et
1455 3216 1532 3249 aliis
1542 3228 1549 3254 ;
1584 3216 1622 3249 5:
1655 3215 1875 3255 Mediolanni,
1909 3215 2064 3255 Novarie,
2094 3215 2264 3257 Pergami,
2291 3215 2371 3245 Ver-

171 3275 345 3318 ceHarum,
372 3276 497 3316 Brixie,
522 3275 738 3317 Alexandrie,
763 3276 891 3308 Laude.
1011 3274 1064 3317 b'')
1090 3275 1181 3307 deest
1204 3272 1236 3307 4.
1337 3274 1368 3316 ⁰)
1394 3279 1509 3307 nostra
1533 3274 1623 3306 deest
1647 3272 1749 3305 3-5.
1843 3269 1876 3311 d)
1903 3271 2060 3314 predictis
2086 3283 2142 3304 un.
2170 3271 2314 3313 singulis
2341 3269 2371 3302 5.

170 3331 201 3372 θ)
227 3338 458 3375 preposterum
484 3334 677 3376 principum
702 3338 893 3366 nostrorum
920 3332 1080 3365 conscilio
1098 3332 1314 3364 crediderunt
1331 3331 1360 3364 5.
1456 3329 1487 3373 f)
1514 3331 1667 3373 prevenit
1686 3328 1789 3369 1-3;
1816 3330 2006 3371 prex-cuerit
2022 3327 2054 3360 4.
2151 3334 2183 3369 8)
2208 3334 2321 3360 autern
2340 3328 2371 3360 ἴ).

170 3387 205 3432 h)
230 3390 391 3422 Iohannis
416 3391 568 3433 proxime
591 3395 736 3423 venturo
762 3391 794 3424 5.
945 3388 969 3432 i)
996 3391 1244 3431 subsequenter
1268 3389 1303 3421 in
1328 3388 1429 3422 3—5.
1582 3385 1615 3430 k)
1643 3388 1801 3419 indictam
1827 3385 1858 3418 5.
2010 3384 2033 3426 1)
2060 3386 2202 3418 feliciter
2228 3386 2316 3417 dee-3!
2340 3383 2371 3416 ἵ).

171 3447 214 3490 ¹¹¹)
239 3449 373 3481 noverit
397 3453 431 3480 et,
454 3449 517 3480 iter
542 3458 740 3491 prosperum
765 3448 910 3480 faciente
935 3448 994 3489 qui
1020 3451 1130 3490 potest
1154 3446 1185 3479 5.

307 3504 394 3539 201.
422 3508 455 3547 ³)
480 3505 528 3537 sie
544 3504 584 3546 43
610 3505 803 3538 Friderious
820 3510 884 3538 etc.
902 3505 974 3547 regi
992 3504 1128 3536 Boemie
1145 3502 1177 3536 2.
1196 3502 1234 3541 3;
1260 3503 1401 3534 rubrica
1419 3502 1454 3533 ἱιι
1473 3501 1509 3534 1:
1536 3502 1727 3533 Fridericus
1746 3501 1927 3542 imperator
1944 3501 2060 3532 scribit
2077 3501 2210 3532 cuidam
2229 3499 2369 3542 principi

170 3563 312 3595 crimina
335 3568 369 3596 et
392 3563 611 3596 enormitates
635 3563 732 3596 ducis
757 3564 895 3596 Austrie
919 3563 961 3595 ad
985 3562 1239 3595 excusationem
1265 3570 1349 3602 pene
1374 3560 1524 3603 predicto
1549 3559 1627 3591 duci
1653 3559 1845 3600 infligende.
1963 3556 1996 3600 b)
2022 3558 2124 3590 talem
2148 3557 2229 3588 add.
2250 3556 2279 3588 1.

308 3653 343 3698 1)
377 3652 415 3687 V.
434 3652 639 3686 Hermanni
654 3652 772 3686 Altah.
790 3653 956 3686 Annales
973 3651 1037 3687 SS.
1058 3651 1187 3696 XVII,
1205 3654 1278 3685 392.
1373 3650 1409 3693 2)
1436 3649 1584 3694 Reyesta
1606 3648 1692 3691 imp.
1718 3647 1757 3691 V,
1775 3653 1864 3682 2175.
1938 3647 1973 3690 3)
2000 3646 2037 3680 V.
2058 3645 2209 3679 ‘Archiv'
2236 3644 2273 3687 V,
2294 3648 2370 3679 360.

2412 955 2438 980 lu

2422 826 2468 845 ιι1ι,
2494 824 2506 844 ’Δ
2531 839 2534 843 ,

2449 956 2464 979 l.
2486 960 2527 980 ’.’.ἰ.
