2558 3970
221 180 300 217 215
704 174 941 208 FRIDERICI
971 175 1013 209 ΙΙ.
1041 173 1467 209 CONSTITUTIONES.
1518 175 1615 209 1232.
1665 175 1727 210 Nr.
1749 177 1823 210 174.
1852 177 1923 211 175.

218 306 294 345 per
328 306 400 329 nos
426 300 498 330 aut
523 289 715 329 homines
742 295 908 328 nostros
934 288 1217 329 sustinebinmsi
1248 290 1472 343 receptari,
1506 294 1734 344 postquam
1757 289 1796 330 id
1822 290 1962 344 ipsum
1988 305 2042 332 ex
2067 295 2188 346 parte
2213 293 2402 348 ipsorum

219 358 340 398 nobis
383 357 510 397 fucrit
544 357 804 399 intimatum:
850 356 924 397 sed
960 371 1032 397 cos
1065 357 1321 411 ubicumque
1354 357 1534 398 inveniri
1568 358 1798 412 poteruntk
1828 372 1905 413 per
1937 359 2164 414 imperium
2196 365 2402 413 nostrum,

219 427 309 480 capi
335 427 539 465 faciemus
563 426 604 464 in
629 425 755 465 rebus
779 426 938 479 paritor
963 430 1003 465 ct
1028 426 1224 480 personis
1248 426 1358 466 bona
1381 426 1477 469 fido,
1512 426 1583 466 ubi
1610 429 1869 481 potestatem
1896 441 2025 482 super
2048 427 2129 468 hoc
2153 427 2401 471 habeamus.

220 499 278 533 141
316 501 365 533 1¹0
400 512 484 544 rego
520 500 651 544 Anglii*
684 500 734 533 sic
767 500 847 540 crit,
881 500 980 543 qnod
1012 500 1152 534 nullam
1185 512 1267 535 cum
1300 512 1342 536 eo
1376 500 1553 535 faciemus
1586 500 1790 535 amicitiam
1823 509 1898 536 seu
1930 502 2271 539 confederationem
2292 516 2360 539 nec
2382 516 2404 539 a

217 569 352 602 nostris
393 569 470 603 ficri
511 568 786 613 permittemus
831 568 1052 612 ubicumque
1094 571 1322 613 potestatem
1366 569 1592 614 impediendi
1623 569 1842 612 habeamus,
1886 569 1965 605 sine
1997 571 2190 606 voluntate
2223 564 2403 620 predicti
2457 584 2471 607 5

217 637 313 681 regis
347 630 599 671 Francorum¹.
719 629 782 684 &l
816 635 860 671 Et
894 637 988 671 hanc
1022 637 1363 673 confederationem
1395 638 1485 673 fecit
1507 637 1699 673 nobiscum
1721 638 1820 673 bona
1841 638 1947 673 fidem
1978 638 2076 674 idem
2098 650 2162 674 rex
2184 639 2402 682 Ludovicus‚

218 699 326 753 qnod
362 713 442 738 non
479 700 557 738 crit
590 699 723 741 dicto.
765 699 897 741 facto.
932 699 1109 739 consilio
1145 700 1212 740 vel
1245 714 1447 751 assensu‚
1491 701 1676 755 qualiter
1707 714 1782 741 nos
1817 704 1859 741 et
1892 700 2073 742 heredes
2106 702 2240 742 nostri
2273 702 2402 742 vitam

217 777 288 807 ant
333 767 533 807 honorem
575 766 846 807 amittamush
886 781 961 807 seu
1003 768 1246 822 captionem
1287 783 1512 823 corporum
1553 768 1833 820 habeamus¹³‚
1877 773 1920 810 et
1952 770 1986 809 si
2019 769 2192 824 aliquod
2224 770 2403 811 istorum

219 837 408 876 sciverit.
446 836 547 876 illud
587 836 846 876 disturbabit
879 837 992 877 bona
1025 836 1122 879 fide:
1166 837 1277 891 quod
1312 838 1346 877 si
1379 838 1620 878 disturbare
1652 851 1734 878 non
1767 838 1948 893 poterit,
1992 837 2249 892 significabit
2281 837 2404 879 nobis

217 915 289 944 aut
323 905 450 945 alicui
476 905 541 943 νυ]
576 904 788 958 aliquibus
813 906 1009 959 personis
1034 905 1148 946 bona
1170 905 1267 957 fide,
1301 920 1382 961 que
1404 906 1482 947 hoc
1506 906 1677 947 valeant
1700 906 1958 957 disturbare,
1991 920 2067 948 seu
2091 920 2167 962 per
2189 906 2403 960 aliquam⁰
2443 917 2474 942 ιο

218 988 293 1013 scu
328 973 491 1027 aliquas
526 987 733 1027 personas
768 973 1026 1027 significabit
1048 975 1171 1015 nobis
1195 974 1313 1029 ipsis.
1433 974 1497 1029 (6)
1532 974 1643 1016 Item
1667 989 1749 1016 non
1773 974 2030 1024 consentiet,
2064 974 2175 1030 quod
2198 974 2251 1015 de
2275 989 2405 1029 regno

217 1055 291 1080 suo
326 1049 365 1081 et
401 1041 640 1082 hominibus
675 1041 867 1082 eiusdem
908 1043 1028 1097 regni
1064 1044 1128 1083 sui
1161 1044 1230 1084 vel
1263 1044 1497 1098 aliquibus,
1540 1044 1611 1098 qui
1644 1047 1794 1084 contra
1835 1057 1912 1084 nos
1947 1047 1989 1084 et
2019 1043 2202 1085 heredes
2235 1047 2404 1085 nostros

220 1110 258 1149 in
293 1111 503 1164 personis
537 1111 810 1155 honoribusv,
846 1112 969 1152 torris
1003 1112 1157 1152 nostris
1181 1113 1407 1166 quicquam
1443 1112 1624 1153 fecerint
1647 1113 1716 1153 vel
1748 1112 1893 1153 facere
1916 1112 2280 1166 attemptaverint,
2314 1115 2403 1152 tam

217 1177 268 1217 de
305 1178 497 1232 personis
531 1187 687 1232 (11111111ΙΙ
722 1179 848 1219 rebus
882 1179 1054 1233 aliquod
1079 1180 1313 1221 subsidium
1347 1181 1575 1229 tribuatur;
1611 1180 1687 1221 sed
1719 1195 1896 1236 prorsus
1928 1180 2150 1231 inhibebit,
2184 1180 2293 1235 quod
2318 1195 2403 1221 non

218 1247 309 1286 fiat.
352 1258 392 1286 ct
434 1253 510 1286 ncr
542 1247 636 1288 fiat.
682 1247 941 1288 disturbabit
975 1248 1087 1289 bona
1120 1249 1217 1290 fide.
1336 1248 1398 1303 (7)
1437 1249 1622 1304 Insuper
1653 1250 1763 1290 idem
1797 1264 1875 1290 rex
1905 1255 2074 1290 homines
2106 1255 2254 1300 imperii
2284 1255 2404 1290 nostri
2444 1262 2474 1286 15

219 1322 316 1355 seuS
350 1322 394 1355 ad
427 1321 622 1366 imperium
655 1324 823 1356 nostrum
846 1323 1078 1367 pertinentes
1101 1326 1338 1359 contumaces
1361 1326 1426 1359 aut
1449 1324 1556 1359 nobis
1579 1324 1736 1360 rebelles
1759 1337 1822 1360 seu
1846 1325 2038 1359 moventes
2060 1335 2233 1369 guerram
2256 1321 2405 1359 contra

218 1398 293 1423 nos
328 1393 368 1423 ct
403 1384 584 1425 heredes
618 1390 785 1425 nostros
810 1386 876 1426 vel
910 1392 1177 1427 foi-isbannitos
1210 1387 1377 1442 imperii
1400 1393 1519 1428 nostri
1541 1406 1616 1429 non
1645 1393 1855 1438 receptabit
1876 1405 1943 1429 nec
1966 1392 2151 1438 receptari
2173 1387 2304 1428 faciet
2325 1401 2405 1427 nec

217 1460 253 1492 'm
286 1470 399 1503 regno
433 1471 508 1495 suo.
543 1459 605 1493 ubi
638 1462 865 1504 potestatem
895 1457 1063 1505 habe-att,
1098 1471 1174 1511 per
1207 1470 1251 1497 se
1285 1459 1357 1496 aut
1389 1456 1586 1497 homines
1620 1471 1720 1497 suos
1755 1457 1986 1498 sustinebit
2018 1456 2252 1511 receptari,
2285 1460 2403 1511 post-

217 1535 341 1574 quam
385 1521 424 1560 id
473 1522 611 1575 ipsum
655 1529 736 1562 exu
779 1528 895 1578 parte
938 1528 1083 1565 nostra
1123 1525 1203 1565 sibi
1244 1525 1371 1565 fuerit
1413 1525 1675 1571 intimatum;
1717 1525 1791 1566 sed
1824 1537 1897 1566 eos
1932 1524 2190 1579 ubicumque
2223 1524 2406 1565 inveniri

217 1596 418 1643 poterunt
450 1604 526 1644 per
559 1604 737 1644 regnum
770 1605 912 1637 suum,
947 1593 1040 1647 capi
1063 1593 1194 1633 faciet
1218 1593 1260 1633 in
1284 1593 1412 1634 rebus
1442 1593 1603 1648 pariter
1626 1597 1669 1635 et
1691 1594 1888 1648 personis
1911 1594 2025 1635 bona
2047 1593 2143 1643 fide,
2176 1593 2250 1633 ubi
2275 1605 2404 1647 super
2441 1600 2474 1626 2⁰

216 1657 294 1697 hoc
328 1662 588 1711 potestatem
622 1658 817 1699 habeatv.
939 1660 1000 1714 (8)
1035 1660 1281 1701 Predictam
1315 1662 1459 1715 itaque
1484 1668 1827 1704 confederationem
1856 1668 2089 1713 precepimus
2112 1669 2149 1703 et
2176 1666 2405 1702 iniunximus

216 1732 408 1765 iurand-am
441 1744 507 1776 pro
539 1733 646 1767 nobis
679 1736 716 1768 et
748 1734 785 1768 in
816 1734 940 1768 anima
972 1737 1101 1769 nostra
1132 1747 1154 1769 a
1185 1736 1322 1771 dilecto
1356 1730 1555 1770 familiari
1589 1734 1735 1771 nostro
1768 1731 1975 1785 magistro
2000 1730 2190 1771 Henrico
2223 1743 2404 1771 venera-

218 1795 291 1835 bili
326 1794 588 1836 Cathanensi
622 1797 760 1837 electo
795 1803 836 1837 et
868 1797 1058 1838 Henrico
1092 1798 1143 1839 de
1176 1798 1450 1853 Aquisgrano
1485 1799 1734 1847 camerario,
1767 1799 1964 1841 fidelibus
1998 1798 2171 1839 nostris.

362 1865 471 1903 Acta
511 1871 607 1904 sunt
646 1865 724 1905 hec
766 1880 878 1906 anno
911 1866 1123 1907 dominice
1167 1868 1472 1908 incarnationis
1506 1866 1793 1908 MCCXXXW
1825 1867 2035 1917 secundo,
2078 1881 2227 1908 mense
2261 1865 2406 1916 Madii,

219 1934 363 1986 quinte
397 1932 653 1974 indictionis.
2443 1949 2476 1974 25

362 2001 520 2041 Datum
553 2003 666 2057 apud
698 2003 871 2043 Portum
901 2004 1065 2044 Naonis
1098 2005 1140 2044 in
1164 2004 1273 2045 Foro
1295 2005 1408 2055 Iulii,
1441 2020 1565 2058 anno,
1600 2021 1748 2048 mense
1772 2010 1813 2047 et
1836 2005 2067 2047 indictione
2102 2004 2406 2060 pretitulatisx.

906 2411 1030 2479 175.
1083 2410 1721 2481 MANDATUM

219 2507 358 2577 DE
414 2508 977 2582 EXERCITU
1021 2512 1760 2585 BURGUNDIOO
1815 2511 2402 2584 MITTENDO.

1111 2637 1252 2684 102392.
1292 2638 1414 2684 Nov.
1450 2638 1522 2683 15.

361 2779 567 2818 Inscrtmn
600 2782 657 2818 est
688 2782 938 2821 lranssnmto
963 2780 1127 2822 (malae
1149 2782 1197 2821 dc
1222 2782 1422 2824 Gurzcmo
1450 2783 1591 2823 mnam
1621 2782 1864 2834 imperialis,
1897 2782 1943 2822 in
1971 2782 2179 2824 tabulario
2210 2781 2406 2822 Vaticano
2443 2788 2476 2814 ³⁰

220 2846 347 2886 Instr.
374 2848 480 2887 malsc.
510 2850 617 2887 1232
644 2861 709 2887 nr.
732 2850 787 2887 48
818 2851 1036 2899 asservato,
1069 2850 1177 2901 quod
1203 2851 1449 2902 exemplavit
1476 2851 1613 2902 Kehr,·
1644 2851 1761 2891 cums
1786 2853 1899 2891 tenor
1921 2851 2020 2891 talis
2041 2853 2120 2892 cst:
2151 2849 2406 2891 Venerabili

222 2916 329 2968 patri
365 2920 406 2955 et
439 2915 606 2956 domino
642 2916 687 2957 B.
723 2916 804 2957 Dei
836 2918 976 2971 gratia
1008 2918 1294 2959 Auinionensi
1328 2920 1530 2975 episcopo
1564 2919 1731 2966 Qualea
1752 2919 1803 2960 de
1828 2918 2027 2970 Gurcano
2059 2933 2188 2961 verus
2221 2918 2403 2959 nuncius

220 2985 352 3023 nostri
387 2985 623 3025 serenisimi
663 2986 935 3040 imperatoris
969 2986 1036 3026 Fr.
1071 2987 1253 3028 salutem
1289 3002 1383 3028 cum
1418 2989 1674 3029 reverentia.
1735 2988 1903 3028 Literas
1936 2987 2095 3028 domini
2128 2987 2400 3043 imperatoris

222 3066 296 3091 nos
345 3053 558 3106 recepisse
600 3054 801 3094 noveritis
843 3055 921 3094 sub
964 3055 1041 3095 hac
1083 3054 1238 3096 forma:
1288 3056 1371 3098 ‘Fu
1412 3056 1493 3098 Dei
1533 3058 1673 3111 gratia
1709 3083 1751 3085 ῌ
1790 3056 1867 3097 VI.
1901 3054 2174 3097 indictionis’,
2235 3055 2400 3096 Harum

222 3121 349 3173 igitur
382 3120 602 3161 literarum
636 3123 892 3163 auctoritate
926 3124 1136 3177 imperiali
1171 3139 1248 3165 nos
1272 3125 1437 3171 Qualea
1460 3125 1511 3166 de
1536 3125 1734 3177 Gur-<gano
1758 3124 2027 3180 supradictus
2051 3125 2219 3178 legatus
2241 3123 2403 3164 domini
2440 3135 2471 3162 3⁵

223 3189 489 3242 imperatoris
522 3189 698 3242 predicti
734 3191 852 3231 vobis
885 3192 1051 3245 prefato
1085 3193 1195 3246 patri
1229 3198 1371 3234 nostro
1405 3195 1606 3248 episcopo
1632 3193 1916 3234 Auinionensi
1949 3192 2253 3233 committimus
2285 3192 2402 3233 vices

221 3267 388 3297 nostras
423 3267 464 3297 et
499 3257 647 3298 damus
681 3259 915 3313 plenariam
949 3265 1230 3313 potestatenn
1274 3276 1399 3316 quam
1432 3262 1483 3302 ab
1518 3262 1694 3316 imperio
1729 3261 1937 3302 habemus
1970 3274 2099 3314 super
2131 3259 2401 3301 venerabiles

221 3333 365 3378 patres
399 3333 568 3365 nostros
604 3357 642 3366 ..
676 3328 1128 3381 Carpentoratensem‚
1162 3330 1548 3382 Cauaellicensem,
1581 3330 1835 3385 Aptensem‚
1869 3329 2216 3384 Vaysionensem
2239 3332 2284 3370 et
2306 3327 2400 3369 Tri-

361 3437 440 3471 174.
475 3439 496 3471 ἰ»
524 3442 727 3473 sustinemus
753 3443 783 3473 2.
868 3440 899 3474 k‘,
926 3443 1070 3484 poterint
1095 3443 1124 3475 2.
1198 3443 1219 3481 ¹)
1245 3446 1386 3477 Francie
1404 3445 1434 3476 2.
1508 3444 1550 3486 ¹¹¹)
1576 3445 1665 3476 bona
1683 3445 1746 3476 fide
1760 3444 1945 3476 ‘nobiseum
1962 3443 1994 3476 2.
2066 3442 2100 3483 n)
2125 3444 2283 3476 amittant
2299 3455 2402 3486 usque

223 3497 368 3528 habeant
396 3497 427 3527 ι”ιι
455 3503 557 3528 [ει-111.
583 3498 744 3528 adnotata
774 3498 870 3528 ituria
896 3499 1032 3531 lectione
1058 3501 1252 3533 amittamus
1270 3519 1312 3524 —
1330 3502 1518 3533 habeamus
1546 3499 1562 3532 1
1589 3500 1684 3542 apud
1709 3501 1954 3541 Huillardum;
1981 3501 2210 3533 ammittamus
2234 3511 2400 3542 superscr.
2437 3509 2470 3534 40

220 3554 373 3584 amittant
400 3552 429 3584 2.
584 3560 614 3594 ⁰)
641 3555 755 3595 aliqua
782 3556 812 3586 2.
962 3562 993 3594 1¹)
1020 3562 1052 3587 et
1077 3557 1156 3588 add.
1175 3556 1206 3588 2.
1359 3558 1391 3599 (ι)
1417 3559 1457 3590 de
1482 3558 1562 3589 add.
1581 3556 1612 3589 2.
1752 3559 1779 3599 r)
1806 3558 1895 3590 deest
1919 3556 1949 3589 2.
2091 3557 2118 3598 Β)
2146 3558 2237 3590 deest
2260 3556 2281 3589 2
2305 3563 2335 3590 ει
2359 3557 2401 3590 F.

219 3610 243 3647 *j
271 3610 416 3641 habebat
442 3610 472 3640 2.
590 3615 621 3631 ¹¹*
649 3622 688 3641 ex
716 3617 808 3652 parte
834 3618 946 3643 nostra.
971 3611 1037 3644 des.
1058 3612 1078 3643 2
1102 3614 1286 3645 secandam
1312 3614 1550 3654 Huillardwn,
1579 3614 1704 3646 acl-sant
1731 3620 1843 3646 tamen
1869 3615 1903 3646 ιίι
1929 3614 1970 3647 F.
2082 3614 2115 3655 v)
2141 3614 2288 3647 habebat
2312 3619 2403 3657 pote-

220 3671 340 3697 statem
368 3666 397 3697 2.
514 3671 553 3704 w]
579 3666 754 3697 millesimo
780 3668 1008 3700 ducentesimo
1034 3670 1200 3702 tricesimo
1225 3670 1256 3703 2.
1372 3670 1406 3712 X)
1433 3670 1611 3703 intitulatis
1635 3670 1664 3702 2.
