2558 3970
733 148 976 184 FRIDERICI
1005 150 1048 186 lI.
1075 151 1510 189 CONS'I‘I'PUTlONES.
1563 156 1660 191 1238.
1711 158 1771 191 Nr.
1790 158 1868 193 210.
2316 166 2396 206 283

194 267 371 304 auctore
403 263 456 304 ad
491 263 707 318 simplices
741 265 907 305 animas
939 265 1159 308 destinati.
1229 268 1302 309 Ilii
1339 276 1465 310 sunt*t
1499 272 1660 312 colubri
1695 274 1765 327 qui
1791 274 2011 315 columbas
2035 275 2275 331 decipiunt,
2310 279 2396 319 l1ii¹·

193 336 419 388 serpentes
452 333 523 387 qui
562 332 750 374 latenter
783 333 983 375 videntur
1025 335 1246 390 inserpere
1288 343 1330 378 et
1379 340 1457 379 sul)
1502 340 1641 381 mellis
1675 341 1904 384 dulcedine
1937 346 2054 385 virus
2089 360 2310 394 evomere.
2353 354 2397 388 ut

193 401 280 442 vite
314 400 454 442 cibum
488 401 729 442 ministrare
762 416 807 443 se
842 403 1056 447 simulent.
1091 403 1158 444 eti
1189 405 1326 446 cauda
1359 407 1519 448 feriunt
1552 414 1594 449 et
1623 411 1771 450 mortis
1798 414 1995 466 poculum
2031 414 2156 454 velud
2182 415 2395 469 quoddam

195 469 499 512 durissimumk
521 470 758 511 venenum¹
791 471 1048 512 immiscent.
1112 471 1277 513 Horum
1301 480 1418 516 secte
1445 477 1676 521 veteribus.
1712 480 1819 519 volu·
1851 495 1902 521 nc
1929 483 1967 522 in
1995 483 2213 537 publicum
2227 491 2243 507 ¹‘
2269 485 2393 540 prod-

138 551 152 573 -‘·
195 544 332 590 eant⁰‚
378 553 462 580 non
506 544 605 580 sunt
648 544 792 580 notate
837 539 1100 592 nominibus,
1143 542 1210 581 vel
1250 543 1363 597 quod
1408 550 1474 584 est
1518 546 1626 586 forte
1669 548 1921 592 nefandius.
1969 566 2050 591 non
2086 559 2318 594 eontentev
2351 561 2395 594 ut

75 894 154 918 .10

116 1244 147 1268 15

113 1589 145 1614 20

109 1935 140 1962 25

107 2287 140 2314 30

104 2631 136 2657 35

102 2981 136 3007 40

100 3342 133 3367 45

99 3627 133 3654 50

190 607 310 649 velut
350 609 404 650 ab
437 608 541 649 Ario
574 608 724 649 Ariani
759 608 826 649 vel
870 623 894 648 a
928 607 1112 649 Nestore
1147 609 1398 651 Nestoriani
1448 618 1522 653 aut
1563 628 1587 653 a
1630 615 1840 656 similibus
1885 620 2045 659 similes
2081 631 2394 677 numeupentur.

191 681 257 718 set
288 678 331 718 in
364 677 612 732 exemplum
646 678 887 728 martirum,
921 678 991 732 qui
1026 692 1100 732 pro
1133 677 1217 719 tide
1251 679 1463 721 catholiea
1498 683 1736 724 martirium
1771 686 2015 732 subierunt.
2052 689 2315 731 l'atarenos‘¹
2349 707 2394 730 se

190 747 431 798 nominant,
472 747 619 788 velut*
652 747 873 801 expositos
917 747 1124 801 passioni.
1188 747 1525 790 Huiuscemodi’*
1570 752 1712 792 miseri
1749 752 1971 797 I‘atareni.
2017 772 2038 795 a
2081 759 2236 812 quibus
2270 760 2394 800 abest

192 820 341 857 sancta
372 815 623 856 credulitast
657 815 894 855 divinitatis
928 821 1097 863 eterne,
1131 817 1210 857 sub
1243 831 1327 858 uno
1360 823 1565 859 contextu
1601 822 1791 875 nequitie
1829 824 1999 865 insimul
2035 834 2123 866 tres
2157 829 2392 870 oil'endunt.

190 882 332 925 Deum
366 883 582 935 videlieet.
616 884 838 939 proximos
872 888 914 923 et
946 883 1128 938 seipsos.
1181 883 1338 931 Deum,
1373 886 1473 926 duni
1499 887 1578 928 l)ci
1612 889 1811 934 liliunuet
1841 892 1997 933 fidem¹¹
2024 909 2106 935 non
2133 905 2393 947 agnos-eunt:

189 953 409 1008 decipiunt
440 953 674 1008 proximos,
708 952 806 992 (lum
841 953 944 1007 ipsis
980 952 1058 993 sub
1083 954 1255 1007 speeiev
1288 956 1525 1010 spiritualis
1550 957 1753 999 alimonie
1781 960 1971 1002 heretice
1998 965 2224 1018 pravilatis
2249 967 2390 1006 oblee-

188 1026 381 1064 tamenta
412 1023 676 1066 ministrant:
711 1021 927 1062 crudelius
962 1022 1091 1062 etiam
1127 1023 1299 1064 seviunt
1323 1024 1362 1064 in
1389 1026 1572 1080 seipsos,
1608 1026 1706 1068 dum
1732 1035 1832 1084 post
1854 1032 2094 1072 animarum
2121 1033 2391 1089 dispendium

188 1105 367 1147 corpora.
408 1092 592 1147 denique
633 1105 782 1132 severe
824 1091 974 1132 mortis
1015 1091 1251 1143 illecebris,
1297 1108 1424 1148 quam
1469 1108 1544 1150 per
1587 1098 1852 1151 agnitionem
1888 1115 2032 1142 veram
2080 1108 2123 1142 ct
2157 1118 2254 1144 vere
2297 1105 2392 1145 fidei

187 1165 365 1216 possent
398 1161 606 1212 evadere,
649 1161 734 1201 vito
778 1160 944 1215 prodigi
979 1165 1021 1201 et
1053 1162 1169 1202 necis
1216 1163 1479 1218 improvidiW
1513 1170 1773 1219 sectatores,
1818 1169 2041 1211 involvunt
2075 1177 2135 1217 et.
2183 1172 2295 1227 quod
2329 1180 2393 1213 est

187 1231 279 1286 ipso
313 1230 430 1272 dictu
464 1230 756 1279 durissimum,
787 1230 1043 1285 superstites
1075 1231 1205 1272 etiam
1239 1246 1323 1272 non
1357 1237 1602 1275 terrenturx
1636 1237 1850 1292 exemplo.
1906 1237 2065 1281 Contra
2097 1243 2206 1281 tales
2240 1243 2388 1295 igitur>

185 1298 280 1341 Deo
322 1304 364 1341 et
402 1299 648 1340 hominibus
698 1299 757 1339 sic
800 1299 981 1340 infestos
1025 1300 1246 1342 continere
1289 1315 1372 1342 non
1418 1317 1646 1358 possumus
1692 1312 1833 1347 motus
1878 1315 2066 1350 nostros.
2114 1311 2213 1365 quin
2248 1311 2393 1352 debite

183 1368 360 1409 ultionis
395 1369 437 1409 in
472 1383 546 1410 eos
579 1367 771 1423 gladium
806 1381 1059 1421 exeramUS,
1093 1369 1160 1409 in²
1193 1373 1312 1410 tanto
1346 1372 1463 1426 ipsos
1499 1373 1758 1415 instantiusn
1791 1385 2123 1433 persequente-S.
2160 1386 2318 1434 quanto
2353 1382 2390 1420 in

184 1437 495 1480 evidentiorem
531 1438 801 1479 delusionem
834 1437 933 1479 fidei
967 1438 1202 1479 christiane
1236 1454 1369 1495 prope
1404 1441 1646 1483 Romanam
1682 1445 1926 1492 eeclesiam.
1962 1461 2043 1502 que
2079 1449 2216 1504 capud
2251 1449 2389 1489 eecle-

182 1508 341 1548 siarum
364 1508 553 1548 omnium
578 1507 803 1557 iudicatur,
839 1508 1160 1562 superstitionis
1185 1523 1260 1550 sue
1285 1510 1450 1551 scelera
1474 1511 1602 1552 latius
1627 1527 1831 1555 exercere
1856 1524 2106 1569 noscuntur,
2142 1518 2251 1559 adeo
2276 1518 2387 1573 quud

183 1577 236 1619 ab
268 1577 414 1619 Ytalie
446 1577 624 1629 finibus,
666 1577 894 1632 presertim
927 1592 951 1618 a
990 1578 1216 1633 partibusb
1249 1578 1518 1630 Lonbardie,
1564 1582 1604 1622 in
1639 1583 1794 1637 quibus
1829 1599 1902 1639 pro
1937 1592 2053 1627 certo
2087 1588 2390 1642 perpendimus

179 1647 371 1703 ipsorum
402 1647 638 1702 nequitiam
672 1647 800 1687 latius
834 1646 1098 1697 habundare,
1132 1648 1303 1702 iamque
1338 1663 1473 1703 usque
1506 1650 1559 1690 ad
1594 1665 1774 1706 regnum
1800 1659 1994 1696 nostrum
2021 1656 2168 1698 Sicilie
2191 1672 2266 1698 suc
2292 1673 2388 1713 per-

179 1715 280 1758 fidie
311 1717 472 1758 rivulos
505 1716 794 1758 derivaruntc.
859 1715 983 1763 Quod
1008 1716 1336 1758 acerbissimum
1360 1723 1612 1774 reputantes
1639 1723 1869 1764 statuimus
1894 1723 1935 1764 in
1962 1726 2126 1780 primis.
2161 1731 2206 1766 ut
2231 1728 2389 1767 crimen

178 1785 385 1828 hereseos
419 1790 463 1828 et
494 1785 726 1841 dampnate
761 1790 879 1827 secte
914 1785 1161 1838 cuiuslibet,
1196 1800 1468 1843 quocumque
1492 1789 1664 1831 nomine
1689 1798 1949 1834 censeantur
1972 1799 2228 1837 sectatores.
2264 1806 2389 1851 prout

178 1855 395 1897 veteribus
427 1855 596 1910 legibus
630 1860 694 1896 est
726 1854 955 1907 indictum,
996 1856 1107 1897 inter
1138 1856 1312 1911 publica
1346 1858 1525 1899 crimina
1559 1866 1851 1910 numerentur,
1898 1863 2026 1903 immo
2061 1864 2266 1905 crimine‘¹
2301 1866 2390 1906 lese

177 1925 418 1967 maiestatis
464 1929 611 1966 nostre
657 1924 789 1966 debet
829 1925 883 1966 ab
926 1925 1125 1966 omnibus
1170 1925 1443 1967 horribilius0
1484 1928 1687 1981 iudicari,
1731 1930 1845 1985 quod
1887 1932 1928 1972 in
1974 1933 2117 1975 divine
2152 1935 2389 1976 maiestatis

176 1993 430 2036 materiamf
459 1994 651 2035 noscitur
683 1998 1003 2050 attemptatum,
1038 1995 1235 2049 quamvis
1270 1994 1418 2036 iudicii
1453 2001 1672 2052 potestate
1707 2000 1892 2041 alterum
1915 2002 2039 2043 alteri
2063 2017 2145 2044 non
2167 2003 2390 2046 excedatss.

176 2062 289 2105 Nam
329 2063 456 2105 sicuti
498 2062 811 2119 perduellionis
844 2063 1005 2104 crimen
1031 2057 1255 2119 'personas
1294 2064 1444 2106 adimit
1476 2065 1808 2122 dampnatorum
1844 2074 1887 2111 et
1928 2071 2043 2112 bona
2075 2072 2148 2113 eth
2181 2072 2389 2128 dampnat

175 2137 274 2188 post
311 2132 473 2174 obitum
510 2131 784 2174 memoriami
824 2132 1148 2184 defunctorum,
1198 2133 1257 2174 sic
1295 2133 1454 2175 etiamk
1495 2135 1537 2176 in
1576 2137 1767 2191 predicto
1811 2139 2011 2191 crimine,
2053 2155 2134 2195 quo
2167 2141 2388 2183 Patareni¹

174 2206 389 2253 notantur,
421 2216 500 2257 per
531 2202 675 2243 omnia
707 2202 905 2242 volumus
937 2201 1173 2252 observari,
1207 2206 1250 2243 et
1281 2207 1327 2243 ut
1358 2203 1552 2259 ipsorum
1585 2207 1791 2260 nequitia,
1826 2208 1897 2262 qui
1922 2209 2020 2263 quia
2044 2208 2274 2250 Dominum
2301 2225 2385 2251 non

178 2275 385 2313 secuntur
415 2272 457 2312 in
489 2271 680 2313 tenebris
712 2271 949 2323 ambulant,
982 2270 1226 2326 detegatur,
1259 2273 1433 2314 nemine
1467 2275 1597 2314 etiam
1630 2274 1869 2328 deferente,
1902 2277 2153 2333 investigari
2189 2279 2386 2320 volumus

174 2339 408 2396 diligenter
448 2339 787 2382 huiuscemodim
834 2340 1047 2382 scelerum
1088 2344 1351 2395 patratoreS‚
1401 2346 1443 2383 et
1483 2356 1560 2398 per
1598 2343 1806 2386 officiales
1848 2350 2036 2397 nostros,
2084 2347 2196 2388 sicut
2237 2353 2279 2389 et
2314 2349 2383 2389 alii

173 2409 494 2462 malefactores,
526 2409 685 2466 inquiri
718 2423 768 2450 ac
799 2409 1073 2464 inquisitione
1107 2414 1300 2463 notatos,
1334 2411 1464 2452 etiam
1499 2413 1533 2453 si
1568 2412 1675 2454 levis
1701 2415 1979 2470 suspitionis¹¹
2013 2422 2266 2471 argumento
2291 2422 2384 2458 tan-

172 2483 370 2534 gantur0,
418 2493 444 2520 a
484 2479 585 2520 viris
633 2479 941 2521 ecclesiasticis
987 2484 1030 2520 et
1073 2479 1251 2534 prelatis
1296 2481 1537 2522 examinari
1582 2482 1795 2524 iubemus.
1866 2484 1952 2526 Per
1996 2499 2101 2540 quos
2148 2487 2181 2527 si
2224 2487 2385 2527 inventi

172 2547 333 2589 fuerint
374 2562 398 2589 a
437 2547 523 2589 fide
569 2547 783 2589 catholica
826 2548 980 2589 saltem
1013 2548 1056 2589 in
1087 2549 1270 2589 articulo
1305 2548 1498 2601 deviare,
1551 2564 1600 2591 ac
1633 2566 1711 2607 per
1742 2553 1860 2607 ipsos
1893 2555 2100 2609 pastorali
2132 2569 2251 2596 more
2285 2570 2382 2596 eon-

174 2617 339 2670 moniti,
372 2617 594 2659 tenebrosi
626 2617 788 2659 diaboli
809 2617 971 2659 relictis
993 2617 1174 2670 insidiis,
1208 2618 1452 2659 noluerintl‘
1475 2633 1714 2675 agnoscere
1738 2621 1880 2663 Deum
1911 2623 2032 2674 lucis,
2068 2629 2134 2664 set
2156 2624 2198 2664 in
2221 2625 2378 2665 erroris

173 2690 382 2741 concepta
415 2687 687 2728 constantiaq
719 2692 1037 2743 perseverentf,
1071 2688 1285 2743 presentis
1320 2693 1467 2730 nostre
1492 2689 1602 2744 legis
1631 2690 1772 2732 edicto
1797 2691 2055 2747 dampnatos
2089 2697 2270 2734 mortem
2294 2695 2382 2748 pati

170 2754 412 2797 Patarenos
433 2756 626 2810 aliosque
645 2755 872 2809 hereticos,
897 2770 1167 2812 quocumque
1188 2757 1358 2799 nomine
1378 2763 1647 2811 censeantur,
1672 2759 1944 2802 decernimus
1958 2768 1983 2812 Β,
2010 2776 2137 2817 quam
2156 2762 2383 2805 affectant:

169 2828 218 2865 ut
247 2825 334 2866 vivi
365 2825 409 2866 in
439 2830 676 2881 conspectu
698 2825 919 2867 hominum
942 2826 1248 2879 eonburantur,
1281 2827 1574 2868 flammarumt
1606 2829 1810 2871 conmissi
1831 2829 1999 2872 iudicio.
2052 2831 2144 2872 Nec
2173 2831 2382 2878 dolemus.

169 2893 284 2948 quod
314 2894 359 2935 in
396 2895 478 2936 hoc
519 2895 714 2950 ipsorum
755 2895 1046 2936 satisfacimus
1080 2895 1313 2948 voluntati,
1353 2910 1408 2937 ex
1441 2910 1523 2951 quo
1556 2911 1712 2951 penam
1747 2893 2062 2950 solummodos
2086 2913 2163 2940 nec
2195 2900 2382 2940 fructum

172 2962 389 3018 aliquemu
421 2964 553 3005 alium
587 2969 879 3006 consecuntur
911 2965 1082 3007 erroris.
1143 2965 1273 3020 Apud
1295 2978 1374 3006 nos
1397 2979 1474 3020 pro
1498 2965 1655 3006 talibus
1680 2967 1941 3008 intervenire
1965 2975 2118 3009 nemov
2141 2973 2381 3024 presumat;

172 3031 286 3087 quod
318 3033 390 3087 qui
421 3032 592 3085 fecerit,
626 3033 669 3074 in
700 3034 841 3088 ipsum
874 3037 1018 3074 nostre
1050 3033 1361 3089 indignationis
1395 3035 1570 3075 aculeos
1605 3049 1688 3075 non
1724 3036 1923 3077 inmerito
1956 3042 2272 3078 convertemus.

316 3101 516 3143 DatumW
548 3101 784 3154 Cmmone,
817 3102 965 3145 XIIII.
999 3102 1148 3155 Madii,
1181 3104 1258 3144 XI.
1293 3104 1542 3146 indictione.

309 3216 397 3251 210.
431 3218 464 3260 8)
491 3218 581 3251 deest
605 3218 648 3251 Β.
669 3218 705 3252 Ο.
846 3217 880 3260 11)
917 3223 997 3251 sunt
1023 3219 1104 3251 add.
1123 3218 1165 3251 Β.
1187 3219 1224 3252 (J.
1367 3218 1390 3261 i)
1418 3232 1438 3253 a
1468 3220 1501 3253 C.
1643 3218 1677 3259 k)
1702 3220 1909 3252 dirissimum
1935 3220 1978 3253 Β.
2118 3219 2142 3262 ¹)
2167 3220 2259 3253 dee8t
2276 3221 2319 3254 A.
2338 3221 2378 3253 B.

171 3273 214 3317 ¹¹¹)
240 3275 331 3308 deest
353 3275 397 3309 B.
514 3275 549 3318 ¹¹)
574 3277 797 3320 impublieum
823 3275 868 3309 A.
987 3277 1020 3319 0)
1046 3278 1230 3320 prodeatur
1253 3277 1296 3310 Β.
1438 3279 1471 3320 P)
1498 3284 1688 3321 contempte
1715 3278 1757 3311 A.
1877 3279 1908 3319 ss)
1933 3279 2088 3311 Pateren.
2110 3279 2151 3311 A.
2172 3278 2213 3312 Β.
2238 3289 2377 3320 semper.

169 3331 198 3373 ¹⁸)
225 3333 280 3365 vel
306 3332 349 3365 A.
401 3358 412 3374 ‹
466 3332 494 3376 s)
520 3334 729 3367 Huiusmodi
753 3334 795 3367 B.
819 3335 854 3368 C.
972 3335 997 3376 t)
1025 3335 1090 3368 Dei
1114 3336 1203 3369 cred.
1228 3335 1262 3367 Β
1269 3347 1279 3373 ;
1309 3336 1492 3369 crudelitas
1518 3336 1562 3369 A.
1680 3340 1714 3377 ¹¹)
1741 3336 1840 3368 tidem
1866 3341 1899 3369 ct
1924 3336 2032 3368 filium
2062 3336 2094 3368 G.
2192 3342 2224 3377 v)
2252 3347 2310 3379 spe
2337 3337 2379 3374 C,-

170 3400 265 3432 spem
288 3390 333 3424 B.
414 3380 416 3382 v
450 3390 492 3434 W)
516 3392 708 3434 improvida
736 3393 769 3425 0.
890 3392 925 3435 X)
952 3397 1105 3426 terentur
1131 3393 1174 3426 A.
1286 3392 1319 3434 y)
1345 3393 1412 3426 sibi
1439 3392 1472 3425 C.
1570 3392 1599 3435 Z)
1625 3393 1716 3426 deest
1734 3393 1768 3425 (J.
1867 3397 1898 3434 ³)
1924 3393 2063 3426 instanti
2089 3393 2131 3425 A.
2228 3391 2260 3435 b)
2286 3398 2377 3436 potc-

169 3448 317 3480 statibus
341 3447 384 3480 B.
502 3448 533 3490 0)
560 3450 696 3482 derivar
721 3450 765 3483 A.
883 3448 916 3491 (1)
943 3451 1071 3483 crimen
1097 3450 1140 3483 Β.
1276 3449 1306 3493 e)
1333 3451 1504 3483 orribilius
1531 3451 1573 3482 A.
1707 3448 1738 3491 s)
1764 3451 1926 3483 iniuriam
1956 3450 1990 3483 Ο.
2109 3452 2142 3491 8)
2169 3451 2313 3483 excellat
2343 3452 2376 3482 C.

169 3502 204 3547 ¹¹)
229 3505 320 3539 deest
345 3505 388 3538 A.
407 3505 448 3539 Β.
566 3505 590 3548 i)
617 3508 779 3541 memoria
804 3507 847 3540 A.
988 3507 1022 3551 k)
1048 3514 1082 3541 et
1109 3505 1144 3541 Ο.
1285 3506 1310 3549 l)
1337 3510 1445 3541 Pater.
1467 3508 1510 3540 A.
1530 3508 1571 3540 Β.
1690 3513 1733 3548 nl)
1762 3508 1956 3540 huiusmodi
1982 3508 2022 3540 Β.
2046 3508 2081 3540 C.
2201 3514 2235 3549 n)
2261 3519 2375 3549 super—

169 3563 314 3596 stitionis
342 3564 377 3596 O.
472 3562 504 3606 o)
529 3570 693 3608 regantur
717 3565 760 3598 B.
855 3564 888 3607 1³)
915 3566 1063 3598 noluerit
1088 3565 1131 3597 A.
1249 3567 1281 3606 (1)
1307 3566 1471 3599 instantia
1499 3566 1533 3598 O.
1629 3564 1657 3608 r)
1684 3570 1875 3608 perseveret
1902 3565 1945 3598 A.
2041 3565 2068 3607 Β)
2094 3565 2306 3597 decrevimus
2332 3564 2374 3596 A.

166 3621 192 3664 t)
218 3622 422 3664 flagmarum
447 3622 491 3654 A.
586 3622 620 3665 Π)
644 3623 736 3656 deest
761 3624 796 3658 C.
892 3624 924 3665 V)
950 3635 1049 3657 nemo
1074 3625 1196 3657 interv.
1225 3625 1260 3656 C.
1355 3623 1396 3666 W)
1420 3625 1510 3657 Dato
1528 3623 1578 3662 A,·
1609 3624 1719 3656 Data
1752 3623 1861 3666 apud
1886 3624 2084 3656 Veronam
2110 3623 2240 3654 XXVI.
2266 3621 2375 3653 Iunii

167 3679 227 3712 XI.
253 3679 502 3713 indictionis
527 3679 578 3719 B‚·
612 3681 767 3713 Datum
791 3681 935 3714 Padue
968 3681 1095 3713 XXII.
1122 3682 1240 3714 Febr.
1266 3682 1353 3714 XII.
1380 3681 1619 3713 indictione
1645 3680 1681 3712 C.

2028 3740 2100 3774 ὃν
