2558 3970
101 917 133 942 10

102 1262 134 1287 15

101 1611 135 1636 20

103 1958 135 1983 25

105 2301 138 2327 30

575 165 784 199 PHILIPPl
813 164 952 199 REGIS
979 163 1410 199 CONs'rl'l'l'TwNES.
1464 165 1561 199 1207.
1605 166 1699 198 12⁰³.
1752 165 1812 198 Nr.
1837 167 1885 198 133.
1917 167 1966 199 14.
2319 170 2362 206 17

169 282 429 324 afflictiones
461 286 503 321 et
536 281 734 321 miserias
768 279 1107 320 innumerabiles
1131 279 1265 319 'l‘erre
1291 281 1448 319 Sancte
1484 280 1603 320 nobis
1639 281 1920 321 insinuarunt.
1957 280 1994 319 id
2030 287 2112 320 tani
2141 281 2232 319 viva
2263 295 2364 318 ww«-

168 364 296 406 quam
330 351 491 405 scripto
517 349 728 390 veraciter
760 348 883 389 nobis
917 352 1203 403 exponentes,
1237 347 1351 402 quod
1385 349 1463 388 nisi
1500 350 1702 388 festinum
1730 349 1782 388 ab
1807 349 2005 388 omnibus
2031 349 2128 388 fidei
2155 349 2365 388 catholic(-

171 418 414 460 hominibus
448 418 638 459 habeant
660 417 913 460 subsidium.
946 416 1077 457 Terra
1105 416 1262 456 Sancta
1296 422 1460 457 tantuin
1496 422 1538 457 et
1571 418 1683 457 talec
1716 417 1867 457 «liebus
1902 417 2055 457 nostris
2082 417 2365 471 periculorum

169 486 329 528 incidet
367 486 655 542 dispendium,
698 486 810 541 quod
844 486 916 526 vix
950 485 1016 526 vel
1058 499 1288 539 numquam
1323 501 1346 524 a
1380 492 1596 540 potestate
1632 487 1966 526 Sui-rawenorum
2007 486 2159 540 poterit
2196 486 2365 525 libcrari

170 560 214 598 et
244 555 298 597 ad
332 556 527 597 solamen
560 556 698 597 tocius
731 554 1058 596 christianitatis
1092 554 1353 608 recuperari.
1418 554 1504 594 Nos
1530 555 1672 609 itaque
1697 554 1840 594 auditu
1869 561 1953 594 tuin
1981 560 2116 594 mesto
2142 554 2367 605 legationis

168 624 316 675 verbo,
357 625 674 666 communicato
708 638 836 679 super
869 624 961 678 ipso
995 623 1292 663 universorum
1328 623 1565 678 principum
1603 629 1841 663 nostrorum
1877 624 2068 663 consilio.
2113 623 2152 662 in
2188 623 2265 662 Ιιω(Ι
2300 623 2367 677 pie

169 693 491 735 deliberationis
525 694 655 735 verbo
686 694 848 748 pariter
880 706 1030 733 omnes
1064 692 1354 734 convenimus.
1390 698 1434 731 ut
1469 706 1543 747 pro
1578 693 1788 732 communi
1821 692 2006 731 ninnium
2032 692 2171 731 salute
2206 691 2257 731 ad
2283 699 2366 730 tani

169 767 363 804 sanctuni
398 777 506 818 opus
539 763 787 817 generalem
822 776 898 817 per
931 766 1064 802 totum
1099 760 1342 801 Romanum
1379 761 1603 816 imperium
1638 761 1970 801 elemosinarum
1997 761 2221 800 collectam
2248 761 2363 799 insti-

168 836 388 873 tueremus
420 837 463 873 et
496 846 589 873 eam
623 831 674 872 ad
709 831 1081 872 conservationem
1113 829 1247 871 Terre
1272 830 1433 871 Sancte
1459 829 1791 870 destinaremus.
1848 829 1937 868 Sub
1963 829 2040 868 hac
2066 835 2207 868 autem
2235 830 2366 868 forma

171 900 408 942 elemosine
441 915 526 941 una
559 915 653 942 cum
688 899 956 956 principibus
990 899 1283 947 convenimus,
1317 903 1363 938 ut
1396 913 1474 953 per
1507 898 1700 952 singulas
1727 898 1891 952 imperii
1928 898 2165 952 provincias
2188 897 2238 936 ‹le
2263 911 2366 951 quo-

169 969 276 1011 libet
315 974 457 1010 aratro
500 984 577 1011 sex
612 969 776 1010 denarii
817 969 1132 1024 persolvantur.
1196 967 1243 1007 In
1276 968 1458 1021 singulis
1493 968 1621 1008 etiam
1656 967 1904 1007 civitatibus
1938 972 2009 1006 aut
2045 966 2156 1005 villis
2190 965 2368 1019 quilibet

169 1043 383 1080 mercator
414 1039 483 1080 vel
515 1039 694 1080 alterius
728 1038 857 1079 officii
891 1052 967 1079 seu
999 1038 1308 1092 cuiuscumque
1342 1037 1471 1078 fuerit
1505 1036 1645 1078 homo.
1681 1037 1877 1092 proprius
1913 1036 2076 1076 babens
2111 1035 2228 1076 edos.
2263 1036 2368 1076 ‹luns-

169 1107 370 1150 denarios
410 1109 642 1164 persolvat.
706 1108 903 1156 Quilibet
943 1107 1072 1148 etiam
1114 1107 1298 1148 clericus
1332 1106 1672 1147 ecclesiasticum
1708 1105 1871 1145 habens
1907 1105 2164 1145 beneficium
2205 1111 2244 1143 ct
2279 1105 2363 1159 qui-

169 1176 276 1219 libet
317 1178 441 1219 miles
475 1177 813 1233 qualescumque
848 1177 1010 1218 habens
1050 1176 1351 1231 possessiones
1384 1190 1462 1216 sex
1496 1174 1697 1215 denarios
1732 1174 1964 1229 persolvat.
2029 1174 2072 1213 Si
2104 1172 2202 1227 quid
2227 1179 2369 1213 auto-in

170 1250 317 1302 preter
348 1246 405 1297 id,
439 1246 553 1302 quod
587 1247 868 1288 constitutum
903 1250 981 1296 est,
1016 1246 1243 1300 quisquam
1269 1244 1426 1284 intuitu
1451 1248 1599 1285 eterne
1626 1243 1920 1284 retributionis
1947 1242 2205 1295 erogaverit.
2241 1255 2371 1295 super

168 1328 219 1357 eo
263 1316 485 1371 copiosam
528 1316 920 1357 remunerationem
964 1315 1005 1355 in
1046 1319 1196 1355 eterna
1236 1314 1384 1369 requie
1427 1327 1472 1354 se
1507 1312 1783 1353 obtenturum
1817 1312 2037 1365 gaudebit.
2101 1310 2370 1365 Principibus

168 1397 270 1426 vero
303 1385 394 1426 sive
419 1385 505 1426 sint
529 1385 672 1426 clerici
698 1385 788 1426 sive
812 1384 924 1434 laici,
959 1383 1189 1425 comitibus
1214 1396 1385 1438 quoque
1410 1387 1452 1423 et
1476 1381 1637 1425 liberis.
1673 1382 1762 1422 sive
1787 1381 2116 1436 quibuscunque
2141 1379 2370 1420 nobilibus.

167 1454 288 1495 nulla
328 1454 565 1496 elemosine
604 1468 771 1494 summa
812 1457 879 1495 est
921 1454 1169 1495 constituta.
1214 1452 1294 1493 nisi
1329 1456 1535 1506 quantum
1575 1450 1806 1505 unicuique
1840 1450 1960 1490 iuxta
1991 1449 2214 1489 arbitrium
2249 1462 2368 1488 suuni

169 1522 314 1564 divina
353 1524 493 1578 gratia
532 1524 714 1565 voluerit
755 1524 978 1578 inspirare.
1053 1522 1147 1563 Ilec
1189 1527 1335 1563 autem
1377 1522 1562 1562 collecta
1595 1520 1647 1560 de
1682 1526 1827 1560 nostra
1860 1525 1901 1558 ct
1938 1518 2173 1573 principum
2210 1517 2366 1557 consti-

171 1592 335 1634 tutione
367 1607 445 1648 per
477 1593 665 1648 quinque
699 1606 835 1633 annos
875 1592 968 1633 fieri
1003 1591 1131 1632 debet
1165 1596 1206 1631 ct
1238 1591 1386 1631 taliter
1418 1595 1484 1631 est
1517 1590 1708 1644 quolibet
1741 1603 1851 1629 anno
1883 1586 2168 1642 expedienda.
2203 1593 2246 1626 ut
2280 1587 2370 1640 qui-

169 1661 276 1704 libet
317 1663 614 1718 episcoporum
659 1676 736 1718 per
778 1666 912 1703 totam
951 1661 1157 1702 diocesim
1191 1674 1310 1701 suam
1354 1674 1449 1701 eam
1491 1672 1567 1714 per
1604 1664 1745 1699 certos
1783 1663 1824 1699 et
1858 1658 1983 1697 utiles
2016 1656 2192 1696 nuncios
2226 1655 2369 1707 colligi

169 1730 315 1772 faciat.
379 1730 574 1779 Quilibet
606 1731 735 1772 etiam
769 1731 970 1787 princeps
1002 1731 1137 1771 laicus
1172 1730 1261 1771 sive
1296 1742 1441 1770 comes
1476 1728 1543 1770 vel
1577 1728 1688 1768 alius
1723 1727 1876 1767 nobilis
1912 1727 1950 1766 in
1986 1726 2048 1765 sui
2074 1725 2176 1764 iuris
2209 1723 2370 1763 ditione

172 1813 267 1842 eam
299 1814 395 1842 cum
427 1800 686 1842 discretione
719 1799 811 1841 dari
842 1800 1069 1855 precipiat,
1103 1804 1146 1840 et
1177 1799 1239 1840 ita
1270 1798 1567 1853 unusquisque
1602 1810 1697 1838 eam
1730 1797 1771 1836 in
1804 1795 1951 1836 ordine
1977 1808 2052 1835 suo
2077 1793 2295 1848 expediat.
2329 1798 2373 1832 ut

174 1870 217 1911 in
248 1870 447 1926 proxima
479 1870 706 1911 nativitate
740 1869 914 1910 Domini
947 1882 1024 1924 per
1057 1882 1207 1909 onmes
1243 1872 1387 1923 partes
1422 1867 1591 1922 imperii
1625 1867 1787 1921 pariter
1820 1865 2015 1905 collecta.
2051 1862 2216 1903 nunciis
2247 1862 2373 1902 certis
2403 1870 2468 1895 νυν.
2485 1872 2527 1894 21·-

172 1939 226 1981 ad
258 1940 395 1995 ipsam
430 1938 709 1981 deferendam
744 1938 961 1994 deputatis
994 1942 1145 1993 parata
1179 1938 1233 1978 sit
1265 1937 1492 1991 assignari.
1556 1935 1623 1976 Ad
1657 1935 1737 1975 hoc
1771 1935 1916 1988 utique
1942 1939 2027 1973 tam
2062 1933 2176 1987 pium
2202 1936 2374 1985 tamque

173 2008 350 2050 salubre
385 2022 493 2064 opus
526 2008 711 2050 feliciter
742 2007 1061 2062 exequendum.
1102 2007 1294 2047 omnium
1327 2006 1640 2047 catholicorum
1675 2003 1894 2045 hominum
1929 2016 1979 2043 eo
2014 2003 2184 2042 fervore
2219 2014 2373 2041 accen-

172 2077 299 2119 datur
325 2078 521 2127 intentio,
554 2077 665 2118 sicut
686 2076 906 2119 desiderat
927 2077 1240 2131 unusquisque.
1275 2074 1388 2131 quod
1413 2088 1489 2131 pro
1515 2074 1677 2115 talento
1702 2073 1783 2113 sibi
1809 2071 1972 2112 credito
1998 2069 2211 2124 condigna
2236 2070 2373 2124 ipsum

172 2146 386 2188 Altissimi
420 2146 646 2188 retributio
679 2147 920 2187 comitetur.
981 2144 1164 2187 Latores
1197 2149 1343 2186 autem
1377 2144 1644 2200 presentium
1668 2142 1720 2182 de
1753 2141 1930 2182 consilio
1955 2139 2193 2195 principum
2220 2138 2272 2178 ad
2298 2138 2375 2178 ho«-

173 2216 401 2270 negocium
434 2216 775 2272 promovendum
809 2215 1116 2267 ordinavimus,
1150 2218 1375 2256 monentes
1400 2217 1564 2255 attente
1588 2217 1631 2253 et
1654 2216 1871 2265 rogantes.
1907 2215 1950 2249 ut
1974 2208 2163 2264 predicta
2190 2206 2376 2246 fidelium

176 2285 414 2327 elemosina
455 2285 560 2340 ipsis
600 2285 851 2340 assignetur
891 2285 967 2336 eis,
1008 2285 1079 2339 qui
1127 2298 1222 2325 eam
1265 2283 1320 2325 ad.
1353 2282 1592 2324 subsidium
1626 2281 1760 2322 Terre
1796 2279 1954 2320 Sancte
1988 2278 2157 2318 deferre
2191 2275 2378 2316 debeant

175 2354 480 2410 presentanda.

319 2423 434 2465 Data
456 2424 499 2464 in
524 2423 752 2479 sollempni
777 2423 897 2464 curia
920 2422 1034 2479 apud
1059 2421 1447 2477 Quidelingeburc.
1481 2434 1593 2461 anno
1618 2418 1792 2459 Domini
1818 2416 2038 2460 MCCVII.
2070 2414 2301 2455 indictione
2328 2412 2378 2453 X.

176 2492 344 2534 XV111.
380 2492 601 2534 Kalendas
636 2492 849 2534 Octobris.

681 2893 767 2961 14.
821 2886 1332 2961 LEGATIO
1388 2883 1885 2955 ROMANA.

1099 3013 1270 3071 (1208.
1310 3011 1474 3067 Febr.)

322 3162 452 3204 Dedit
481 3163 547 3203 vir
577 3162 614 3203 d.
651 3161 787 3214 Tanql
816 3175 836 3201 c
869 3160 1056 3213 Rcfsefstri
1087 3157 1325 3200 Innocenti&
1360 3154 1450 3196 III.
1484 3157 1588 3206 tom„
1603 3152 1672 3202 VI,
1699 3152 1780 3205 fol.
1804 3147 1878 3190 .”)’;”)’
1911 3165 1971 3201 cp.
1999 3152 2082 3190 112
2112 3156 2190 3200 (cp.
2226 3151 2304 3188 110
2338 3148 2380 3187 in

181 3232 429 3274 editionibus
467 3231 654 3285 Registri
691 3231 739 3272 dc
775 3229 933 3283 myotio
977 3228 1173 3281 imper-ii),
1216 3227 1284 3267 ubi
1320 3224 1586 3266 inscribitur:
1636 3222 1798 3262 Litterc
1844 3219 1920 3259 Pb.
1962 3218 2081 3258 ducis
2123 3217 2294 3258 Sueuic.
2329 3241 2378 3244 —

181 3300 376 3352 Biihmer,
409 3301 511 3353 Ray.
542 3300 638 3352 imp.
671 3299 716 3350 V,
746 3300 842 3340 179.
2024 3286 2096 3339 (P.
2118 3286 2239 3337 213.)

326 3438 586 3480 Reverendo
618 3439 661 3479 in
685 3437 858 3479 Christo
886 3436 998 3492 patri
1022 3434 1192 3476 domino
1215 3431 1468 3474 Innocentio
1494 3431 1771 3470 sacrosancte
1794 3426 1990 3466 Romane
2014 3423 2196 3465 ecclesie
2220 3435 2381 3462 summo

117 3525 150 3550 (υ
185 3508 377 3563 pontifici
415 3506 683 3562 Ph(ilippus)
716 3506 800 3548 Dei
837 3506 977 3560 gratia
1008 3504 1303 3545 Romanorum
1343 3514 1422 3541 rex
1462 3502 1505 3540 et
1545 3510 1715 3552 semper
1747 3499 1955 3549 augustus
1995 3493 2177 3533 salutem
2212 3497 2254 3532 et
2286 3504 2380 3530 eum

186 3577 300 3617 omni
331 3577 575 3618 reverentia
605 3576 749 3616 filialis
781 3575 1027 3616 dilectionis
1060 3573 1277 3614 affectum.

323 3689 384 3725 13.
415 3690 446 3733 0)
471 3691 623 3724 terribile
646 3687 677 3722 2.

322 3763 373 3788 ιι.
399 3762 681 3787 CONSTlTUTIONES
706 3763 738 3786 11.
