2558 3970
82 925 113 949 10

86 1783 117 1808 15

85 2126 119 2153 20

87 2469 118 2496 2⁵

89 2810 121 2836 ³⁰

92 3213 124 3241 ³5

93 3559 126 3587 40

638 169 880 204 FRIDERICl
907 170 953 205 II.
979 170 1411 205 CONSTITUTIONES.
1464 171 1561 206 1247.
1614 171 1675 205 Nr.
1694 172 1771 205 ⁴207.
1800 171 1878 206 ⁴268.
2273 175 2354 213 375

148 300 174 328 a
212 300 294 342 quo
336 285 641 328 subsistencia¹
674 286 887 340 recipiunt
921 286 1108 327 virium¹¹¹
1141 287 1401 327 firmitatem.
1467 287 1538 326 Sic
1573 287 1720 327 cnim¹¹¹
1755 292 1820 326 est
1859 287 2067 327 hactenus
2107 301 2185 342 per
2216 287 2279 327 fas
2314 293 2355 328 et

149 355 269 397 nefas
311 354 543 396 deductum
584 355 831 409 imperium,
875 355 934 395 sic
967 361 1061 395 acta
1105 360 1170 395 est
1214 356 1416 410 nequiter
1449 355 1634 396 conditio
1670 356 1984 399 sub‹lit‹›rum¹¹.
2031 361 2075 396 ut
2108 355 2358 411 cxpediret0

150 423 408 479 aliquandop
449 423 572 464 nobis
613 423 888 464 videntibus⁴¹
937 425 1266 465 conniventibus
1305 425 1439 465 oculis
1483 426 1768 480 pertransire.
1814 432 1879 466 etr
1919 426 2028 480 quod
2063 427 2260 467 omnium
2293 432 2357 467 est

149 493 358 548 gravius‘,
396 492 449 533 ab
481 493 743 533 imminentis
782 493 901 533 ruine
942 493 1132 548 periculo
1166 493 1424 548 aliquumlo¹¹
1460 495 1570 534 velle
1605 495 1717 549 quod
1760 495 1957 535 nolumus
1993 502 2064 534 ct*
2099 495 2212 535 nolle
2246 494 2358 549 quod

149 562 346 603 volumus
379 567 678 616 cogeremurw.
743 560 949 602 Voleutes
985 562 1114 615 igitur
1148 562 1238 602 iura
1271 563 1440 617 imperii
1477 567 1634 603 statum
1669 564 1708 603 in
1745 564 1950 618 optimum
1987 566 2218 604 rel'orumre
2253 563 2354 604 sub-

148 631 443 685 iectorumque
467 630 822 685 oppressionibus
846 630 1138 672 condolentes.
1172 630 1283 685 apud
1311 630 1570 671 Cremonam
1596 632 1635 671 in
1665 632 1857 686 proximu
1884 631 1951 672 ‹lie
1975 631 2189 672 dominica
2214 646 2354 673 resur-

149 699 351 741 rectionis
384 698 435 740 de
469 699 648 739 consilio
673 698 913 754 principum
942 699 1230 754 palatinorum
1259 699 1542 754 sollempnem
1570 701 1728 741 curiam
1756 700 2014 741 indiximusx
2038 701 2356 742 celebrandam.

148 769 426 824 Quapropter
458 768 578 809 vobis
611 768 689 809 sub
723 767 870 809 debito
903 767 1146 816 fidelitatis,
1191 782 1273 823 quo
1307 769 1430 809 nobis
1464 770 1628 809 astricti
1664 770 1890 810 tenemini.
1927 768 2203 824 precipiendo
2237 783 2355 809 man-

148 837 315 888 damus,
349 841 562 892 quatenus
596 841 762 878 vestros
796 837 996 877 nuntiosy
1028 838 1158 877 armis
1192 842 1235 878 et
1268 838 1389 892 equis
1424 851 1506 892 qua
1532 839 1734 878 convenit
1767 838 1991 891 diligentia
2024 839 2279 892 preparetis.
2314 844 2357 877 ut

150 905 319 962 quando
349 906 402 947 ad
425 906 655 947 finitimasz
687 910 833 962 partes
858 906 1024 961 imperii
1049 907 1256 947 noveritis
1280 920 1357 947 nos
1390 906 1576 961 dirigere
1610 906 1819 947 feliciter-⁸
1842 906 1921 946 iter
1944 910 2150 946 nostruin.
2185 905 2357 946 eosdem

150 980 251 1017 ante
283 980 476 1016 nostram
510 976 774 1030 presentiam
807 975 1109 1016 transmittatis
1123 975 1155 1027 b,
1188 975 1240 1016 dc
1265 975 1478 1030 condigna
1510 975 1790 1016 retributione
1817 975 1969 1016 securi.
2004 989 2088 1030 qua
2111 974 2258 1015 vobisc
2291 974 2358 1015 etd

150 1045 306 1086 vestris
335 1045 458 1086 bonis
491 1045 654 1085 meritis
690 1044 781 1085 Deo
815 1044 970 1085 dante⁰
1004 1043 1272 1085 curabimuss
1305 1044 1579 1100 respondere.

232 1477 366 1546 268.
422 1473 1050 1547 ENOYCLICA
1103 1476 1246 1547 DE
1305 1472 1656 1547 HOSTE
1713 1473 2278 1545 FAOJENDA.

1096 1612 1266 1669 (1247.
1306 1611 1438 1667 Mai.)

296 1757 593 1810 Imperatorem
633 1757 876 1800 fautoribus
911 1759 999 1800 suis
1032 1757 1315 1808 mandavisse,
1363 1756 1476 1813 quod
1509 1755 1620 1798 infra
1655 1755 1901 1811 quindecim
1935 1754 2025 1795 dies
2057 1758 2155 1810 post
2188 1758 2363 1795 octavas

151 1831 430 1884 pentecostes
463 1832 611 1881 (usque
641 1827 698 1869 ad
727 1827 834 1870 diem
867 1830 906 1871 9.
928 1842 978 1870 m.
1005 1828 1144 1875 Iunii)
1176 1828 1442 1884 presentiam
1466 1827 1558 1867 eius
1588 1825 1701 1881 apud
1727 1824 2058 1866 Camberiacum
2089 1822 2364 1875 (Cleambery)

153 1911 250 1939 cum
290 1896 419 1938 armis
450 1896 635 1947 adirent,
681 1897 872 1939 novimas
913 1911 964 1938 ex
1002 1897 1177 1950 epistola
1208 1896 1447 1938 Innocentii
1479 1894 1563 1938 IV.
1599 1908 1739 1947 papae
1777 1893 1887 1934 Mai.
1919 1894 1974 1933 30
2006 1892 2149 1942 datan
2190 1906 2362 1944 quaeum

152 1966 400 2008 conveniunt
438 1980 488 2007 ea
529 1980 634 2018 quae
673 1969 825 2008 narrat
861 1967 1130 2009 Continuatio
1161 1966 1205 2008 V.
1242 1965 1473 2008 Chronicae
1511 1964 1649 2017 reciae
1685 1962 1942 2005 Coloniensis
1979 1961 2036 2002 ad
2072 1976 2110 2002 a.
2137 1962 2248 2001 1247
2285 1960 2363 2014 (ecl.

159 2035 298 2078 Wait2
337 2049 378 2087 p.
407 2036 512 2087 290)
554 2035 619 2076 liis
649 2035 805 2077 verbis:
850 2035 976 2077 Circa
1015 2035 1328 2092 penthecosten
1361 2034 1593 2088 (Mai.19)
1633 2033 1870 2087 imperator
1915 2029 2135 2086 depositus
2175 2029 2363 2085 disponit

153 2105 301 2147 venire
333 2105 376 2146 in
410 2103 611 2157 Galliam,
644 2106 868 2146 locuturus
902 2119 999 2147 cum
1033 2104 1290 2160 quibusdam
1325 2103 1526 2145 fidelibus
1561 2102 1649 2143 suis
1683 2101 1726 2142 in
1758 2099 2027 2155 Burgundia,
2062 2105 2104 2140 et
2127 2113 2285 2140 vocans
2309 2098 2362 2140 ad

153 2173 266 2216 diem
297 2174 505 2230 placitum
537 2173 692 2216 ducem
724 2174 963 2216 Brabantie
998 2180 1044 2217 et
1075 2174 1235 2216 multos
1269 2174 1443 2215 nobiles
1477 2172 1530 2214 de
1565 2170 1827 2221 Teuthonia,
1861 2174 1907 2210 ut
1940 2183 2083 2210 coram
2117 2168 2178 2209 eis
2204 2182 2361 2223 expur-

151 2243 371 2299 gationem
404 2243 581 2293 faceret,
613 2247 661 2285 ut
692 2243 930 2295 dicebatur,
965 2244 1018 2286 de
1041 2243 1223 2286 obiectis
1259 2243 1341 2285 sibi
1375 2257 1399 2284 a
1431 2255 1546 2298 papa
1569 2239 1834 2282 criminibus.
1889 2237 1975 2281 Sed
2006 2252 2102 2279 cum
2125 2237 2361 2278 Taurinum

153 2313 365 2364 venisset,
406 2313 607 2369 pervenit
638 2312 692 2354 ad
724 2327 823 2355 eum
853 2313 993 2364 fama,
1038 2312 1153 2369 quod
1183 2313 1343 2354 Parma
1376 2311 1530 2353 civitas
1565 2310 1666 2351 olim
1700 2308 1782 2350 sibi
1815 2307 1954 2349 fidelis
1991 2307 2044 2348 ab
2078 2320 2128 2348 eo
2163 2306 2364 2352 descivit:

153 2382 267 2424 unde
299 2383 394 2439 ipse
428 2387 604 2424 coactus
638 2387 705 2424 est
736 2383 891 2426 redire.
942 2383 1181 2437 Eneyclica,
1214 2396 1298 2435 (saa
1320 2382 1547 2436 imperator
1573 2379 1716 2432 fideles
1738 2390 1834 2420 suos
1862 2390 1952 2419 cam
1974 2375 2152 2417 armatis
2173 2374 2362 2423 evocavit,

155 2453 192 2493 si
220 2452 424 2494 mutanda
455 2453 694 2504 mutaveris,
726 2456 829 2494 certe
859 2453 1041 2495 eiusdem
1062 2452 1217 2494 tenoris
1241 2451 1334 2506 fait
1354 2453 1476 2503 atque
1498 2464 1546 2491 ea
1567 2461 1693 2502 quam
1718 2446 1992 2499 proponimus
2012 2444 2196 2496 epistola.
2249 2442 2365 2483 Haec

154 2524 291 2562 tamen
322 2534 407 2563 non
438 2521 496 2562 acl
526 2522 697 2572 fidelem,
730 2522 802 2563 sed
823 2523 968 2575 potius
997 2521 1054 2563 acl
1077 2510 1291 2576 fautorem
1326 2518 1591 2571 imperatoris
1612 2516 1713 2557 data
1734 2517 1804 2564 est,
1835 2527 1978 2565 nempe
1998 2513 2056 2554 acl
2075 2512 2294 2565 Huyonem
2315 2511 2363 2551 dc

158 2590 401 2633 Castillione
433 2591 617 2632 comitem
648 2590 794 2633 Sancti
825 2591 958 2633 Pauli
988 2592 1035 2632 in
1059 2604 1172 2644 payo
1202 2588 1483 2638 Atrebatensi,
1516 2600 1601 2628 non
1634 2584 1900 2637 imperatoris
1930 2582 2001 2624 secl
2021 2582 2129 2634 reglis
2150 2580 2362 2622 Franciae

154 2661 377 2712 vasallum,
415 2673 548 2702 anam
585 2674 605 2702 e
645 2663 824 2714 quatuor
862 2661 1088 2702 baronibus
1127 2659 1359 2708 Franciae,
1389 2646 1473 2710 'qai
1504 2655 1690 2711 foederis
1729 2656 1872 2695 contra
1912 2651 2078 2692 elericos
2119 2648 2362 2691 observandi

155 2742 307 2771 manus
335 2730 384 2770 in
413 2741 454 2770 se
485 2732 753 2782 susceperant
764 2730 791 2772 2.
856 2730 1063 2772 Similiter
1093 2731 1232 2770 antem
1263 2728 1465 2780 serigotam
1490 2725 1625 2780 fuisse
1656 2722 1848 2775 fidelibus
1878 2719 2160 2773 imperatoris,
2200 2721 2237 2758 et
2271 2718 2361 2769 ipsa

155 2799 286 2842 rubra
316 2798 498 2841 codicum
535 2798 724 2841 indicare
762 2799 969 2850 videntur,
1010 2812 1116 2852 qaae
1158 2797 1316 2840 comitis
1346 2795 1522 2848 Delfini,
1566 2793 1640 2846 qui
1683 2792 1755 2833 lioc
1792 2793 1968 2844 tempore
2001 2790 2147 2841 partes
2184 2788 2360 2839 immera-

156 2869 258 2911 toris
286 2869 448 2911 tenebat
461 2869 489 2919 ³,
519 2868 766 2910 mentionem
788 2867 974 2923 faciunt.
1037 2867 1110 2909 Ad
1138 2866 1342 2909 edendam
1374 2864 1617 2906 mandatam
1650 2860 1917 2903 adhibuimus
1961 2858 2000 2912 1)
2032 2857 2206 2899 codicem
2238 2855 2360 2897 Pari-

154 2939 294 2980 sinam
314 2938 455 2980 13059
486 2938 552 2990 (S.
579 2937 782 2980 Germain
805 2937 976 2992 Harlay
999 2937 1104 2991 455)
1120 2948 1228 2989 pars
1244 2936 1277 2976 I
1293 2934 1369 2989 fol.
1391 2936 1469 2984 11,·
1502 2933 1547 2987 2)
1570 2931 1787 2973 editionem
1812 2928 2025 2969 Mai-tenci
2047 2927 2092 2967 in
2118 2925 2361 2967 Collectione

154 3008 415 3062 amplissima
446 3007 508 3057 II,
533 3008 646 3048 1136
675 3019 741 3047 nr.
765 3009 790 3046 1
828 3019 848 3047 e
879 3005 1010 3048 codiee
1051 3005 1229 3058 quodam
1264 3004 1434 3057 reyinae
1473 3001 1642 3044 Saeeiae
1677 2998 1906 3051 proflaam;
1947 2998 1991 3050 3)
2023 2994 2195 3037 codicem
2230 2993 2359 3036 Guel-

292 3147 379 3183 267.
415 3147 440 3190 1)
466 3126 706 3180 subsisteriuin
730 3145 762 3179 2.
870 3145 913 3189 m)
939 3145 1030 3178 deest
1057 3144 1086 3177 1.
1182 3144 1215 3183 ¹¹)
1242 3143 1410 3176 condictio
1435 3141 1666 3174 subiectorum
1690 3137 1721 3170 ⁴2.
1818 3137 1850 3177 υ)
1882 3135 2017 3178 penitus
2042 3133 2177 3165 illicitos
2202 3143 2360 3165 excessus

159 3207 240 3240 add.
257 3207 334 3241 edd.
428 3204 461 3247 P)
485 3206 636 3248 aliquam
662 3205 702 3237 de
727 3203 759 3237 2.
853 3202 886 3246 q)
912 3207 1121 3246 perpetratos
1147 3201 1230 3234 add.
1256 3200 1352 3239 edd.;
1376 3199 1573 3232 videntibus
1600 3214 1641 3219 —-
1667 3196 1709 3228 ab
1735 3194 1802 3227 cles.
1822 3192 1852 3225 1.
1936 3192 1964 3232 r)
1991 3203 2031 3224 ac
2056 3190 2087 3223 2.
2165 3188 2193 3232 Β)
2219 3190 2309 3222 omni
2328 3188 2359 3221 2.

157 3264 182 3306 2)
215 3265 363 3307 sequitur
395 3264 524 3296 lacuna
547 3261 579 3304 2,
614 3268 646 3295 et
684 3267 770 3294 certe
801 3260 942 3303 aliquod
972 3260 1070 3292 deest.
1213 3257 1248 3299 ¹¹)
1283 3257 1356 3289 loco
1389 3255 1571 3298 aliquando
1604 3253 1697 3286 eda.-
1736 3261 1980 3292 nonnuuquam
2017 3249 2186 3280 abstinere
2219 3247 2360 3280 licitum.

156 3322 190 3365 V)
215 3328 249 3356 et
274 3342 315 3346 —
340 3323 501 3356 volumus
524 3321 562 3354 in
585 3321 657 3353 solo
682 3318 713 3352 2.
845 3318 886 3360 W)
912 3328 1073 3361 cogemur
1097 3316 1134 3356 ‘2;
1172 3325 1420 3358 congregemur
1447 3313 1477 3345 1.
1594 3310 1626 3353 x)
1651 3310 1697 3342 sie
1721 3308 1816 3346 edom
1850 3307 2045 3339 induximus
2070 3304 2107 3345 ‘2;
2144 3305 2304 3337 duximus
2331 3303 2360 3336 1.

157 3379 190 3423 ἵ)
216 3381 339 3414 milites
363 3380 441 3413 edd.
525 3378 554 3419 z)
581 3379 653 3411 loco
678 3378 841 3410 finitimas
867 3377 995 3408 lacuna
1011 3375 1047 3406 in
1065 3372 1096 3406 2.
1185 3372 1216 3414 ³)
1243 3372 1333 3404 deest
1352 3371 1380 3403 1.
1466 3368 1499 3411 b)
1525 3368 1702 3401 dimittatis
1720 3366 1749 3398 1.
1831 3364 1860 3405 ⁰)
1886 3364 1982 3396 nobis
1999 3361 2031 3394 2.
2115 3360 2148 3405 d)
2174 3362 2264 3395 deest
2281 3362 2309 3394 1.
2328 3360 2360 3394 2.

159 3435 190 3481 Θ)
213 3439 285 3471 Deo
309 3438 411 3470 dante
436 3437 504 3470 oles.
524 3435 554 3469 1.
672 3433 705 3477 f)
731 3435 855 3478 optime
881 3433 963 3465 add.
984 3431 1013 3464 1.

294 3551 330 3593 1)
357 3548 742 3584 Haillard-Bre'holles
766 3547 830 3589 VI,
852 3551 925 3581 536.
1044 3544 1080 3587 2)
1107 3542 1208 3577 Haec
1233 3552 1277 3576 ex
1308 3537 1692 3575 Huillard-Bre'lwlles
1718 3535 1776 3578 VI,
1795 3539 1862 3569 528
1885 3537 1954 3568 not.
1974 3539 2011 3575 1,·
2042 3533 2147 3577 liyam
2172 3532 2357 3573 baronum,

158 3605 199 3640 in
223 3618 294 3651 qua
318 3607 445 3642 mentio
466 3607 509 3650 fit
533 3605 666 3641 comitis
691 3604 814 3639 Sancti
840 3603 952 3637 Pauli
978 3613 1006 3637 r.
1034 3601 1111 3635 ibid.
1134 3612 1171 3644 Ρ.
1190 3604 1266 3634 468.
1389 3598 1424 3641 3)
1450 3596 1488 3631 V.
1509 3591 1881 3629 Huillard-Breholles
1905 3590 1966 3634 VI,
1987 3595 2052 3625 555
2077 3589 2255 3632 (Bolimer,
2278 3588 2358 3631 Rey.

167 3662 207 3711 V,
224 3667 335 3707 3634).

2384 641 2466 666 Mein.
2481 643 2521 665 151.
