2558 3970
170 226 248 262 540
424 218 658 252 l‘ltwleltlcl
691 219 730 251 ll.
759 214 1116 250 lMPniNORA'rlo
1147 212 1445 247 [NNocth'rlO
1473 213 1534 246 Ill.
1565 213 1730 248 FACTA.
1782 214 1879 248 1210.
1930 214 1992 249 Nr.
2011 215 2087 249 409.

883 870 1642 953 APPENIHX.H,

752 1122 1769 1208 ACTASICULA

810 1519 944 1586 409.
999 1515 1573 1586 FRIDERICI
1615 1516 1706 1586 Π.

206 1630 1008 1705 [MPiGNORATIO
1054 1629 1746 1702 INNOGENTIO
1789 1631 1918 1702 ΙΙΙ.
1961 1633 2316 1706 FACTA.

1122 1755 1263 1801 1210.
1294 1755 1401 1802 Iun.

304 1903 432 1944 Dedit
463 1900 921 1943 Hunno-‹l-Breholles
953 1899 1130 1940 ‘Notices
1168 1901 1205 1939 ct
1235 1899 1422 1939 eoetraits’
1455 1899 1579 1950 XXI,
1601 1902 1640 1951 2,
1662 1902 1748 1941 347
1776 1913 1843 1941 nr.
1869 1900 1992 1942 XXI
2013 1914 2033 1941 e
2064 1901 2196 1944 codiee
2229 1902 2354 1944 Pari-

162 1974 252 2011 sim,
280 1974 393 2011 ‹5:091›
433 1985 535 2013 saec.
559 1971 736 2020 XVIII,
778 1968 1020 2023 apoyrapha
1058 1967 1305 2008 Roriam-um
1352 1967 1690 2009 Clzmiacmzsium
1728 1970 1957 2010 continente
1999 1969 2114 2022 (Rot.
2137 1970 2214 2012 XI
2220 1971 2268 2022 V,-
2298 1971 2352 2026 cf.

163 2041 257 2081 ibid.
284 2055 328 2092 p,
351 2042 434 2081 :2923
467 2054 532 2081 nr.
558 2042 645 2092 236).
707 2039 860 2079 mactat
902 2038 1024 2077 ctiam
1061 2037 1107 2077 in
1139 2037 1376 2089 apoqraplm
1407 2036 1657 2079 Rotnlormn
1687 2038 1860 2079 istorum
1890 2052 1929 2081 α.
1954 2040 2065 2079 1413
2088 2039 2214 2094 f'acto,
2246 2039 2356 2092 quod

164 2111 204 2149 in
239 2110 446 2150 tabulario
476 2109 678 2150 l'hlicano
700 2108 830 2148 lustr.
854 2107 965 2147 nze'se.
994 2105 1038 2148 C.
1061 2106 1184 2147 Fasc.
1205 2108 1261 2146 37
1286 2105 1366 2146 Nr.
1390 2108 1414 2145 1
1446 2105 1500 2147 D.
1522 2106 1552 2147 I
1568 2106 1662 2159 (siff.
1694 2106 1797 2155 VII)
1820 2109 2061 2148 asservatur
2076 2108 2101 2149 1.
2163 2108 2354 2151 Summa-

163 2179 268 2218 re'um
311 2178 458 2219 melicis
499 2177 762 2218 Oz‘loboniani
793 2175 906 2216 :2546
947 2189 983 2216 v.
1015 2174 1130 2226 apud
1164 2174 1432 2215 Illartencmn
1477 2174 1683 2216 ‘Collectio
1729 2175 2000 2226 amplissima’
2041 2175 2107 2226 II,
2137 2177 2261 2219 1236.
2297 2201 2351 2206 -—

161 2246 354 2295 Bolum),
387 2246 486 2299 Rey.
523 2247 615 2297 imp.
651 2246 692 2295 V,
717 2247 810 2285 631.
1977 2243 2046 2297 (P.
2069 2243 2211 2299 deest.)

307 2372 355 2413 In
389 2373 560 2413 nomine
584 2371 666 2413 Dei
700 2370 836 2413 eterni
871 2374 912 2411 et
942 2369 1169 2411 salvatoris
1202 2369 1338 2409 nostri
1366 2368 1468 2410 Iesu
1493 2367 1666 2420 Christi,
1699 2382 1838 2410 amen.
1931 2368 2187 2410 Fredericus
2211 2368 2354 2411 divina

162 2443 336 2481 favente
372 2441 599 2481 clementia
632 2454 709 2481 rex
743 2440 910 2489 Sicilie,
951 2438 1132 2479 ducatus
1165 2438 1323 2493 Apulie
1358 2441 1400 2478 et
1432 2437 1700 2493 principatus
1735 2435 1897 2492 Capue.
1960 2436 2068 2478 Cum
2102 2452 2267 2479 summe
2301 2438 2355 2478 sit

161 2509 427 2564 providentie
460 2510 613 2550 merita
647 2509 863 2564 respicere
898 2508 1179 2562 singulorum,
1213 2507 1274 2547 sic
1307 2506 1467 2547 debent
1499 2506 1646 2547 librari
1680 2505 1847 2560 singula
1879 2509 1925 2546 ut
1958 2519 2036 2546 sua
2067 2506 2350 2548 retributione

161 2579 376 2631 gaudeant
409 2579 623 2619 universa.
685 2577 805 2619 Tunc
839 2577 951 2618 enirn
976 2576 1201 2618 decentius
1225 2575 1456 2630 gradimur,
1491 2574 1660 2630 quando
1684 2573 1908 2615 beneficiis
1931 2587 2015 2615 non
2039 2574 2174 2615 solum
2198 2574 2347 2617 fideles

161 2648 386 2698 allicimus,
421 2647 495 2689 sed
528 2648 612 2688 illis
645 2647 846 2702 precipue
880 2645 1195 2701 respondemus
1229 2643 1281 2684 ad
1314 2647 1461 2685 votum
1494 2656 1672 2698 quorum
1696 2643 1904 2684 auxilium
1936 2643 2041 2683 utile
2070 2643 2285 2684 sensimus
2310 2647 2353 2685 et

160 2715 210 2756 de
243 2716 355 2757 bono
391 2717 432 2757 in
466 2716 617 2757 melius
662 2716 785 2757 nobis
819 2721 861 2755 et
901 2728 1032 2769 regno
1065 2718 1208 2754 nostro
1249 2712 1543 2754 necessarium
1578 2711 1837 2766 experimur.
1901 2710 2189 2752 Attendentes
2220 2712 2352 2767 igitur

160 2785 359 2825 affectum
404 2785 682 2839 benignitatis
717 2789 759 2825 et
798 2783 956 2838 gratie,
997 2797 1125 2838 quam
1169 2781 1465 2823 sanctissimus
1499 2780 1696 2821 dominus
1731 2784 1773 2821 et
1812 2785 1936 2835 pater
1967 2785 2115 2822 noster
2153 2780 2351 2822 dominus

164 2853 437 2894 Innocentius
472 2867 661 2894 summus
694 2853 891 2908 pontifex
925 2852 1039 2893 circa
1072 2864 1301 2907 personam
1334 2854 1525 2891 nostram
1555 2849 1716 2890 habere
1740 2848 1990 2900 dinoscitur,
2025 2848 2347 2890 considerantes

161 2923 286 2962 etiam
320 2922 433 2977 quod
466 2936 541 2978 pro
575 2922 714 2964 salute
748 2926 793 2963 et
825 2921 1019 2962 custodia
1060 2933 1242 2975 persone
1284 2923 1430 2960 nostre
1464 2922 1506 2959 et
1538 2918 1841 2959 nichilominus
1875 2917 1996 2972 regni
2029 2918 2163 2959 nostri
2195 2917 2345 2959 defen-

161 2992 280 3032 sione
314 2992 399 3032 suis
442 3006 525 3032 non
559 2991 752 3046 pepercit
783 2990 1004 3031 laboribus
1038 2994 1079 3030 et
1113 2989 1336 3043 expensis,
1375 2988 1503 3028 immo
1535 3001 1691 3042 graves
1726 2990 1770 3027 et
1800 2986 2006 3041 plurimas
2039 2985 2348 3027 sollicitudines

161 3066 201 3099 et
234 3060 476 3101 anxietates
511 3060 714 3101 sustinuit
746 3064 788 3100 et
821 3059 1006 3100 sustinet
1037 3058 1321 3108 incessanter,
1356 3056 1550 3098 volentes
1584 3055 1724 3096 eidem
1759 3054 1930 3096 domino
1963 3068 2075 3110 pape
2105 3057 2148 3096 et
2170 3058 2347 3109 aposto-

160 3130 239 3169 lic-0
274 3129 363 3170 sedi
397 3130 455 3170 sie
488 3130 529 3170 in
560 3133 780 3184 posterum
813 3128 1053 3183 providere,
1088 3131 1133 3167 ut
1154 3126 1289 3181 ipsius
1314 3126 1452 3180 gratie
1476 3123 1786 3180 plenitudinem
1810 3123 1994 3178 amplius
2021 3127 2063 3164 et
2086 3122 2348 3177 peramplius

161 3198 350 3238 obtinere
395 3198 626 3253 possimus,
672 3211 748 3252 pro
789 3196 992 3251 expensis
1032 3195 1136 3250 ipsis
1180 3208 1286 3248 quas
1329 3193 1481 3234 fecisse
1514 3192 1761 3243 dinoscitur,
1801 3196 1891 3231 tum
1932 3205 2007 3245 pro
2051 3191 2171 3245 regni
2213 3190 2348 3231 nostri

161 3266 426 3317 defensione,
459 3272 548 3307 turn
581 3280 764 3321 persone
798 3269 941 3306 nostre
974 3264 1111 3305 tutela
1143 3263 1306 3318 pariter
1338 3265 1380 3302 et
1411 3260 1564 3312 salute,
1597 3259 1838 3314 obligamus
1872 3259 1911 3300 ei
1934 3259 1975 3299 in
2008 3258 2186 3313 pignore
2210 3261 2343 3299 totam

161 3343 315 3375 terrani
349 3341 434 3375 tam
468 3335 714 3375 monasterii
748 3333 1010 3375 Casiniensis
1044 3345 1170 3388 quam
1202 3330 1469 3371 dominorum
1505 3329 1663 3383 Aquini
1696 3341 1862 3369 necnon
1892 3331 1935 3368 et
1958 3326 2155 3367 Riccardi
2178 3327 2346 3368 comitis

162 3403 323 3443 Sorani.
359 3404 415 3443 ita
449 3402 650 3444 videlicet
681 3408 727 3444 ut
760 3402 859 3443 dum
892 3402 1046 3457 pignus
1071 3399 1303 3449 duraverit,
1336 3411 1538 3453 guerram
1572 3402 1615 3438 et
1647 3409 1798 3451 pacem
1819 3395 1991 3445 faciant,
2025 3394 2134 3435 sicut
2157 3408 2342 3449 unquam

161 3472 371 3511 fecerunt.
421 3473 540 3513 iuxta
579 3477 768 3513 nostrum
807 3469 1129 3525 beneplacitum
1171 3471 1214 3508 et
1253 3466 1502 3508 mandatum
1549 3469 1592 3506 et
1631 3465 1752 3505 salva
1783 3477 1858 3518 per
1890 3463 2032 3504 omnia
2063 3462 2271 3504 fidelitate
2304 3466 2346 3504 et

161 3539 321 3580 honore
356 3545 515 3581 nostro.
578 3540 685 3581 Cum
729 3546 871 3582 autem
914 3540 966 3581 de
1006 3536 1111 3592 ipsis
1157 3535 1363 3591 expensis
1405 3538 1448 3574 et
1486 3536 1634 3574 sancte
1667 3531 1860 3573 Romane
1902 3531 2085 3572 ecclesie
2128 3534 2171 3572 et
2202 3529 2344 3572 eidem

161 3607 330 3647 domino
364 3622 472 3662 pape
505 3608 631 3648 fuerit
664 3609 949 3658 satisfactum,
993 3612 1108 3648 terra
1151 3607 1245 3661 ipsa
1277 3605 1329 3646 ad
1362 3605 1428 3645 ius
1462 3608 1652 3644 nostrum
1685 3606 1728 3643 et
1759 3601 1992 3642 dominium
2024 3601 2160 3641 libere
2195 3614 2341 3642 rever-

300 3722 330 3754 l›
360 3720 410 3760 (ff.
440 3720 539 3753 Kehr
564 3720 690 3753 ‘Nenas-
717 3720 855 3753 Arehir'
884 3719 989 3762 XIV,
1010 3723 1083 3754 373.

2390 2192 2421 2217 10

2388 2591 2418 2616 15

2385 2930 2418 2956 20

2381 3272 2412 3298 25

2381 3616 2414 3641 30
