2558 3970
14 3846 68 3970 nem

106 904 136 928 10

102 1251 131 1275 15

95 1947 126 1972 25

95 2294 129 2319 30

95 2639 127 2665 35

97 3336 130 3362 45

593 150 875 187 INNOCENTll
906 152 965 187 lv.
992 155 1255 190 eoNcllAt'M
1286 156 1618 194 LUont'NENsE.
1674 162 1768 196 1245».
1819 163 1879 197 Nr.
1899 164 1975 199 wo.
2293 171 2365 208 5¹1

184 262 305 303 nensi
341 264 543 319 episcopo
578 270 619 306 ct
651 265 699 308 T.
734 267 941 309 cardinali
976 271 1152 311 fecerat.
1188 272 1470 314 irreverenter
1504 276 1671 317 invasit.
1709 278 1806 318 licet
1843 279 1921 334 ipsi
1959 288 2056 320 tunc
2083 282 2121 322 in
2147 297 2240 322 eum
2276 297 2368 337 pre-

181 336 360 383 sentem,
395 333 429 373 si
461 337 793 383 contraveniret.
827 341 1284 381 exeommunicationis
1319 345 1577 385 sententiam
1614 347 1963 400 pronmlgarint'.
2030 350 2081 390 Et
2115 365 2208 391 cum
2245 351 2370 392 iidem

177 401 414 455 apostolica
457 401 538 443 sibi
576 406 832 447 auctoritate
875 407 1174 450 mandassent.
1221 415 1265 449 ut
1298 425 1375 451 nee
1410 427 1487 466 per
1518 430 1562 452 se
1599 429 1674 454 nec
1717 431 1790 470 per
1823 417 1951 458 alium
1987 420 2234 474 impediret.
2271 422 2369 474 quin

178 470 499 525 postulationes,
534 473 773 515 electiones
805 481 847 516 ct
880 477 1231 519 confirmationes
1256 481 1539 522 ecclesiarum
1572 491 1613 523 et
1641 487 1995 527 m‹›nastcriorum
2032 488 2070 527 in
2108 502 2237 540 reguo
2274 504 2368 544 pre-

176 539 264 579 fato
298 538 431 581 libere
463 541 666 583 decetero
698 544 851 585 tierent
883 545 1121 586 secundum
1147 553 1308 588 statuta
1333 550 1500 590 ‹·oucilii
1528 554 1760 604 generalis,
1795 561 1836 594 et
1861 556 1972 609 quod
1999 557 2139 597 nullus
2163 558 2369 613 deinceps

176 607 218 648 in
260 607 411 650 eodem
459 624 591 665 regno
624 612 725 653 viris
770 614 1077 656 ecclesiasticis
1122 623 1195 656 ac'⁴
1230 617 1356 657 rebus
1399 633 1544 660 eorum
1587 621 1826 675 imponeret
1868 625 2010 664 tallias
2047 626 2110 666 vel
2146 627 2369 671 collectas,

174 676 372 733 quodque
405 679 548 720 nullus
583 681 740 722 ibidem
775 683 956 724 clericus
981 685 1047 725 vel
1080 699 1265 739 persona
1297 687 1596 729 ecelesiastica
1627 689 1832 731 (lm-etero
1864 693 1902 732 in
1930 694 2040 734 civili
2068 696 2130 735 vel
2157 697 2367 736 criminali

173 760 304 787 causa
336 749 637 790 conveniretur
670 764 813 792 coram
849 752 987 793 iudice
1022 753 1219 798 seculari.
1256 755 1332 795 nisi
1367 770 1498 811 super
1531 757 1672 798 feudis
1704 761 1871 814 questio
1904 762 2090 803 civiliter
2125 765 2369 808 haberetur.

173 829 222 856 ac
254 815 527 872 Templariis,
561 818 864 875 Hospitalariis
897 828 939 862 et
971 822 1066 862 aliis
1099 824 1297 877 personis
1331 825 1640 867 ecelesiasticis
1675 827 1726 867 ‹le
1761 829 1956 884 ‹lampnis
1997 838 2039 871 et
2073 832 2233 873 iniuriis
2265 835 2367 874 irro-

172 885 284 940 gatis
316 885 479 928 eisdem
513 888 784 931 satisfaceret
807 896 1123 945 competenter:
1161 892 1252 947 ipse
1281 893 1529 935 mandatum
1556 895 1799 938 huiusmodi
1831 899 2072 955 adimplere
2097 905 2367 958 contempsit.

172 953 328 1010 Liquet
374 969 559 1012 namque
601 958 821 1000 undecimt
868 965 942 1000 aut
989 959 1134 1015 plures
1183 961 1572 1017 a1·chiepiscopal‹.=s
1613 971 1653 1005 et
1705 967 1862 1008 multas
1910 971 2179 1025 episcopales
2228 972 2367 1013 sedes.

171 1023 368 1066 abbatias
409 1039 578 1081 quoque
611 1042 661 1068 ac
700 1028 808 1069 alias
847 1029 1051 1070 ecclesias
1086 1043 1240 1071 vacare
1275 1030 1327 1071 ad
1363 1040 1570 1086 presensu
1606 1035 1643 1074 in
1683 1050 1814 1089 reguo
1851 1038 2042 1092 predicto
2077 1055 2236 1096 easque
2271 1056 2365 1096 pro-

172 1097 348 1135 curante
382 1094 489 1150 ipso,
524 1095 636 1137 sicut
667 1102 816 1152 aperte
850 1102 980 1153 patet,
1014 1098 1148 1140 fuisse
1174 1098 1335 1140 diutius
1369 1101 1628 1156 prelatorum
1662 1105 1871 1157 regimine
1897 1106 2152 1149 destitutasv
2177 1110 2214 1149 in
2240 1126 2368 1163 grav«-

172 1163 359 1217 ipsarum
393 1164 676 1220 prciudieium
710 1171 752 1207 et
785 1167 1023 1222 periculum
1056 1168 1309 1210 animarum.
1376 1169 1429 1210 Et
1463 1171 1562 1212 licet
1587 1173 1696 1212 forte
1725 1174 1763 1214 in
1789 1175 2005 1230 aliquibus
2030 1178 2219 1219 eiusdem
2247 1181 2366 1230 regni

171 1232 367 1274 ecclesiis
400 1234 635 1276 electiones
669 1236 755 1276 sint
787 1251 812 1277 a
851 1237 1050 1292 capitulis
1084 1237 1320 1287 celebrate,
1365 1240 1464 1294 quia
1497 1246 1642 1282 tamen
1686 1257 1760 1298 per
1794 1244 1866 1284 illa
1903 1245 2097 1287 eiusdem
2133 1248 2367 1289 familiares

170 1301 315 1343 clerici
349 1308 448 1344 sunt
480 1304 622 1353 electi,
657 1305 868 1360 probabili
902 1310 1046 1361 potest
1078 1313 1333 1361 argumento
1358 1309 1569 1359 concludi,
1604 1311 1717 1366 quod
1745 1312 1993 1354 facultatem
2019 1329 2101 1355 non
2128 1316 2367 1358 habuerunt

169 1369 348 1412 liberam
384 1372 584 1428 eligendi.
647 1374 940 1416 Ecclesiarum
975 1379 1119 1417 autem
1160 1376 1294 1431 ipsius
1330 1379 1449 1432 regni
1484 1393 1565 1419 non
1600 1381 1738 1422 solum
1779 1383 2008 1423 facultates
2042 1390 2085 1424 ct
2120 1384 2231 1426 bona
2265 1387 2367 1429 fecit

170 1446 297 1496 prout
319 1442 451 1483 voluit
474 1444 689 1500 occupari.
723 1450 789 1486 set
813 1445 949 1486 eciam
973 1459 1139 1493 cruces,
1174 1446 1374 1493 turibula,
1409 1448 1567 1489 calices
1593 1455 1635 1490 et
1659 1451 1767 1491 alios
1800 1466 1946 1492 sacros
1971 1466 2115 1494 earum
2142 1454 2367 1495 thesauros

169 1514 212 1551 et
243 1524 408 1566 pannos
442 1513 601 1554 sericos
635 1513 761 1555 velud
795 1514 934 1554 cultus
967 1513 1098 1555 divini
1134 1520 1404 1571 contemptor
1435 1518 1608 1561 auferri.
1643 1520 1743 1561 lieet
1776 1527 1821 1561 ut
1850 1521 2006 1562 dicitur
2040 1524 2140 1578 ipsis
2171 1525 2366 1565 ecclesiis

169 1586 322 1623 exacto
371 1587 516 1624 tamen
563 1583 683 1638 prius
729 1597 803 1639 pro
846 1584 909 1624 eis
952 1588 1068 1624 certo
1112 1584 1248 1639 pretio
1291 1586 1331 1626 in
1371 1591 1493 1640 parte
1534 1588 1694 1629 fuerint
1740 1591 1942 1631 restituti.
2013 1592 2166 1633 Clerici
2211 1594 2366 1648 quippe

167 1650 360 1693 collectis
391 1656 433 1692 et
470 1652 600 1693 talliis
639 1653 937 1709 multipliciter
968 1653 1232 1708 affliguntur,
1276 1669 1355 1696 nec
1388 1656 1524 1697 solum
1564 1658 1794 1699 trahuntur
1827 1659 1880 1701 ad
1915 1660 2119 1701 iudicium
2155 1663 2366 1703 seculare.

167 1724 234 1762 set
264 1724 312 1762 ut
333 1713 544 1763 asseritur
567 1727 782 1778 coguntur
811 1723 956 1764 subire
979 1722 1137 1774 duella,
1171 1724 1512 1775 incarcerantur,
1546 1727 1803 1769 occiduntur
1826 1735 1868 1770 et
1892 1730 2098 1785 patibulis
2123 1732 2368 1772 cruciantur

166 1789 208 1830 in
241 1790 536 1833 confusionem
571 1796 614 1834 et
646 1792 924 1848 opprobrium
957 1792 1120 1833 ordinis
1155 1793 1380 1835 clericalis.
1444 1794 1631 1837 Prefatis
1665 1802 1809 1839 autem
1843 1798 2122 1855 Templariis.
2158 1800 2364 1855 Hospita-

166 1859 282 1901 lariis
316 1864 359 1902 et
389 1861 586 1916 personis
620 1862 932 1904 ecclesiasticis
966 1875 1051 1902 non
1084 1866 1149 1903 est
1181 1861 1234 1904 de
1256 1862 1453 1919 dampnis
1487 1865 1617 1906 illatis
1641 1866 1807 1908 eisdem
1831 1874 1873 1909 ct
1895 1868 2058 1910 iniuriis
2082 1870 2364 1911 satisfactum.

167 1929 229 1984 (7)
261 1929 374 1971 Eum
417 1944 586 1986 quoque
628 1937 791 1974 certum
827 1937 892 1973 est
923 1932 1014 1973 fore
1048 1932 1263 1987 sacrilegii
1305 1937 1582 1988 patratorem.
1646 1936 1756 1977 Nam
1790 1951 1885 1979 cum
1921 1938 2073 1994 prefati
2107 1938 2364 1980 l'ortucnsis

165 2002 209 2040 et
240 1998 525 2042 Penestrinus
558 2001 749 2057 episcopi
784 2006 828 2043 et
860 2015 988 2057 quam
1021 2001 1166 2057 plures
1190 2001 1468 2043 ecclesiarum
1493 2004 1648 2058 prelati
1673 2010 1716 2046 et
1739 2007 1882 2048 clerici
1907 2011 1993 2048 tam
2021 2008 2212 2062 religiosi
2238 2023 2363 2063 quam

165 2069 382 2111 seculares
425 2069 477 2111 ad
519 2071 801 2126 apostolicam
841 2070 988 2112 sedem
1033 2084 1108 2126 pro
1151 2071 1410 2113 celebrando
1452 2074 1653 2125 concilio,
1697 2075 1810 2130 quod
1853 2076 1969 2131 prius
2012 2077 2104 2132 ipse
2138 2078 2364 2132 petiverat,

164 2139 391 2180 convocati
424 2153 502 2195 per
533 2154 651 2182 mare
684 2141 902 2191 venirent,
936 2140 1014 2181 viis
1048 2145 1159 2181 terre
1193 2141 1300 2195 ipsis
1334 2140 1387 2182 de
1419 2141 1623 2184 mandato
1657 2144 1747 2185 eius
1781 2146 1952 2187 omnino
1986 2147 2218 2201 preclusis.
2253 2147 2363 2188 idem

163 2206 378 2250 destinato
412 2207 545 2251 Ensio
585 2209 673 2251 filio
715 2224 790 2251 suo
831 2223 927 2251 cum
971 2208 1247 2251 multitudine
1290 2211 1515 2265 galearum
1556 2217 1599 2253 et
1639 2227 1716 2268 per
1747 2214 1856 2255 alias
1891 2229 2018 2270 quam
2057 2216 2203 2272 plures
2239 2216 2365 2270 longe

166 2282 296 2319 antea
328 2279 438 2321 serio
461 2283 714 2335 preparatas
737 2280 778 2321 in
801 2279 996 2335 partibus
1021 2278 1180 2321 Tuscie
1208 2279 1432 2321 maritimis
1456 2281 1620 2323 insidiis
1645 2283 1798 2338 positis
1823 2289 1970 2326 contra
1994 2299 2081 2328 cos
2116 2291 2162 2326 ut
2189 2286 2364 2340 gravius

164 2352 315 2403 posset
345 2349 460 2390 virus
492 2363 665 2391 vomere
698 2353 1058 2405 preconceptum,
1099 2349 1217 2404 ipsos
1249 2363 1358 2390 ausu
1393 2350 1605 2405 sacrilego
1639 2353 1734 2408 capi
1768 2354 1891 2403 fecit,
1932 2354 2188 2408 quibusdam
2222 2355 2363 2409 prela-

165 2422 302 2458 torum
333 2418 521 2474 ipsorum
555 2423 599 2460 et
630 2419 725 2460 aliis
759 2420 801 2460 in
833 2418 1082 2460 huiusmodi
1115 2418 1314 2474 captione
1349 2419 1608 2471 submersis,
1643 2423 1860 2464 nonnullis
1894 2425 2024 2464 etiam
2058 2425 2364 2479 interemptisw

165 2490 208 2528 et
239 2487 456 2543 aliquibus
496 2489 641 2530 hostili
682 2489 951 2531 insecutione
996 2487 1177 2542 fugatis,
1224 2487 1401 2542 reliquis
1435 2491 1580 2530 autem
1614 2489 1734 2532 bonis
1768 2492 1965 2547 spoliatis
1999 2493 2197 2534 omnibus
2233 2498 2276 2535 et
2310 2493 2362 2534 de

165 2556 258 2598 loco
298 2556 351 2598 ad
397 2557 539 2600 locum
582 2559 625 2599 in
669 2572 848 2613 regnum
891 2557 1038 2600 Sicilie
1081 2556 1361 2612 opprobriose
1401 2556 1601 2598 deductis
1645 2573 1695 2600 ac
1740 2560 1898 2602 ibidem
1943 2561 2076 2602 dirisx
2117 2562 2361 2603 carceribus

165 2627 433 2682 mancipatis.
484 2627 674 2676 Quorum
699 2628 830 2683 aliqui
854 2626 1059 2668 macerati
1081 2625 1355 2680 squaloribus
1379 2630 1421 2666 et
1442 2626 1588 2668 inedia
1610 2629 1748 2683 pressi
1771 2630 2075 2672 miserabiliter
2093 2631 2361 2673 defecerunt.

165 2695 227 2750 (8)
260 2695 418 2739 Merito
450 2699 628 2754 insuper
659 2701 809 2740 contra
841 2711 939 2739 eum
962 2696 1015 2738 de
1048 2695 1240 2737 heretica
1272 2695 1485 2750 pravitate
1515 2697 1698 2752 suspitio
1724 2704 1788 2739 est
1812 2705 1981 2741 exorta.
2015 2714 2109 2741 cum
2135 2706 2360 2756 postquam

164 2767 622 2808 excommunicationis
656 2767 918 2809 sententiam
950 2780 975 2807 a
1006 2765 1184 2821 prefatis
1217 2764 1251 2806 Ι.
1286 2765 1486 2820 episcopo
1511 2765 1743 2807 Sabinensi
1778 2773 1821 2809 et
1844 2768 1891 2809 T.
1917 2769 2122 2810 cardinali
2150 2770 2358 2824 prolatam

163 2835 341 2877 incurrit
373 2841 417 2878 et
438 2837 576 2878 dictus
600 2836 652 2879 G.
677 2851 791 2893 papa
814 2838 954 2892 ipsum
977 2834 1265 2876 anathematis
1290 2835 1460 2876 vinculo
1489 2835 1728 2882 innodavit,
1762 2852 1810 2878 ac
1838 2843 1933 2892 post
1956 2839 2141 2879 ecclesie
2165 2838 2360 2879 Romane

165 2903 459 2959 cardinalium,
493 2907 756 2962 prelatorum
789 2912 833 2947 et
864 2905 1116 2947 clericorum
1149 2918 1198 2945 ac
1230 2904 1410 2945 aliorum
1444 2904 1575 2945 etiam
1608 2904 1789 2947 diversis
1823 2907 2089 2962 temporibus
2124 2907 2175 2948 ad
2211 2907 2358 2948 sedem

166 2976 448 3030 apostolicam
491 2977 751 3017 venientium
799 2974 1044 3031 captionem
1088 2973 1232 3015 claves
1273 2973 1460 3015 ecclesie
1505 2976 1816 3030 contempserit
1855 2981 1897 3016 et
1938 2981 2231 3032 contempnat.
2280 2976 2359 3016 sibi

166 3043 328 3085 faciens
360 3045 572 3087 celebrari
594 3047 663 3088 vcl
697 3045 839 3101 potius
863 3048 1071 3100 quantum
1095 3044 1138 3084 in
1161 3057 1212 3084 eo
1236 3047 1300 3083 est
1327 3042 1588 3098 prophanari
1611 3043 1767 3094 divina,
1802 3050 1844 3086 et
1868 3051 2114 3087 constanter
2135 3060 2356 3087 assevera-

164 3114 294 3162 verit,
335 3119 384 3156 ut
424 3116 623 3171 superius
667 3119 732 3157 est
763 3118 1005 3164 narratum,
1052 3127 1099 3154 se
1131 3112 1289 3167 prefati
1322 3111 1372 3153 G.
1405 3126 1515 3168 pape
1549 3114 1786 3155 sententias
1821 3128 1904 3155 non
1940 3115 2091 3155 vereri.
2153 3114 2360 3154 Preterca

166 3184 420 3225 coniunctus
452 3185 642 3226 amicitia
672 3183 921 3225 detestabili
954 3182 1220 3233 Sarraccnis‚
1253 3182 1426 3223 nuntios
1461 3187 1503 3223 ct
1535 3197 1714 3223 munera
1746 3184 1907 3239 pluries
1941 3183 2175 3225 destinavit
2199 3183 2359 3224 eisdem

166 3257 210 3295 et
241 3254 295 3296 ab
328 3255 391 3296 eis
425 3255 616 3296 vicissim
649 3269 743 3296 cum
776 3253 1103 3295 honorificentia
1135 3257 1178 3293 et
1210 3251 1397 3293 ilaritate
1431 3253 1595 3307 recepit
1628 3253 1904 3307 ipsorumque
1935 3253 2041 3293 ritus
2073 3252 2359 3307 amplectitur,

167 3323 263 3365 illos
284 3324 325 3364 in
350 3323 577 3365 cotidianis
602 3324 694 3365 eius
718 3322 936 3378 obsequiis
959 3321 1207 3362 notabiliter
1229 3334 1375 3361 seeum
1401 3326 1566 3371 tenens,
1601 3320 1833 3362 eorundem
1859 3322 1988 3363 etiam
2012 3335 2129 3362 more
2153 3321 2359 3362 uxoribus

167 3399 301 3447 quasy
331 3392 485 3434 habuit
516 3393 569 3435 de
603 3393 736 3448 stirpe
769 3392 891 3447 regia
923 3389 1287 3432 descendentibus
1318 3389 1552 3441 eunuchos,
1586 3390 1794 3445 precipue
1830 3404 1948 3445 quos,
1981 3394 2027 3430 ut
2055 3389 2210 3431 dicitur
2232 3391 2358 3441 serio,

170 3461 350 3502 castrari
371 3461 550 3513 fecerat,
582 3476 668 3503 non
697 3461 870 3503 erubuit
894 3459 1104 3515 deputare
1127 3457 1340 3499 custodes.
1392 3457 1449 3498 Et
1474 3458 1587 3512 quod
1611 3459 1902 3500 execrabilius
1928 3464 2009 3509 est,
2043 3459 2143 3500 olim
2167 3459 2358 3500 existens

167 3530 210 3570 in
241 3530 435 3586 partibus
468 3531 782 3583 transmarinis,
815 3531 931 3571 faeta
963 3527 1273 3584 compositione
1306 3526 1503 3582 quadam,
1537 3527 1665 3568 immo
1699 3528 1934 3568 collusione
1970 3528 2112 3569 verius
2146 3542 2240 3569 cum
2274 3528 2355 3568 sal-

305 3631 394 3668 400.
427 3633 456 3676 r)
480 3622 712 3679 promulgarit.
798 3633 826 3676 s)
851 3646 891 3667 ao
917 3646 967 3666 or.
1039 3632 1064 3673 t)
1090 3632 1290 3664 undecicim.
1364 3629 1396 3673 u)
1421 3631 1464 3663 ad
1489 3642 1627 3674 presens
1650 3643 1773 3665 vacare
1792 3644 1882 3665 corr.
1953 3636 1984 3674 v)
2013 3632 2125 3664 littera
2149 3643 2168 3664 a
2192 3631 2357 3673 suppleta.

102 3697 135 3726 50
168 3690 209 3733 W)
234 3702 270 3724 re
295 3692 331 3724 in
354 3703 493 3726 rasura.
610 3693 643 3736 x)
670 3704 758 3726 corr.
785 3704 801 3725 e
827 3692 930 3727 duris.
1047 3688 1079 3730 y)
1105 3689 1217 3722 littera
1241 3700 1261 3722 a
1286 3689 1322 3721 in
1345 3700 1482 3720 rasura.
