2558 3970
647 143 858 178 OTTONIS
887 143 946 178 lv.
972 142 1404 177 c‹›NS'1‘1'rU'r1‹›NES.
1456 143 1553 178 laus.
1599 146 1695 178 1209.
1747 144 1806 177 Nr.
1827 145 1880 178 fl.
1907 147 1960 178 25.
2348 151 2400 187 33

201 260 455 309 scribentes,
489 259 716 300 laudantes
751 274 841 308 eas,
873 273 954 313 que
990 259 1198 299 hactenus
1232 260 1270 299 in
1306 265 1451 299 nostra
1486 267 1526 298 et
1562 265 1701 299 vestra
1735 259 1961 299 devotion(-
1988 272 2326 312 pei-inausvrunt.
2362 272 2400 301 vt

200 343 286 379 eaS‚
320 343 402 384 que
435 328 646 370 hactenus
680 328 932 369 nesciebant
966 342 1055 377 nos,
1089 327 1141 367 ad
1176 334 1365 368 nostrum
1396 329 1585 368 favorem
1611 329 1905 370 exhortantes.
1961 328 2178 381 Rogamus
2205 331 2319 373 item.
2355 338 2396 370 ut

199 399 235 441 si
266 398 320 440 de
353 398 539 439 eeclesia
562 397 787 438 Bremensi
821 402 863 438 et
896 397 988 437 eius
1022 396 1172 437 electis
1199 397 1321 437 vobis
1347 397 1434 436 sive
1465 412 1540 452 per
1565 412 1707 450 regem
1739 397 1864 437 Datic
1889 397 1977 437 sive
2004 412 2078 452 per
2102 412 2400 452 (plenu-unque

197 468 356 510 mentio
389 467 503 508 facta
536 466 666 507 fuerit
698 470 771 506 aut
804 465 969 521 petitio,
1004 465 1096 506 eius
1131 465 1292 518 negotii
1316 466 1618 505 executionem
1655 479 1788 519 usque
1814 466 1864 505 ad
1890 465 2121 507 adventum
2156 468 2401 507 nuntiorum

198 541 456 587 nostrorum,
495 550 602 590 quos
636 535 758 576 vobis
803 549 934 590 super
967 548 1017 575 eo
1060 533 1237 574 idoneos
1271 535 1519 588 quantotius
1554 535 1787 575 mittemus.
1834 534 2060 575 differatis:
2108 535 2294 574 scientes
2330 550 2403 590 pro

198 610 332 657 certo,
366 605 465 660 quia
498 605 690 646 secunda
723 605 893 652 electio,
933 604 1042 644 sicut
1075 609 1118 644 et
1156 603 1285 658 prior,
1326 608 1369 643 et
1402 611 1549 642 contra
1585 602 1721 643 Deum
1757 610 1797 643 et
1840 609 1983 643 contra
2021 604 2083 643 ius
2118 612 2158 642 et
2195 605 2401 644 rationem

196 677 313 716 facta
353 679 438 723 est,
481 680 523 715 et
563 675 759 715 neutrius
803 673 1015 728 promotio
1051 672 1116 713 vel
1151 672 1269 712 vobis
1304 672 1370 712 vel
1412 672 1534 711 nobis
1579 673 1764 712 noscitur
1807 673 2028 727 expedire.
2092 676 2231 727 Super
2264 674 2401 712 omnia

197 749 339 786 autem
380 758 458 784 nos
499 749 542 784 et
583 757 756 784 causam
795 748 984 783 nostram
1026 742 1154 782 innuo
1194 748 1376 781 vestram
1411 746 1553 781 vestro
1600 741 1833 781 subicimus
1876 743 2055 781 ‹eonsilio
2093 751 2133 781 et
2182 742 2406 782 voluntati.

197 813 440 863 certissimi,
481 816 527 857 ut
559 812 671 867 quod
705 817 886 866 paterne
921 825 1027 865 erga
1060 825 1137 851 nos
1172 811 1364 865 cepistis,
1407 811 1446 850 in
1482 824 1564 864 quo
1599 810 1710 850 bene
1745 810 1953 850 hactenus
1988 812 2314 864 perseverastis.
2351 810 2401 851 ad

131 900 164 925 10
199 882 372 924 laudem
407 886 449 923 et
480 883 659 936 gloriam
696 881 776 922 Dei
811 886 853 921 et
886 881 1071 922 ecclesie
1106 880 1302 921 Romane
1338 886 1380 919 et
1414 880 1645 919 utilitatem
1681 879 1842 918 obtime
1878 880 2083 934 perlit-erc
2119 878 2328 919 ‹lo-lwatis.

643 1293 736 1362 28.
780 1294 873 1363 29.
927 1287 1429 1361 LEGATIO
1485 1287 1961 1359 ITALICA.

1141 1415 1309 1472 (10209.
1350 1416 1471 1471 Ian.)

641 1551 714 1593 28.
749 1551 1107 1594 ENCYCLICA
1140 1550 1343 1591 REGIA
1375 1548 1462 1590 AI)
1494 1548 1727 1590 I'l'ALos'.
1792 1548 1884 1588 Ian.
1911 1550 1976 1588 13.

344 1633 474 1676 Dedit
503 1633 688 1675 Bo'hmcr
718 1634 765 1674 in
786 1633 906 1675 Actis
935 1632 1104 1684 imperii
1134 1631 1292 1672 selectis
1318 1632 1467 1683 12:207
1498 1643 1563 1670 nr.
1586 1630 1673 1670 :232
1701 1642 1720 1668 e
1752 1629 2005 1669 transnanto
2036 1641 2074 1667 a.
2103 1628 2224 1666 1:20⁹.
2260 1626 2364 1677 Αμν.
2383 1631 2410 1665 z

134 1721 164 1746 1⁵
195 1702 324 1760 facto,
356 1703 466 1757 quod
495 1705 542 1745 in
574 1703 786 1745 tabulario
817 1703 999 1745 civitatis
1031 1701 1194 1753 Papiae
1225 1703 1480 1743 asservatur.
1518 1724 1567 1729 —-
1601 1698 1796 1747 ΒϋῘιηιον,
1831 1697 1930 1749 Ray.
1964 1697 2059 1747 imp.
2096 1695 2252 1737 11:351).

133 2076 166 2102 20

135 2422 167 2448 25

139 2770 172 2795 30

141 3114 174 3141 35

1971 1765 2044 1818 (P.
2065 1765 2207 1814 (least.)

348 1856 450 1897 Otto
483 1854 567 1896 Dei
599 1855 749 1910 gracia
772 1855 1066 1896 Romanorum
1101 1867 1177 1893 rex
1210 1857 1253 1893 et
1286 1866 1460 1907 semper
1493 1853 1704 1905 augustus
1729 1849 1898 1889 dilectis
1933 1847 2132 1888 fidelibus
2159 1846 2245 1886 suis
2270 1845 2406 1885 archi-

203 1925 436 1981 episcopis,
470 1926 701 1980 episcopis,
734 1923 1073 1973 marchionibus,
1110 1922 1353 1972 comitibus,
1389 1920 1622 1966 nobilibus,
1649 1919 1901 1974 capitaneis,
1928 1915 2232 1972 potestatibus,
2256 1928 2408 1954 consu-

201 1995 329 2044 libus,
362 1994 611 2036 civitatibus
644 1999 688 2036 et
720 2008 870 2036 earum
894 1993 1111 2035 communi
1135 1992 1422 2046 omnibusque
1448 1990 1618 2045 imperii
1641 1988 1839 2029 fidelibus
1871 2001 1950 2041 per
1974 1986 2141 2026 Italiam
2167 1984 2410 2024 constitutis

203 2065 386 2120 gratiam
421 2079 542 2105 suam
577 2069 620 2105 et
651 2064 810 2105 bonam
844 2063 1128 2104 voluntatem.

347 2133 563 2189 Equitatis
596 2134 715 2188 regie
750 2133 951 2174 semitam
976 2132 1211 2187 diligenter
1243 2130 1512 2185 investigare
1538 2133 1580 2169 et
1604 2128 1897 2169 subiectorum
1922 2124 2155 2166 commodis
2189 2122 2411 2178 providere

202 2203 508 2244 sollicitudinis
543 2208 689 2244 nostre
723 2217 959 2258 congruum
995 2202 1130 2256 exigit
1162 2200 1446 2256 propositum,
1481 2198 1668 2253 dumque
1703 2197 1911 2237 varietate
1943 2194 2224 2249 negotiorum.
2260 2191 2413 2246 quibus

203 2285 282 2314 nos
314 2272 565 2328 frequenter
604 2272 864 2328 preocupari
905 2285 1084 2313 necesse
1129 2275 1207 2320 est,
1252 2270 1410 2325 exequi
1449 2282 1533 2309 non
1568 2267 1777 2316 valemus,
1819 2265 1954 2305 vicem
1989 2268 2177 2304 nostram
2214 2260 2409 2301 dista-ctis

205 2347 249 2383 et
279 2342 446 2384 idoneis
480 2343 582 2383 viris
615 2342 820 2397 delegare
854 2340 1101 2383 omnimoda
1135 2341 1303 2381 ratione
1344 2340 1650 2379 instauramur.
1714 2335 1929 2383 Quocirca
1962 2330 2234 2374 universitati
2271 2333 2412 2369 vestre

207 2411 409 2453 duximus
442 2411 740 2461 intimandum,
775 2411 886 2466 quod
921 2425 998 2452 nos
1032 2410 1085 2451 de
1120 2408 1358 2465 prudencia
1389 2407 1607 2449 karissimi
1643 2405 1846 2461 principis
1871 2403 2003 2443 nostri
2030 2400 2246 2454 Wolfgeri
2281 2398 2412 2453 patri-

204 2481 335 2523 arche
360 2476 670 2537 Aquilegensis
696 2481 928 2537 plurimum
953 2483 1272 2535 presumentes,
1307 2483 1350 2519 et
1373 2476 1485 2532 quod
1518 2475 1699 2531 imperio
1726 2487 1896 2528 semper
1919 2470 2194 2512 fidelissimus
2220 2467 2413 2508 extiterit

206 2554 249 2592 et
280 2550 403 2592 nobis
436 2564 605 2606 quoque
638 2554 850 2606 perpetuo
884 2543 1188 2591 devotissimus
1223 2562 1320 2589 esse
1354 2547 1514 2587 debeat
1546 2559 1629 2586 non
1668 2543 1869 2584 inmerito
1903 2539 2237 2596 perpendentes.
2273 2537 2411 2591 ipsum

204 2634 282 2676 pro
316 2621 529 2661 communi
571 2620 760 2661 omnium
796 2623 1038 2661 vestrorum
1078 2617 1391 2672 tranquillitate
1432 2619 1473 2656 et
1516 2628 1620 2670 pace
1662 2613 1714 2654 ad
1757 2616 1901 2667 partes
1934 2609 2058 2650 Italie
2102 2606 2410 2648 destinavimus

207 2693 251 2731 et
282 2693 368 2731 tam
402 2690 445 2730 in
468 2689 718 2731 Lonbardia
750 2703 877 2745 quam
911 2703 988 2744 per
1019 2689 1266 2729 universam
1290 2686 1495 2726 Tusciam
1524 2697 1692 2725 necnon
1717 2683 1756 2722 in
1783 2681 1942 2721 ducatu
1969 2678 2131 2734 Spoleti
2157 2683 2199 2717 et
2225 2674 2412 2715 marchia

207 2759 483 2801 Anconitana
515 2764 558 2801 et
588 2759 879 2800 Romaniola³
910 2757 1142 2813 legationis
1180 2759 1325 2796 nostre
1360 2754 1502 2795 officio
1538 2752 1699 2808 perfrui
1733 2750 2029 2806 plenissimam
2055 2747 2133 2787 sibi
2159 2744 2412 2786 donavimus

208 2828 477 2877 facultatem;
525 2829 720 2870 volentes
762 2841 953 2884 quoque,
1002 2832 1049 2867 ut
1096 2827 1190 2881 ipse
1241 2824 1402 2879 absque
1447 2822 1631 2864 alicuius
1673 2818 1971 2875 impedimenti
2013 2816 2211 2857 molestia
2245 2813 2296 2853 (le
2331 2813 2410 2852 hiis

209 2898 408 2940 omnibus
441 2913 486 2940 se
519 2899 793 2948 intromittat,
834 2911 917 2953 que
950 2896 1003 2938 ad
1042 2894 1314 2951 imperialem
1349 2897 1548 2948 spectare
1582 2890 1864 2931 dinoscuntur
1899 2885 2251 2927 iurisdictionem.
2296 2888 2336 2921 et
2371 2881 2411 2920 in

209 2968 316 3024 ipsis
349 2967 620 3009 commodum
654 2971 850 3009 nostrum
874 2966 1047 3007 ordinet
1070 2969 1112 3006 et
1136 2964 1349 3019 disponat.
1401 2961 1659 3002 Mandamus
1682 2959 1812 3013 igitur
1835 2956 1955 2997 vobis
1980 2960 2204 2995 monentes
2230 2957 2271 2992 et
2295 2950 2411 3003 regia

210 3038 467 3079 auctoritate
501 3037 680 3078 firmiter
712 3037 1017 3092 precipientes,
1051 3038 1265 3089 quatenus
1300 3035 1537 3073 memorato
1572 3028 1753 3084 principi
1786 3032 1931 3067 nostro
1965 3021 2209 3079 patriarche
2237 3019 2410 3073 Aquile-

210 3107 334 3161 gensi
366 3121 444 3162 per
476 3107 620 3147 onmia
660 3105 896 3147 intendatis
931 3108 974 3146 et
1007 3103 1139 3145 debiti
1173 3102 1347 3143 honoris
1380 3099 1630 3141 reverentia
1663 3111 1759 3137 eum
1794 3095 2114 3151 prevenientes.
2158 3103 2287 3144 super
2319 3089 2413 3127 uni·

210 3177 347 3217 versis
378 3177 566 3231 negotiis
599 3177 757 3218 vestris
791 3190 873 3230 que
909 3188 1005 3215 cum
1050 3172 1232 3228 imperio
1273 3168 1499 3211 tractanda
1533 3167 1716 3213 habetis,
1759 3172 1977 3218 tamquam
2013 3162 2046 3201 si
2082 3175 2158 3200 nos
2192 3165 2414 3214 presentes

211 3260 419 3298 essemus,
453 3246 506 3287 ad
536 3246 681 3300 ipsum
712 3245 911 3286 habeatis
943 3246 1208 3298 respectum,
1241 3239 1477 3281 certissime
1513 3237 1674 3278 scituri.
1709 3233 1822 3289 quod
1855 3234 1944 3287 ipse
1978 3232 2018 3271 in
2047 3229 2210 3271 cunctis
2236 3226 2414 3281 agendis

211 3316 371 3356 nostris
420 3329 496 3370 pro
542 3315 719 3355 arbitrio
768 3328 845 3355 suo
885 3317 929 3354 et
967 3312 1021 3353 ad
1066 3312 1272 3352 honorem
1306 3308 1474 3363 imperii
1506 3306 1803 3362 plenissimam
1838 3301 1997 3342 habeat
2033 3299 2298 3339 facultatem.
2364 3294 2416 3333 Et

212 3384 404 3440 quicquit
436 3399 492 3425 ex
523 3388 647 3440 parte
681 3387 829 3424 nostra
857 3383 1014 3424 fecerit
1048 3380 1114 3420 vel
1147 3379 1347 3433 cuiquam
1381 3375 1641 3432 promiserit,
1675 3387 1752 3413 nos
1789 3377 1925 3412 ratum
1958 3368 2204 3410 tenebimus
2239 3371 2281 3406 et
2303 3363 2414 3419 apud

214 3454 500 3495 emineneiam
529 3458 721 3494 nostram
754 3452 932 3508 perenni
966 3450 1174 3506 gaudebit
1205 3448 1421 3489 firmitate.
1485 3444 1553 3485 Ad
1587 3443 1707 3484 cuius
1741 3441 1801 3482 rei
1833 3444 1993 3480 certam
2019 3436 2286 3478 evidenciam
2320 3448 2414 3488 pre-

215 3526 380 3564 sentem
413 3523 616 3578 paginam
652 3522 866 3564 conscribi
898 3526 941 3561 et
974 3534 1106 3561 aurea
1137 3518 1256 3559 bulla
1288 3521 1436 3557 nostra
1469 3513 1671 3554 iussimus
1704 3509 1910 3564 insigniri.

358 3591 518 3633 Datum
552 3596 656 3647 aput
688 3592 948 3646 Augustam,
981 3588 1132 3630 Idibus
1163 3584 1368 3636 Ianuarii‚
1401 3582 1634 3624 indictione
1667 3579 1769 3621 XII.

352 3683 414 3718 28.
447 3684 479 3726 ²)
505 3685 705 3718 Romaniole
731 3696 757 3717 c.

351 3757 400 3782 ιι.
427 3756 716 3781 αοΝεΤιΤυΤιοΝεε
734 3756 770 3780 11.
