2558 3970
99 1267 130 1292 10

96 1774 127 1798 15

98 2174 131 2200 20

97 2510 128 2536 25

99 2861 132 2886 30

101 3204 133 3231 ³5

674 152 918 188 FRIDERICI
946 154 991 188 11.
1018 154 1451 189 CONs'rl'rUTIONES.
1505 156 1601 189 1218.
1652 154 1714 189 Nr.
1732 156 1787 190 61.
1815 156 1868 190 (32.
2318 160 2368 198 75

315 269 381 309 Fr.
416 268 497 308 Dei
536 270 675 323 gratia
716 268 1005 309 Romanorum
1054 284 1127 309 rex
1169 284 1340 324 semper
1379 275 1589 322 augustus
1629 277 1669 309 et
1711 285 1786 310 rex
1830 272 1976 311 Sicilie
2019 272 2232 311 universis
2275 287 2371 326 pre-

170 341 334 379 sentem
367 338 570 392 paginam
604 338 865 392 inspecturis
899 337 1100 378 fidelibus
1134 339 1222 378 suis
1255 339 1436 389 gratiam
1472 352 1591 378 suam
1618 346 1659 379 et
1685 353 1810 379 omne
1838 340 2010 381 bonum.
2068 340 2371 393 Significanius

169 406 306 457 vobis,
341 406 470 447 talem
503 407 544 446 in
578 406 797 460 presentia
830 411 977 446 nostra
1012 420 1088 460 per
1122 407 1335 461 principes
1370 413 1411 446 et
1446 415 1670 459 magnates
1703 409 1871 462 imperii
1909 409 2038 448 latam
2074 423 2171 448 esse
2196 415 2370 448 senten-

169 476 293 516 tiam:
343 474 456 530 quod
504 475 539 515 si
581 475 691 515 forte
733 475 862 514 alicui
906 488 981 529 per
1021 475 1283 515 cirothecam
1328 482 1517 515 nostram
1563 476 1869 516 contulerimus
1915 478 2051 517 forum
2087 478 2271 517 annuale
2306 477 2372 516 vol

170 543 455 598 septimanale
497 544 536 584 in
579 543 723 598 aliquo
765 544 872 589 loco,
915 542 1025 598 quod
1068 558 1212 583 comes
1254 548 1327 584 aut
1366 544 1476 584 alius
1522 544 1651 584 iudex
1694 546 1847 600 aliquis
1883 546 1995 585 illius
2038 547 2255 600 provincie
2291 560 2372 585 non

169 611 326 653 debeat
370 612 457 652 illic
502 612 661 654 habere
700 612 1045 653 iurisdiccionem
1081 613 1147 652 vel
1182 613 1369 666 aliquam
1405 619 1666 667 potestatem
1703 614 1908 668 muniendi
1943 615 2169 654 mah-fivia.
2232 616 2306 653 Set
2341 615 2373 653 si

167 681 278 721 forte
324 681 432 721 latro
467 682 533 721 vel
575 682 641 721 fur
678 687 751 721 aut
793 681 903 721 alius
947 682 1168 722 maleficus
1211 681 1263 721 ad
1305 689 1484 721 mortem
1529 683 1658 721 fuerit
1706 683 2060 737 condempnatus.
2105 684 2248 723 comiti
2283 684 2373 722 sive

167 750 296 791 iudici
330 751 583 805 provinciali
616 750 668 790 de
701 750 794 790 loco
827 750 899 790 illo
933 751 1014 791 erit
1046 750 1364 804 presentandus
1398 750 1451 790 ad
1484 751 1698 790 sententie
1735 752 1772 790 in
1810 765 1907 791 euin
1941 751 2026 790 late
2052 751 2371 791 executionem.

283 818 380 859 Dat.
415 819 526 874 apud
564 818 829 874 Winpinam,
866 819 941 859 xl.
976 818 1073 859 Kal.
1111 819 1237 870 Aug..
1273 819 1497 859 in‹1i‹·.V1'.

297 1240 387 1308 62.
445 1235 1107 1307 SENTENTIA
1160 1234 1633 1307 CONTRA
1693 1235 2244 1308 CONSIIAA

494 1350 1121 1422 CIVITATUM
1175 1351 2046 1423 EPISGOPAMUM.

1055 1477 1198 1525 1218.
1238 1478 1372 1536 Sept.
1409 1478 1482 1524 13.

305 1623 377 1666 Ex
428 1621 683 1675 antoqrapho
735 1622 938 1663 tabularii
992 1622 1174 1663 civitatis
1222 1622 1495 1672 Basilica-sis,
1552 1622 1663 1674 quod
1708 1621 1925 1673 descripsit
1973 1621 2011 1663 b.
2040 1635 2088 1662 m.
2129 1621 2373 1663 lVilleelmus

169 1693 479 1746 Wackernayel,
519 1706 546 1733 a
578 1690 742 1732 Perteio
783 1691 936 1732 editam
973 1693 1247 1743 proponimus
1289 1692 1440 1732 collata
1482 1691 1658 1731 editione
1698 1690 1923 1730 novissima
1970 1692 2007 1730 ct
2052 1690 2370 1731 accuratissima

164 1763 263 1805 libre·
284 1760 634 1805 ‘Urkzmdcnbztclz
657 1760 730 1801 cler
753 1760 877 1802 Stadt
898 1760 1039 1802 Bascl'
1065 1760 1101 1810 I,
1126 1764 1178 1800 (51
1210 1774 1277 1804 m.
1304 1761 1372 1802 92.
1408 1787 1461 1790 —
1496 1759 1944 1801 Hecz'llarcl-Brclwllcs
1966 1759 2114 1809 1558.
2177 1758 2371 1808 Βό]ιυιω·,

164 1831 266 1886 Rey.
297 1832 396 1884 inm.
423 1830 468 1881 V,
491 1830 586 1871 949.
2017 1827 2087 1880 (P.
2110 1829 2229 1879 229.)

309 1946 408 2002 {In
451 1946 623 1987 nomine
658 1949 803 1995 sancte
842 1949 885 1986 et
925 1945 1146 1987 individue
1187 1945 1425 1987 Trinitatis.
1488 1944 1735 1986 Fridericus
1778 1943 1992 1985 secundus
2026 1943 2168 1983 divina
2201 1943 2374 1983 favente

170 2016 400 2058 clementia
431 2015 725 2056 Romanorum
759 2028 834 2055 rex
869 2029 1041 2070 semper
1073 2020 1282 2069 augustus
1317 2020 1359 2056 et
1391 2028 1469 2056 rex
1497 2011 1710 2069 Sycilie.}'{
1830 2012 1894 2053 Ea
1927 2027 2006 2067 que
2039 2011 2092 2052 ad
2125 2012 2371 2052 libertatem

167 2085 452 2127 ecclesiarum
494 2097 662 2125 necnon
705 2083 758 2124 ad
800 2083 1026 2125 commoda
1066 2088 1110 2125 et
1152 2084 1361 2125 honorem
1403 2097 1477 2125 seu
1510 2083 1702 2124 debitam
1742 2082 1987 2137 principum
2021 2085 2149 2136 atque
2183 2080 2372 2121 fidelium

165 2158 410 2196 nostrorum
450 2154 640 2208 quietem
683 2167 827 2194 coram
868 2154 1104 2195 eminentia
1134 2154 1252 2208 regia
1290 2154 1405 2194 iusto
1440 2152 1602 2194 ordinis
1636 2165 1843 2207 processu
1876 2150 1928 2191 de
1962 2150 2140 2190 consilio
2175 2154 2217 2190 et
2251 2163 2370 2190 cons-

167 2237 299 2265 sensu
319 2223 561 2278 principum
584 2222 753 2277 imperii
776 2223 1074 2275 terminantur,
1106 2226 1362 2278 perpetuam
1387 2237 1412 2263 a
1439 2221 1563 2263 nobis
1587 2224 1808 2262 merentur
1829 2220 2028 2275 recipere
2051 2218 2373 2259 firmitudinem.

168 2291 440 2334 Constitutus
485 2305 628 2333 coram
676 2291 798 2346 regia
839 2291 1098 2333 celsitudine
1148 2296 1191 2332 et
1230 2305 1374 2333 coram
1413 2291 1561 2332 multis
1608 2290 1778 2344 imperii
1819 2288 2099 2344 principibus,
2140 2286 2372 2329 baronibus

167 2365 294 2417 atque
341 2360 556 2402 nobilibus
604 2359 787 2402 dilectus
825 2361 1025 2416 princeps
1065 2365 1214 2402 noster
1252 2361 1486 2402 Heinricus
1525 2359 1784 2400 Basiliensis
1830 2359 2057 2413 episcopus
2098 2370 2193 2397 cum
2234 2356 2370 2396 multa

164 2430 372 2473 instantia
413 2429 662 2486 postulavit,
707 2443 783 2485 per
816 2430 1076 2471 sententiam
1110 2430 1286 2484 requiri:
1332 2431 1366 2470 si
1398 2429 1468 2471 vel
1501 2442 1578 2470 nos
1612 2429 1681 2469 vel
1713 2428 1824 2468 alius
1859 2427 2013 2481 aliquis
2047 2438 2270 2481 possemus
2304 2425 2371 2465 vel

165 2497 424 2540 deberemus
472 2499 515 2538 in
555 2498 742 2550 civitate,
784 2499 850 2539 eui
893 2499 988 2554 ipse
1031 2500 1257 2555 episcopus
1301 2504 1461 2554 preest,
1510 2497 1740 2539 consilium
1785 2496 1967 2537 civitatis
2006 2495 2234 2535 instituere
2279 2494 2371 2533 sinc

162 2567 298 2623 ipsius
339 2567 532 2623 episcopi
573 2567 793 2608 voluntate
835 2571 877 2608 et
919 2581 1116 2609 assensu.
1186 2567 1255 2608 Ad
1296 2568 1416 2608 cuius
1457 2580 1543 2607 non
1583 2565 1797 2606 modicam
1837 2564 2088 2605 instantiam
2132 2576 2226 2603 cum
2270 2575 2367 2616 pre-

164 2635 348 2677 dilectus
393 2636 596 2692 princeps
646 2640 794 2677 noster
834 2635 1128 2678 Theodericus
1178 2636 1440 2678 venerabilis
1481 2635 1776 2677 Treuirorum
1811 2633 2167 2688 archiepiscopus
2215 2631 2370 2671 fuisset

165 2718 296 2760 super
325 2705 406 2746 hoc
438 2718 463 2745 a
494 2704 618 2746 nobis
653 2705 909 2759 requisitus,
944 2706 1037 2760 ipse
1073 2720 1167 2746 cum
1201 2705 1514 2747 deliberatione
1552 2719 1630 2760 per
1663 2703 1925 2745 sententiam
1956 2700 2128 2741 indixit:
2171 2713 2247 2740 nos
2282 2712 2361 2739 nec

165 2787 294 2828 posse
326 2788 407 2815 nec
439 2773 599 2815 debere
632 2774 676 2814 in
710 2773 883 2815 civitate
917 2773 1100 2829 predicti
1134 2775 1341 2831 principis
1365 2774 1623 2815 Basiliensis
1657 2773 1758 2813 dare
1783 2772 1848 2812 vel
1879 2771 2104 2811 instituere
2141 2768 2367 2809 consilium

168 2843 275 2884 citra
318 2842 512 2885 eiusdem
552 2842 746 2898 episcopi
792 2857 1018 2884 assensum
1059 2848 1102 2885 et
1141 2845 1413 2885 voluntatem
1460 2847 1589 2898 atque
1639 2854 1813 2882 suorum
1854 2841 1895 2880 in
1936 2838 2087 2879 eodem
2129 2836 2369 2892 principatu

167 2925 480 2954 successorum.
556 2911 690 2952 Facta
736 2911 868 2966 igitur
916 2912 1152 2953 secundum
1201 2913 1305 2954 iuris
1358 2912 1554 2954 ordinem
1602 2910 1882 2966 inquisitione
1931 2922 2009 2964 per
2056 2906 2249 2961 singulos
2297 2905 2367 2959 qui

167 2979 359 3030 aderant,
406 2985 494 3022 tam
542 2994 567 3021 a
613 2980 881 3036 principibus
929 2995 1056 3036 quam
1102 2982 1324 3023 nobilibus
1371 2986 1414 3023 et
1459 2980 1693 3022 baronibus
1742 2977 2008 3033 singulisque
2057 2976 2126 3030 qui
2172 2973 2365 3023 aderant,

168 3050 383 3091 sententia
428 3049 714 3104 arciepiscopi
755 3049 836 3090 fuit
880 3063 958 3104 per
1005 3050 1357 3092 subsecutionem
1402 3050 1666 3106 proclamata
1707 3052 1750 3088 et
1789 3046 2053 3088 confirmata.
2116 3043 2204 3084 Nos
2239 3043 2367 3084 etiam

166 3122 384 3175 tamquam
432 3119 570 3159 iustus
610 3117 744 3158 iudex
783 3117 836 3159 de
882 3118 1031 3160 innata
1075 3119 1201 3160 nobis
1241 3120 1362 3174 regia
1408 3118 1798 3173 circumspectione
1844 3114 2021 3155 candem
2075 3112 2365 3168 approbantes

169 3189 428 3230 sententiam
459 3188 702 3242 iustamque
735 3186 1032 3239 decernentes,
1067 3188 1307 3241 consilium,
1340 3188 1454 3243 quod
1476 3185 1743 3241 usquemodo
1769 3181 2169 3239 quocumquemodo
2193 3181 2366 3229 Basilee

163 3256 255 3310 fuit,
293 3270 561 3305 revocamus,
600 3255 852 3310 deponimus
890 3269 939 3297 ac
972 3257 1165 3298 totaliter
1196 3257 1470 3312 infringimus
1520 3260 1649 3309 atque
1691 3252 1965 3309 privilegium
2004 3254 2213 3299 nostrum,
2255 3247 2365 3303 quod

166 3324 266 3367 inde
296 3326 461 3367 habent
491 3325 773 3375 Basilienses,
813 3338 1036 3366 cassamus
1077 3326 1250 3367 omnino
1293 3340 1372 3367 nec
1413 3339 1463 3366 eo
1504 3325 1622 3380 ipsos
1667 3323 1719 3363 de
1753 3324 1895 3362 cetero
1927 3321 1989 3360 uti
2021 3320 2234 3360 volumus.
2297 3316 2365 3357 Ad

166 3395 373 3435 maiorem
412 3398 557 3435 autem
599 3394 737 3448 gratie
777 3407 826 3435 ac
865 3393 1108 3435 dilectionis
1147 3399 1289 3444 nostre
1329 3395 1440 3435 circa
1479 3395 1765 3434 memoratum
1807 3390 2058 3445 episcopum
2104 3386 2366 3428 evidentiam

167 3463 381 3514 nolumus,
413 3463 542 3504 immo
566 3463 646 3504 sub
680 3463 808 3518 plena
829 3463 968 3517 gratie
991 3468 1136 3505 nostre
1158 3464 1508 3504 interminatione
1533 3461 1703 3502 omnino
1728 3459 1983 3509 inhibemus,
2017 3470 2070 3497 ne
2094 3456 2363 3497 Basilienses

98 3546 133 3572 ιο
167 3531 220 3575 de
243 3536 387 3574 cetero
410 3532 635 3573 consilium
658 3532 727 3573 vel
748 3532 937 3587 aliquam
959 3532 1277 3574 institutionem
1299 3546 1468 3584 novam,
1492 3542 1762 3586 quocumque
1786 3528 1959 3568 nomine
1981 3525 2119 3581 possit
2142 3523 2363 3579 appellari,

167 3599 321 3642 fatiant
360 3604 434 3642 aut
480 3601 708 3641 instituant
750 3601 841 3642 sine
888 3601 1084 3657 episcopi
1127 3602 1194 3643 sui
1233 3616 1416 3643 assensu
1456 3604 1499 3641 et
1531 3599 1763 3640 voluntate.
1833 3594 2119 3637 Decernimus
2159 3594 2286 3647 igitur
2322 3596 2365 3631 et

167 3674 376 3724 perpetuo
418 3670 738 3711 observandum
776 3669 1029 3721 iudicamus
1072 3685 1126 3712 ne
1166 3672 1311 3726 aliqua
1347 3684 1535 3725 persona
1573 3667 1745 3709 humilis
1780 3666 1848 3706 vel
1886 3665 1986 3715 alta,
2032 3663 2238 3704 secularis
2273 3661 2363 3701 sive

2023 3734 2091 3770 10*
