<?xml version="1.0" encoding="UTF-8"?>
<!DOCTYPE html PUBLIC "-//W3C//DTD XHTML 1.0 Transitional//EN"
    "http://www.w3.org/TR/xhtml1/DTD/xhtml1-transitional.dtd">
<html xmlns="http://www.w3.org/1999/xhtml" xml:lang="en" lang="en">
 <head>
  <title>
</title>
<meta http-equiv="Content-Type" content="text/html;charset=utf-8" />
  <meta name='ocr-system' content='tesseract 3.04.00' />
  <meta name='ocr-capabilities' content='ocr_page ocr_carea ocr_par ocr_line ocrx_word'/>
</head>
<body>
  <div class='ocr_page' id='page_1' title='image "./monumentager02geseuoft_0326.png"; bbox 0 0 2558 3970; ppageno 0'>
   <div class='ocr_carea' id='block_1_1' title="bbox 229 151 2003 200">
    <p class='ocr_par' dir='ltr' id='par_1_1' title="bbox 229 151 2003 200">
     <span class='ocr_line' id='line_1_1' title="bbox 229 151 2003 200; baseline -0.001 -10"><span class='ocrx_word' id='word_1_1' title='bbox 229 161 310 200; x_wconf 73' lang='lat' dir='ltr'>28ss</span> <span class='ocrx_word' id='word_1_2' title='bbox 638 155 877 189; x_wconf 72' lang='lat' dir='ltr'>FRIDERJCI</span> <span class='ocrx_word' id='word_1_3' title='bbox 902 154 948 189; x_wconf 92' lang='lat' dir='ltr'>II.</span> <span class='ocrx_word' id='word_1_4' title='bbox 974 151 1403 188; x_wconf 83' lang='lat' dir='ltr'>CONSTITUTIONES.</span> <span class='ocrx_word' id='word_1_5' title='bbox 1455 151 1552 186; x_wconf 78' lang='lat'>1238.</span> <span class='ocrx_word' id='word_1_6' title='bbox 1592 152 1690 187; x_wconf 70' lang='lat'>1239.</span> <span class='ocrx_word' id='word_1_7' title='bbox 1741 152 1803 186; x_wconf 91' lang='lat' dir='ltr'>Nr.</span> <span class='ocrx_word' id='word_1_8' title='bbox 1821 153 1898 187; x_wconf 77' lang='lat'><strong>212.</strong></span> <span class='ocrx_word' id='word_1_9' title='bbox 1926 153 2003 188; x_wconf 81' lang='lat'>213.</span> 
     </span>
    </p>
   </div>
   <div class='ocr_carea' id='block_1_2' title="bbox 230 267 2416 519">
    <p class='ocr_par' dir='ltr' id='par_1_2' title="bbox 231 267 2416 395">
     <span class='ocr_line' id='line_1_2' title="bbox 231 267 2416 322; baseline -0.002 -9"><span class='ocrx_word' id='word_1_10' title='bbox 231 288 276 314; x_wconf 86' lang='lat' dir='ltr'>se</span> <span class='ocrx_word' id='word_1_11' title='bbox 317 272 482 313; x_wconf 79' lang='lat' dir='ltr'>noverit</span> <span class='ocrx_word' id='word_1_12' title='bbox 520 272 799 311; x_wconf 79' lang='lat' dir='ltr'>incursurum.</span> <span class='ocrx_word' id='word_1_13' title='bbox 871 268 964 309; x_wconf 70' lang='lat' dir='ltr'>Ade</span> <span class='ocrx_word' id='word_1_14' title='bbox 1007 270 1124 309; x_wconf 83' lang='lat' dir='ltr'>cuius</span> <span class='ocrx_word' id='word_1_15' title='bbox 1164 267 1458 309; x_wconf 83' lang='lat' dir='ltr'>revocaeionis</span> <span class='ocrx_word' id='word_1_16' title='bbox 1500 267 1748 307; x_wconf 81' lang='lat' dir='ltr'>memoriam</span> <span class='ocrx_word' id='word_1_17' title='bbox 1790 281 1969 321; x_wconf 86' lang='lat' dir='ltr'>presens</span> <span class='ocrx_word' id='word_1_18' title='bbox 2007 267 2215 322; x_wconf 87' lang='lat' dir='ltr'>scriptum</span> <span class='ocrx_word' id='word_1_19' title='bbox 2247 267 2339 307; x_wconf 90' lang='lat' dir='ltr'>fieri</span> <span class='ocrx_word' id='word_1_20' title='bbox 2373 271 2416 308; x_wconf 89' lang='lat' dir='ltr'>et</span> 
     </span>
     <span class='ocr_line' id='line_1_3' title="bbox 231 337 1444 395; baseline -0.004 -13"><span class='ocrx_word' id='word_1_21' title='bbox 231 343 372 395; x_wconf 81' lang='lat' dir='ltr'>sigillo</span> <span class='ocrx_word' id='word_1_22' title='bbox 405 346 549 381; x_wconf 80' lang='lat' dir='ltr'>nostre</span> <span class='ocrx_word' id='word_1_23' title='bbox 583 338 850 380; x_wconf 68' lang='lat' dir='ltr'>celsitudinis</span> <span class='ocrx_word' id='word_1_24' title='bbox 887 338 1064 378; x_wconf 80' lang='lat' dir='ltr'>fecimus</span> <span class='ocrx_word' id='word_1_25' title='bbox 1097 337 1302 378; x_wconf 86' lang='lat' dir='ltr'>roborari.</span> <span class='ocrx_word' id='word_1_26' title='bbox 1440 379 1444 385; x_wconf 75' lang='grc'><strong>,</strong></span> 
     </span>
    </p>

    <p class='ocr_par' dir='ltr' id='par_1_3' title="bbox 230 403 2415 519">
     <span class='ocr_line' id='line_1_4' title="bbox 372 403 2415 457; baseline -0.001 -8"><span class='ocrx_word' id='word_1_27' title='bbox 372 409 483 449; x_wconf 82' lang='lat' dir='ltr'>Data</span> <span class='ocrx_word' id='word_1_28' title='bbox 519 408 749 449; x_wconf 62' lang='lat' dir='ltr'>cremone.</span> <span class='ocrx_word' id='word_1_29' title='bbox 798 420 908 446; x_wconf 88' lang='lat' dir='ltr'>auno</span> <span class='ocrx_word' id='word_1_30' title='bbox 951 405 1164 446; x_wconf 89' lang='lat' dir='ltr'>dominice</span> <span class='ocrx_word' id='word_1_31' title='bbox 1205 405 1518 445; x_wconf 80' lang='lat' dir='ltr'>incarnacionis</span> <span class='ocrx_word' id='word_1_32' title='bbox 1552 403 1932 456; x_wconf 82' lang='lat' dir='ltr'>MOOXXXVIII,</span> <span class='ocrx_word' id='word_1_33' title='bbox 1980 418 2128 445; x_wconf 89' lang='lat' dir='ltr'>mense</span> <span class='ocrx_word' id='word_1_34' title='bbox 2169 404 2415 457; x_wconf 87' lang='lat' dir='ltr'>Novembr.‚</span> 
     </span>
     <span class='ocr_line' id='line_1_5' title="bbox 230 477 626 519; baseline -0.003 0"><span class='ocrx_word' id='word_1_35' title='bbox 230 479 355 519; x_wconf 68' lang='lat' dir='ltr'>X110.</span> <span class='ocrx_word' id='word_1_36' title='bbox 386 477 626 518; x_wconf 86' lang='lat' dir='ltr'>indicionis.</span> 
     </span>
    </p>
   </div>
   <div class='ocr_carea' id='block_1_3' title="bbox 1073 600 1586 603">
    <p class='ocr_par' dir='ltr' id='par_1_4' title="bbox 1073 600 1586 603">
     <span class='ocr_line' id='line_1_6' title="bbox 1073 600 1586 603; baseline 0 0"><span class='ocrx_word' id='word_1_37' title='bbox 1073 600 1586 603; x_wconf 95' lang='lat' dir='ltr'> </span> 
     </span>
    </p>
   </div>
   <div class='ocr_carea' id='block_1_4' title="bbox 232 807 2417 985">
    <p class='ocr_par' dir='ltr' id='par_1_5' title="bbox 232 807 2400 985">
     <span class='ocr_line' id='line_1_7' title="bbox 981 807 1669 880; baseline 0 -2"><span class='ocrx_word' id='word_1_38' title='bbox 981 812 1109 880; x_wconf 67' lang='lat'>013</span> <span class='ocrx_word' id='word_1_39' title='bbox 1163 807 1669 878; x_wconf 81' lang='lat' dir='ltr'><strong>EDICTUM</strong></span> 
     </span>
     <span class='ocr_line' id='line_1_8' title="bbox 232 910 2417 985; baseline -0.001 -1"><span class='ocrx_word' id='word_1_40' title='bbox 232 913 677 985; x_wconf 61' lang='lat' dir='ltr'>CONTRA</span> <span class='ocrx_word' id='word_1_41' title='bbox 754 910 1338 983; x_wconf 84' lang='lat' dir='ltr'>[NFIDELES</span> <span class='ocrx_word' id='word_1_42' title='bbox 1409 910 1840 981; x_wconf 79' lang='lat' dir='ltr'>IMPERII</span> <span class='ocrx_word' id='word_1_43' title='bbox 1903 910 2417 982; x_wconf 81' lang='lat' dir='ltr'>ITALIOOS</span> 
     </span>
    </p>
   </div>
   <div class='ocr_carea' id='block_1_5' title="bbox 1140 1035 1510 1094">
    <p class='ocr_par' dir='ltr' id='par_1_6' title="bbox 1140 1035 1510 1094">
     <span class='ocr_line' id='line_1_9' title="bbox 1140 1035 1510 1094; baseline -0.003 -12"><span class='ocrx_word' id='word_1_44' title='bbox 1140 1037 1307 1094; x_wconf 74' lang='lat'>(10239.</span> <span class='ocrx_word' id='word_1_45' title='bbox 1346 1035 1510 1093; x_wconf 86' lang='lat' dir='ltr'>Febr.)</span> 
     </span>
    </p>
   </div>
   <div class='ocr_carea' id='block_1_6' title="bbox 230 1167 2426 1982">
    <p class='ocr_par' dir='ltr' id='par_1_7' title="bbox 230 1167 2426 1982">
     <span class='ocr_line' id='line_1_10' title="bbox 373 1167 2423 1223; baseline -0.001 -11"><span class='ocrx_word' id='word_1_46' title='bbox 373 1172 579 1220; x_wconf 59' lang='lat' dir='ltr'>Edictum,</span> <span class='ocrx_word' id='word_1_47' title='bbox 611 1170 719 1223; x_wconf 70' lang='lat' dir='ltr'>quod</span> <span class='ocrx_word' id='word_1_48' title='bbox 746 1169 968 1210; x_wconf 68' lang='lat' dir='ltr'>seeundum</span> <span class='ocrx_word' id='word_1_49' title='bbox 990 1183 1020 1210; x_wconf 72' lang='lat' dir='ltr'>c.</span> <span class='ocrx_word' id='word_1_50' title='bbox 1045 1170 1094 1208; x_wconf 80' lang='lat'>10</span> <span class='ocrx_word' id='word_1_51' title='bbox 1115 1169 1282 1209; x_wconf 64' lang='lat' dir='ltr'>statutis</span> <span class='ocrx_word' id='word_1_52' title='bbox 1306 1168 1569 1221; x_wconf 65' lang='lat' dir='ltr'>singyeclarmn</span> <span class='ocrx_word' id='word_1_53' title='bbox 1592 1168 1804 1209; x_wconf 70' lang='lat' dir='ltr'>civitatum</span> <span class='ocrx_word' id='word_1_54' title='bbox 1826 1167 2091 1208; x_wconf 60' lang='lat' dir='ltr'>inserendam</span> <span class='ocrx_word' id='word_1_55' title='bbox 2119 1172 2222 1220; x_wconf 69' lang='lat' dir='ltr'>erat,</span> <span class='ocrx_word' id='word_1_56' title='bbox 2254 1184 2293 1211; x_wconf 78' lang='lat' dir='ltr'>a.</span> <span class='ocrx_word' id='word_1_57' title='bbox 2313 1170 2423 1211; x_wconf 79' lang='lat'><em>1239</em></span> 
     </span>
     <span class='ocr_line' id='line_1_11' title="bbox 233 1236 2425 1290; baseline -0 -10"><span class='ocrx_word' id='word_1_58' title='bbox 233 1241 316 1281; x_wconf 65' lang='lat' dir='ltr'>ind.</span> <span class='ocrx_word' id='word_1_59' title='bbox 347 1241 431 1281; x_wconf 80' lang='lat' dir='ltr'>IX.</span> <span class='ocrx_word' id='word_1_60' title='bbox 465 1241 656 1281; x_wconf 44' lang='lat' dir='ltr'>vulteum</span> <span class='ocrx_word' id='word_1_61' title='bbox 697 1252 780 1279; x_wconf 71' lang='lat' dir='ltr'>esso</span> <span class='ocrx_word' id='word_1_62' title='bbox 819 1238 1008 1279; x_wconf 69' lang='lat' dir='ltr'>docemur</span> <span class='ocrx_word' id='word_1_63' title='bbox 1047 1238 1152 1278; x_wconf 74' lang='lat' dir='ltr'>libro</span> <span class='ocrx_word' id='word_1_64' title='bbox 1189 1240 1439 1278; x_wconf 44' lang='lat' dir='ltr'>statutorum,</span> <span class='ocrx_word' id='word_1_65' title='bbox 1469 1236 1833 1290; x_wconf 58' lang='lat' dir='ltr'>Beryamemtmn,</span> <span class='ocrx_word' id='word_1_66' title='bbox 1874 1236 1946 1277; x_wconf 74' lang='lat' dir='ltr'>ubi</span> <span class='ocrx_word' id='word_1_67' title='bbox 1982 1237 2141 1288; x_wconf 63' lang='lat' dir='ltr'>Zeqitm,</span> <span class='ocrx_word' id='word_1_68' title='bbox 2181 1239 2314 1290; x_wconf 73' lang='lat' dir='ltr'>ipsum</span> <span class='ocrx_word' id='word_1_69' title='bbox 2354 1239 2425 1280; x_wconf 74' lang='lat' dir='ltr'>hoc</span> 
     </span>
     <span class='ocr_line' id='line_1_12' title="bbox 231 1305 2422 1361; baseline -0 -12"><span class='ocrx_word' id='word_1_70' title='bbox 231 1313 408 1360; x_wconf 55' lang='lat' dir='ltr'>(empore</span> <span class='ocrx_word' id='word_1_71' title='bbox 443 1310 482 1349; x_wconf 74' lang='lat' dir='ltr'>in</span> <span class='ocrx_word' id='word_1_72' title='bbox 516 1309 686 1350; x_wconf 61' lang='lat' dir='ltr'>consilio</span> <span class='ocrx_word' id='word_1_73' title='bbox 718 1309 897 1349; x_wconf 63' lang='lat' dir='ltr'>eia-itatis</span> <span class='ocrx_word' id='word_1_74' title='bbox 930 1309 1088 1358; x_wconf 65' lang='lat' dir='ltr'>lectum,</span> <span class='ocrx_word' id='word_1_75' title='bbox 1119 1307 1393 1361; x_wconf 68' lang='lat' dir='ltr'>approbatum</span> <span class='ocrx_word' id='word_1_76' title='bbox 1424 1310 1461 1347; x_wconf 71' lang='lat' dir='ltr'>et</span> <span class='ocrx_word' id='word_1_77' title='bbox 1490 1307 1735 1348; x_wconf 64' lang='lat' dir='ltr'>delimatam</span> <span class='ocrx_word' id='word_1_78' title='bbox 1764 1318 1859 1347; x_wconf 78' lang='lat'><em>(3330.</em></span> <span class='ocrx_word' id='word_1_79' title='bbox 1911 1305 2083 1359; x_wconf 63' lang='lat' dir='ltr'>Leqitm</span> <span class='ocrx_word' id='word_1_80' title='bbox 2107 1307 2346 1348; x_wconf 38' lang='lat' dir='ltr'>etiamofmnc</span> <span class='ocrx_word' id='word_1_81' title='bbox 2375 1308 2422 1348; x_wconf 74' lang='lat' dir='ltr'>in</span> 
     </span>
     <span class='ocr_line' id='line_1_13' title="bbox 239 1375 2424 1427; baseline -0 -10"><span class='ocrx_word' id='word_1_82' title='bbox 239 1378 275 1421; x_wconf 69' lang='lat' dir='ltr'>l&gt;</span> <span class='ocrx_word' id='word_1_83' title='bbox 318 1378 443 1418; x_wconf 76' lang='lat' dir='ltr'>Libro</span> <span class='ocrx_word' id='word_1_84' title='bbox 483 1381 730 1418; x_wconf 60' lang='lat' dir='ltr'>statutorum</span> <span class='ocrx_word' id='word_1_85' title='bbox 763 1377 1080 1418; x_wconf 59' lang='lat' dir='ltr'>Vei-cellensium</span> <span class='ocrx_word' id='word_1_86' title='bbox 1119 1389 1221 1418; x_wconf 76' lang='lat' dir='ltr'>soce.</span> <span class='ocrx_word' id='word_1_87' title='bbox 1245 1375 1384 1416; x_wconf 85' lang='lat' dir='ltr'><strong><em>XIII.</em></strong></span> <span class='ocrx_word' id='word_1_88' title='bbox 1416 1375 1532 1425; x_wconf 66' lang='lat' dir='ltr'>mod„</span> <span class='ocrx_word' id='word_1_89' title='bbox 1573 1375 1646 1427; x_wconf 73' lang='lat' dir='ltr'>qui</span> <span class='ocrx_word' id='word_1_90' title='bbox 1684 1375 1730 1415; x_wconf 71' lang='lat' dir='ltr'>in</span> <span class='ocrx_word' id='word_1_91' title='bbox 1768 1375 1977 1416; x_wconf 69' lang='lat' dir='ltr'>tabulario</span> <span class='ocrx_word' id='word_1_92' title='bbox 2014 1376 2261 1427; x_wconf 60' lang='lat' dir='ltr'>onumssez‘pala‘</span> <span class='ocrx_word' id='word_1_93' title='bbox 2291 1388 2424 1416; x_wconf 76' lang='lat' dir='ltr'>asser-</span> 
     </span>
     <span class='ocr_line' id='line_1_14' title="bbox 235 1443 2426 1500; baseline 0 -15"><span class='ocrx_word' id='word_1_94' title='bbox 235 1450 366 1488; x_wconf 56' lang='grc' dir='ltr'>Γαΐαν.</span> <span class='ocrx_word' id='word_1_95' title='bbox 399 1450 489 1487; x_wconf 52' lang='lat' dir='ltr'>time.</span> <span class='ocrx_word' id='word_1_96' title='bbox 514 1447 548 1489; x_wconf 85' lang='lat' dir='ltr'><strong><em>I.</em></strong></span> <span class='ocrx_word' id='word_1_97' title='bbox 583 1447 660 1500; x_wconf 77' lang='lat' dir='ltr'>sol.</span> <span class='ocrx_word' id='word_1_98' title='bbox 686 1449 750 1496; x_wconf 65' lang='lat'>64,</span> <span class='ocrx_word' id='word_1_99' title='bbox 791 1445 862 1485; x_wconf 61' lang='lat' dir='ltr'>&lt;ubi</span> <span class='ocrx_word' id='word_1_100' title='bbox 902 1446 1146 1497; x_wconf 65' lang='lat' dir='ltr'>inscriptum</span> <span class='ocrx_word' id='word_1_101' title='bbox 1184 1447 1261 1485; x_wconf 73' lang='lat' dir='ltr'>est:</span> <span class='ocrx_word' id='word_1_102' title='bbox 1309 1443 1571 1485; x_wconf 80' lang='lat' dir='ltr'>Constitutio</span> <span class='ocrx_word' id='word_1_103' title='bbox 1613 1443 1772 1484; x_wconf 89' lang='lat' dir='ltr'>domini</span> <span class='ocrx_word' id='word_1_104' title='bbox 1812 1444 2100 1499; x_wconf 83' lang='lat' dir='ltr'>imperatoris;</span> <span class='ocrx_word' id='word_1_105' title='bbox 2139 1458 2190 1485; x_wconf 74' lang='lat' dir='ltr'>ex</span> <span class='ocrx_word' id='word_1_106' title='bbox 2231 1445 2319 1496; x_wconf 72' lang='lat' dir='ltr'>ipso</span> <span class='ocrx_word' id='word_1_107' title='bbox 2354 1444 2426 1485; x_wconf 65' lang='lat'>7000</span> 
     </span>
     <span class='ocr_line' id='line_1_15' title="bbox 231 1512 2424 1567; baseline -0.001 -11"><span class='ocrx_word' id='word_1_108' title='bbox 231 1515 378 1564; x_wconf 70' lang='lat' dir='ltr'>codice,</span> <span class='ocrx_word' id='word_1_109' title='bbox 419 1530 534 1567; x_wconf 60' lang='lat' dir='ltr'>(serem</span> <span class='ocrx_word' id='word_1_110' title='bbox 578 1516 639 1555; x_wconf 75' lang='grc' dir='ltr'>νίν</span> <span class='ocrx_word' id='word_1_111' title='bbox 677 1516 724 1557; x_wconf 77' lang='lat' dir='ltr'>cl.</span> <span class='ocrx_word' id='word_1_112' title='bbox 750 1514 1079 1567; x_wconf 66' lang='lat' dir='ltr'>liolder-quer</span> <span class='ocrx_word' id='word_1_113' title='bbox 1111 1514 1299 1564; x_wconf 63' lang='lat' dir='ltr'>eontulit,</span> <span class='ocrx_word' id='word_1_114' title='bbox 1342 1513 1497 1554; x_wconf 70' lang='lat' dir='ltr'>editam</span> <span class='ocrx_word' id='word_1_115' title='bbox 1533 1514 1593 1553; x_wconf 69' lang='lat' dir='ltr'>ost</span> <span class='ocrx_word' id='word_1_116' title='bbox 1630 1513 1676 1552; x_wconf 71' lang='lat' dir='ltr'>in</span> <span class='ocrx_word' id='word_1_117' title='bbox 1706 1512 1994 1553; x_wconf 67' lang='lat' dir='ltr'>Ilffonumontis</span> <span class='ocrx_word' id='word_1_118' title='bbox 2033 1513 2232 1554; x_wconf 71' lang='lat' dir='ltr'>historiae</span> <span class='ocrx_word' id='word_1_119' title='bbox 2255 1512 2424 1564; x_wconf 72' lang='lat' dir='ltr'>patriae</span> 
     </span>
     <span class='ocr_line' id='line_1_16' title="bbox 230 1580 2424 1638; baseline -0.001 -13"><span class='ocrx_word' id='word_1_120' title='bbox 230 1584 357 1633; x_wconf 68' lang='lat' dir='ltr'>XVI,</span> <span class='ocrx_word' id='word_1_121' title='bbox 383 1586 514 1626; x_wconf 66' lang='lat'><em>1261:</em></span> <span class='ocrx_word' id='word_1_122' title='bbox 553 1585 594 1638; x_wconf 80' lang='lat'>2)</span> <span class='ocrx_word' id='word_1_123' title='bbox 635 1585 680 1624; x_wconf 38' lang='lat' dir='ltr'>&#39;in</span> <span class='ocrx_word' id='word_1_124' title='bbox 711 1584 840 1624; x_wconf 79' lang='lat' dir='ltr'>Libro</span> <span class='ocrx_word' id='word_1_125' title='bbox 878 1586 1128 1624; x_wconf 63' lang='lat' dir='ltr'>statutorum</span> <span class='ocrx_word' id='word_1_126' title='bbox 1159 1583 1507 1636; x_wconf 36' lang='lat' dir='ltr'>Ber-(mummium</span> <span class='ocrx_word' id='word_1_127' title='bbox 1543 1595 1646 1622; x_wconf 77' lang='lat' dir='ltr'>saec.</span> <span class='ocrx_word' id='word_1_128' title='bbox 1674 1580 1814 1631; x_wconf 83' lang='lat' dir='ltr'><strong><em>XIII,</em></strong></span> <span class='ocrx_word' id='word_1_129' title='bbox 1853 1582 1926 1633; x_wconf 61' lang='lat' dir='ltr'>qui</span> <span class='ocrx_word' id='word_1_130' title='bbox 1966 1584 2100 1622; x_wconf 71' lang='lat' dir='ltr'>exstat</span> <span class='ocrx_word' id='word_1_131' title='bbox 2139 1582 2185 1622; x_wconf 74' lang='lat' dir='ltr'>in</span> <span class='ocrx_word' id='word_1_132' title='bbox 2217 1581 2424 1622; x_wconf 71' lang='lat' dir='ltr'>tabulario</span> 
     </span>
     <span class='ocr_line' id='line_1_17' title="bbox 231 1650 2421 1702; baseline 0.001 -12"><span class='ocrx_word' id='word_1_133' title='bbox 231 1654 420 1702; x_wconf 48' lang='lat' dir='ltr'>«enitatis,</span> <span class='ocrx_word' id='word_1_134' title='bbox 453 1653 558 1693; x_wconf 67' lang='lat' dir='ltr'>edito</span> <span class='ocrx_word' id='word_1_135' title='bbox 590 1654 615 1694; x_wconf 71' lang='lat' dir='ltr'>l.</span> <span class='ocrx_word' id='word_1_136' title='bbox 639 1667 669 1694; x_wconf 76' lang='lat' dir='ltr'>c.</span> <span class='ocrx_word' id='word_1_137' title='bbox 696 1652 820 1701; x_wconf 70' lang='lat' dir='ltr'>XVI,</span> <span class='ocrx_word' id='word_1_138' title='bbox 846 1653 968 1701; x_wconf 68' lang='lat'>1943,</span> <span class='ocrx_word' id='word_1_139' title='bbox 1012 1652 1084 1693; x_wconf 58' lang='lat' dir='ltr'>aba</span> <span class='ocrx_word' id='word_1_140' title='bbox 1117 1652 1382 1692; x_wconf 59' lang='lat' dir='ltr'>inscribam.-</span> <span class='ocrx_word' id='word_1_141' title='bbox 1421 1652 1488 1693; x_wconf 92' lang='lat' dir='ltr'>De</span> <span class='ocrx_word' id='word_1_142' title='bbox 1530 1651 1833 1692; x_wconf 88' lang='lat' dir='ltr'>constitutione</span> <span class='ocrx_word' id='word_1_143' title='bbox 1871 1650 2032 1691; x_wconf 88' lang='lat' dir='ltr'>domini</span> <span class='ocrx_word' id='word_1_144' title='bbox 2065 1651 2271 1692; x_wconf 86' lang='lat' dir='ltr'>Friderici</span> <span class='ocrx_word' id='word_1_145' title='bbox 2305 1665 2421 1692; x_wconf 90' lang='lat' dir='ltr'>sere-</span> 
     </span>
     <span class='ocr_line' id='line_1_18' title="bbox 233 1718 2421 1776; baseline 0 -15"><span class='ocrx_word' id='word_1_146' title='bbox 233 1722 395 1762; x_wconf 78' lang='lat' dir='ltr'>nissimi</span> <span class='ocrx_word' id='word_1_147' title='bbox 428 1723 700 1776; x_wconf 85' lang='lat' dir='ltr'>imperatoris</span> <span class='ocrx_word' id='word_1_148' title='bbox 733 1722 848 1762; x_wconf 83' lang='lat' dir='ltr'>facta</span> <span class='ocrx_word' id='word_1_149' title='bbox 880 1726 1026 1761; x_wconf 84' lang='lat' dir='ltr'>contra</span> <span class='ocrx_word' id='word_1_150' title='bbox 1059 1721 1253 1762; x_wconf 87' lang='lat' dir='ltr'>infideles</span> <span class='ocrx_word' id='word_1_151' title='bbox 1286 1725 1328 1761; x_wconf 91' lang='lat' dir='ltr'>et</span> <span class='ocrx_word' id='word_1_152' title='bbox 1361 1721 1556 1761; x_wconf 88' lang='lat' dir='ltr'>inimicos</span> <span class='ocrx_word' id='word_1_153' title='bbox 1580 1719 1760 1775; x_wconf 88' lang='lat' dir='ltr'>imperii.</span> <span class='ocrx_word' id='word_1_154' title='bbox 1815 1718 1864 1759; x_wconf 91' lang='lat' dir='ltr'>In</span> <span class='ocrx_word' id='word_1_155' title='bbox 1888 1720 2060 1760; x_wconf 91' lang='lat' dir='ltr'>nomine</span> <span class='ocrx_word' id='word_1_156' title='bbox 2083 1719 2259 1760; x_wconf 89' lang='lat' dir='ltr'>Domini</span> <span class='ocrx_word' id='word_1_157' title='bbox 2282 1734 2421 1761; x_wconf 89' lang='lat' dir='ltr'>amen.</span> 
     </span>
     <span class='ocr_line' id='line_1_19' title="bbox 234 1788 2423 1845; baseline -0.001 -14"><span class='ocrx_word' id='word_1_158' title='bbox 234 1790 585 1831; x_wconf 78' lang='lat' dir='ltr'>Ordinamentum</span> <span class='ocrx_word' id='word_1_159' title='bbox 629 1790 742 1845; x_wconf 79' lang='lat' dir='ltr'>quod</span> <span class='ocrx_word' id='word_1_160' title='bbox 780 1790 1000 1831; x_wconf 76' lang='lat' dir='ltr'>mandavit</span> <span class='ocrx_word' id='word_1_161' title='bbox 1033 1790 1228 1831; x_wconf 89' lang='lat' dir='ltr'>dominus</span> <span class='ocrx_word' id='word_1_162' title='bbox 1274 1794 1422 1831; x_wconf 88' lang='lat' dir='ltr'>noster</span> <span class='ocrx_word' id='word_1_163' title='bbox 1452 1789 1699 1831; x_wconf 86' lang='lat' dir='ltr'>Fridericus</span> <span class='ocrx_word' id='word_1_164' title='bbox 1731 1789 1815 1830; x_wconf 88' lang='lat' dir='ltr'>Dei</span> <span class='ocrx_word' id='word_1_165' title='bbox 1852 1788 1990 1842; x_wconf 84' lang='lat' dir='ltr'>gratia</span> <span class='ocrx_word' id='word_1_166' title='bbox 2021 1788 2312 1830; x_wconf 87' lang='lat' dir='ltr'>Romanorum</span> <span class='ocrx_word' id='word_1_167' title='bbox 2344 1790 2423 1829; x_wconf 89' lang='lat' dir='ltr'>im-</span> 
     </span>
     <span class='ocr_line' id='line_1_20' title="bbox 231 1857 2423 1914; baseline -0.001 -15"><span class='ocrx_word' id='word_1_168' title='bbox 231 1865 403 1914; x_wconf 80' lang='lat' dir='ltr'>perator</span> <span class='ocrx_word' id='word_1_169' title='bbox 436 1865 478 1901; x_wconf 84' lang='lat' dir='ltr'>et</span> <span class='ocrx_word' id='word_1_170' title='bbox 511 1874 680 1914; x_wconf 84' lang='lat' dir='ltr'>semper</span> <span class='ocrx_word' id='word_1_171' title='bbox 712 1864 938 1913; x_wconf 87' lang='lat' dir='ltr'>augustus,</span> <span class='ocrx_word' id='word_1_172' title='bbox 972 1859 1211 1900; x_wconf 77' lang='lat' dir='ltr'>Ierusalem</span> <span class='ocrx_word' id='word_1_173' title='bbox 1245 1862 1288 1900; x_wconf 90' lang='lat' dir='ltr'>et</span> <span class='ocrx_word' id='word_1_174' title='bbox 1313 1857 1481 1899; x_wconf 80' lang='lat' dir='ltr'>Scicilie</span> <span class='ocrx_word' id='word_1_175' title='bbox 1515 1872 1593 1899; x_wconf 82' lang='lat' dir='ltr'>rex</span> <span class='ocrx_word' id='word_1_176' title='bbox 1626 1858 1783 1899; x_wconf 88' lang='lat' dir='ltr'>debere</span> <span class='ocrx_word' id='word_1_177' title='bbox 1816 1858 1917 1912; x_wconf 87' lang='lat' dir='ltr'>poni</span> <span class='ocrx_word' id='word_1_178' title='bbox 1951 1861 1994 1897; x_wconf 89' lang='lat' dir='ltr'>et</span> <span class='ocrx_word' id='word_1_179' title='bbox 2027 1857 2156 1898; x_wconf 80' lang='lat' dir='ltr'>scribi</span> <span class='ocrx_word' id='word_1_180' title='bbox 2187 1857 2230 1897; x_wconf 90' lang='lat' dir='ltr'>in</span> <span class='ocrx_word' id='word_1_181' title='bbox 2263 1861 2423 1898; x_wconf 89' lang='lat' dir='ltr'>statuto</span> 
     </span>
     <span class='ocr_line' id='line_1_21' title="bbox 233 1926 2421 1982; baseline -0.001 -13"><span class='ocrx_word' id='word_1_182' title='bbox 233 1929 424 1969; x_wconf 84' lang='lat' dir='ltr'>comunis</span> <span class='ocrx_word' id='word_1_183' title='bbox 448 1928 648 1982; x_wconf 78' lang='lat' dir='ltr'>Pergami</span> <span class='ocrx_word' id='word_1_184' title='bbox 682 1932 724 1968; x_wconf 87' lang='lat' dir='ltr'>et</span> <span class='ocrx_word' id='word_1_185' title='bbox 746 1927 911 1969; x_wconf 87' lang='lat' dir='ltr'>attendi</span> <span class='ocrx_word' id='word_1_186' title='bbox 935 1927 1166 1982; x_wconf 77' lang='lat' dir='ltr'>diligenter</span> <span class='ocrx_word' id='word_1_187' title='bbox 1189 1932 1231 1968; x_wconf 91' lang='lat' dir='ltr'>et</span> <span class='ocrx_word' id='word_1_188' title='bbox 1254 1927 1560 1968; x_wconf 89' lang='lat' dir='ltr'>inviolabiliter</span> <span class='ocrx_word' id='word_1_189' title='bbox 1583 1927 1819 1978; x_wconf 83' lang='lat' dir='ltr'>observari,</span> <span class='ocrx_word' id='word_1_190' title='bbox 1853 1930 1977 1966; x_wconf 91' lang='lat' dir='ltr'>tenor</span> <span class='ocrx_word' id='word_1_191' title='bbox 2000 1926 2118 1966; x_wconf 89' lang='lat' dir='ltr'>cuius</span> <span class='ocrx_word' id='word_1_192' title='bbox 2142 1926 2239 1966; x_wconf 89' lang='lat' dir='ltr'>talis</span> <span class='ocrx_word' id='word_1_193' title='bbox 2265 1930 2344 1967; x_wconf 88' lang='lat' dir='ltr'>est.</span> <span class='ocrx_word' id='word_1_194' title='bbox 2370 1950 2421 1955; x_wconf 83' lang='lat'>—-</span> 
     </span>
    </p>
   </div>
   <div class='ocr_carea' id='block_1_7' title="bbox 229 1993 2282 2050">
    <p class='ocr_par' dir='ltr' id='par_1_8' title="bbox 229 1993 2282 2050">
     <span class='ocr_line' id='line_1_22' title="bbox 229 1993 2282 2050; baseline -0.001 -13"><span class='ocrx_word' id='word_1_195' title='bbox 229 1997 422 2047; x_wconf 63' lang='lat' dir='ltr'>Bahmer,</span> <span class='ocrx_word' id='word_1_196' title='bbox 455 1997 554 2050; x_wconf 68' lang='lat' dir='ltr'>Rey.</span> <span class='ocrx_word' id='word_1_197' title='bbox 588 1997 687 2050; x_wconf 69' lang='lat' dir='ltr'>imp.</span> <span class='ocrx_word' id='word_1_198' title='bbox 718 1996 909 2047; x_wconf 62' lang='lat'>132423.</span> <span class='ocrx_word' id='word_1_199' title='bbox 2049 1993 2118 2047; x_wconf 88' lang='lat' dir='ltr'>(P.</span> <span class='ocrx_word' id='word_1_200' title='bbox 2141 1993 2282 2048; x_wconf 73' lang='lat' dir='ltr'>deest.)</span> 
     </span>
    </p>
   </div>
   <div class='ocr_carea' id='block_1_8' title="bbox 231 2120 2425 3416">
    <p class='ocr_par' dir='ltr' id='par_1_9' title="bbox 231 2120 2425 2384">
     <span class='ocr_line' id='line_1_23' title="bbox 384 2120 2425 2178; baseline -0.001 -15"><span class='ocrx_word' id='word_1_201' title='bbox 384 2127 412 2163; x_wconf 94' lang='grc'>1.</span> <span class='ocrx_word' id='word_1_202' title='bbox 447 2123 496 2163; x_wconf 90' lang='lat' dir='ltr'>In</span> <span class='ocrx_word' id='word_1_203' title='bbox 530 2124 678 2178; x_wconf 88' lang='lat' dir='ltr'>primis</span> <span class='ocrx_word' id='word_1_204' title='bbox 711 2123 921 2174; x_wconf 85' lang='lat' dir='ltr'>volumus,</span> <span class='ocrx_word' id='word_1_205' title='bbox 956 2122 1070 2177; x_wconf 92' lang='lat' dir='ltr'>quod</span> <span class='ocrx_word' id='word_1_206' title='bbox 1101 2135 1247 2163; x_wconf 91' lang='lat' dir='ltr'>omnes</span> <span class='ocrx_word' id='word_1_207' title='bbox 1280 2122 1430 2163; x_wconf 88' lang='lat' dir='ltr'>fideles</span> <span class='ocrx_word' id='word_1_208' title='bbox 1459 2122 1609 2172; x_wconf 89' lang='lat' dir='ltr'>nostri,</span> <span class='ocrx_word' id='word_1_209' title='bbox 1643 2125 1731 2163; x_wconf 90' lang='lat' dir='ltr'>tam</span> <span class='ocrx_word' id='word_1_210' title='bbox 1752 2121 2058 2163; x_wconf 76' lang='lat' dir='ltr'>universitates</span> <span class='ocrx_word' id='word_1_211' title='bbox 2081 2120 2274 2161; x_wconf 91' lang='lat' dir='ltr'>locorum</span> <span class='ocrx_word' id='word_1_212' title='bbox 2297 2134 2425 2175; x_wconf 89' lang='lat' dir='ltr'>quam</span> 
     </span>
     <span class='ocr_line' id='line_1_24' title="bbox 231 2188 2425 2245; baseline -0.002 -13"><span class='ocrx_word' id='word_1_213' title='bbox 231 2192 521 2243; x_wconf 80' lang='lat' dir='ltr'>marchiones,</span> <span class='ocrx_word' id='word_1_214' title='bbox 566 2193 743 2233; x_wconf 85' lang='lat' dir='ltr'>comites</span> <span class='ocrx_word' id='word_1_215' title='bbox 786 2195 828 2232; x_wconf 89' lang='lat' dir='ltr'>et</span> <span class='ocrx_word' id='word_1_216' title='bbox 860 2206 1008 2232; x_wconf 90' lang='lat' dir='ltr'>omnes</span> <span class='ocrx_word' id='word_1_217' title='bbox 1042 2191 1132 2241; x_wconf 87' lang='lat' dir='ltr'>alii,</span> <span class='ocrx_word' id='word_1_218' title='bbox 1167 2192 1306 2232; x_wconf 89' lang='lat' dir='ltr'>vivam</span> <span class='ocrx_word' id='word_1_219' title='bbox 1340 2196 1383 2232; x_wconf 89' lang='lat' dir='ltr'>et</span> <span class='ocrx_word' id='word_1_220' title='bbox 1422 2192 1656 2232; x_wconf 79' lang='lat' dir='ltr'>instantem</span> <span class='ocrx_word' id='word_1_221' title='bbox 1688 2204 1886 2245; x_wconf 82' lang='lat' dir='ltr'>guerram</span> <span class='ocrx_word' id='word_1_222' title='bbox 1920 2190 2081 2230; x_wconf 88' lang='lat' dir='ltr'>faciant</span> <span class='ocrx_word' id='word_1_223' title='bbox 2114 2188 2311 2229; x_wconf 88' lang='lat' dir='ltr'>omnibus</span> <span class='ocrx_word' id='word_1_224' title='bbox 2343 2188 2425 2229; x_wconf 92' lang='lat' dir='ltr'>ini-</span> 
     </span>
     <span class='ocr_line' id='line_1_25' title="bbox 231 2257 2424 2316; baseline -0.001 -15"><span class='ocrx_word' id='word_1_225' title='bbox 231 2261 353 2301; x_wconf 89' lang='lat' dir='ltr'>micis</span> <span class='ocrx_word' id='word_1_226' title='bbox 394 2261 550 2301; x_wconf 89' lang='lat' dir='ltr'>nostris</span> <span class='ocrx_word' id='word_1_227' title='bbox 593 2266 636 2301; x_wconf 91' lang='lat' dir='ltr'>et</span> <span class='ocrx_word' id='word_1_228' title='bbox 679 2260 792 2316; x_wconf 90' lang='lat' dir='ltr'>quod</span> <span class='ocrx_word' id='word_1_229' title='bbox 836 2274 984 2302; x_wconf 89' lang='lat' dir='ltr'>omnes</span> <span class='ocrx_word' id='word_1_230' title='bbox 1022 2260 1170 2301; x_wconf 88' lang='lat' dir='ltr'>modos</span> <span class='ocrx_word' id='word_1_231' title='bbox 1205 2265 1247 2301; x_wconf 92' lang='lat' dir='ltr'>et</span> <span class='ocrx_word' id='word_1_232' title='bbox 1279 2261 1398 2302; x_wconf 71' lang='lat' dir='ltr'>vias²³¹</span> <span class='ocrx_word' id='word_1_233' title='bbox 1432 2261 1674 2312; x_wconf 89' lang='lat' dir='ltr'>inveniant,</span> <span class='ocrx_word' id='word_1_234' title='bbox 1716 2259 1901 2315; x_wconf 81' lang='lat' dir='ltr'>qualiter</span> <span class='ocrx_word' id='word_1_235' title='bbox 1941 2259 2044 2314; x_wconf 87' lang='lat' dir='ltr'>ipsis</span> <span class='ocrx_word' id='word_1_236' title='bbox 2079 2272 2175 2298; x_wconf 89' lang='lat' dir='ltr'>cum</span> <span class='ocrx_word' id='word_1_237' title='bbox 2212 2257 2424 2298; x_wconf 84' lang='lat' dir='ltr'>instancia</span> 
     </span>
     <span class='ocr_line' id='line_1_26' title="bbox 232 2330 505 2384; baseline -0.004 -13"><span class='ocrx_word' id='word_1_238' title='bbox 232 2344 387 2384; x_wconf 87' lang='lat' dir='ltr'>guerra</span> <span class='ocrx_word' id='word_1_239' title='bbox 419 2330 505 2371; x_wconf 86' lang='lat' dir='ltr'>fiat.</span> 
     </span>
    </p>

    <p class='ocr_par' dir='ltr' id='par_1_10' title="bbox 231 2395 2423 2715">
     <span class='ocr_line' id='line_1_27' title="bbox 375 2395 2422 2453; baseline -0.001 -15"><span class='ocrx_word' id='word_1_240' title='bbox 375 2401 411 2440; x_wconf 81' lang='lat'>2.</span> <span class='ocrx_word' id='word_1_241' title='bbox 445 2398 655 2439; x_wconf 86' lang='lat' dir='ltr'>Volumus</span> <span class='ocrx_word' id='word_1_242' title='bbox 689 2399 818 2439; x_wconf 89' lang='lat' dir='ltr'>etiam</span> <span class='ocrx_word' id='word_1_243' title='bbox 853 2403 895 2441; x_wconf 88' lang='lat' dir='ltr'>et</span> <span class='ocrx_word' id='word_1_244' title='bbox 934 2399 1208 2450; x_wconf 79' lang='lat' dir='ltr'>mandamus,</span> <span class='ocrx_word' id='word_1_245' title='bbox 1254 2399 1366 2453; x_wconf 90' lang='lat' dir='ltr'>quod</span> <span class='ocrx_word' id='word_1_246' title='bbox 1410 2400 1553 2440; x_wconf 90' lang='lat' dir='ltr'>nullus</span> <span class='ocrx_word' id='word_1_247' title='bbox 1588 2399 1787 2440; x_wconf 84' lang='lat' dir='ltr'>omninob</span> <span class='ocrx_word' id='word_1_248' title='bbox 1821 2402 2065 2439; x_wconf 91' lang='lat' dir='ltr'>nostrorum</span> <span class='ocrx_word' id='word_1_249' title='bbox 2103 2395 2294 2437; x_wconf 89' lang='lat' dir='ltr'>fidelium</span> <span class='ocrx_word' id='word_1_250' title='bbox 2327 2409 2422 2436; x_wconf 87' lang='lat' dir='ltr'>cum</span> 
     </span>
     <span class='ocr_line' id='line_1_28' title="bbox 232 2463 2422 2523; baseline -0.002 -15"><span class='ocrx_word' id='word_1_251' title='bbox 232 2468 477 2509; x_wconf 87' lang='lat' dir='ltr'>infidelibus</span> <span class='ocrx_word' id='word_1_252' title='bbox 518 2469 672 2509; x_wconf 91' lang='lat' dir='ltr'>nostris</span> <span class='ocrx_word' id='word_1_253' title='bbox 710 2469 851 2523; x_wconf 90' lang='lat' dir='ltr'>aliquo</span> <span class='ocrx_word' id='word_1_254' title='bbox 892 2469 1017 2510; x_wconf 92' lang='lat' dir='ltr'>modo</span> <span class='ocrx_word' id='word_1_255' title='bbox 1051 2469 1118 2509; x_wconf 89' lang='lat' dir='ltr'>vel</span> <span class='ocrx_word' id='word_1_256' title='bbox 1155 2469 1327 2523; x_wconf 87' lang='lat' dir='ltr'>ingenio</span> <span class='ocrx_word' id='word_1_257' title='bbox 1370 2483 1446 2523; x_wconf 91' lang='lat' dir='ltr'>per</span> <span class='ocrx_word' id='word_1_258' title='bbox 1486 2483 1532 2510; x_wconf 91' lang='lat' dir='ltr'>se</span> <span class='ocrx_word' id='word_1_259' title='bbox 1575 2468 1643 2509; x_wconf 87' lang='lat' dir='ltr'>vel</span> <span class='ocrx_word' id='word_1_260' title='bbox 1687 2482 1765 2523; x_wconf 88' lang='lat' dir='ltr'>per</span> <span class='ocrx_word' id='word_1_261' title='bbox 1809 2467 2024 2522; x_wconf 82' lang='lat' dir='ltr'>aliquem⁰</span> <span class='ocrx_word' id='word_1_262' title='bbox 2065 2465 2195 2506; x_wconf 89' lang='lat' dir='ltr'>alium</span> <span class='ocrx_word' id='word_1_263' title='bbox 2235 2463 2422 2506; x_wconf 86' lang='lat' dir='ltr'>habeatd</span> 
     </span>
     <span class='ocr_line' id='line_1_29' title="bbox 232 2532 2423 2590; baseline -0.002 -13"><span class='ocrx_word' id='word_1_264' title='bbox 232 2537 403 2577; x_wconf 91' lang='lat' dir='ltr'>omnino</span> <span class='ocrx_word' id='word_1_265' title='bbox 436 2541 681 2588; x_wconf 84' lang='lat' dir='ltr'>tractatum,</span> <span class='ocrx_word' id='word_1_266' title='bbox 712 2537 879 2578; x_wconf 73' lang='lat' dir='ltr'>nullase</span> <span class='ocrx_word' id='word_1_267' title='bbox 911 2537 964 2578; x_wconf 88' lang='lat' dir='ltr'>ab</span> <span class='ocrx_word' id='word_1_268' title='bbox 999 2537 1060 2578; x_wconf 90' lang='lat' dir='ltr'>eis</span> <span class='ocrx_word' id='word_1_269' title='bbox 1092 2537 1281 2588; x_wconf 87' lang='lat' dir='ltr'>litteras,</span> <span class='ocrx_word' id='word_1_270' title='bbox 1315 2537 1479 2577; x_wconf 90' lang='lat' dir='ltr'>nullum</span> <span class='ocrx_word' id='word_1_271' title='bbox 1502 2537 1705 2577; x_wconf 90' lang='lat' dir='ltr'>nuncium</span> <span class='ocrx_word' id='word_1_272' title='bbox 1731 2536 1954 2590; x_wconf 83' lang='lat' dir='ltr'>signumve</span> <span class='ocrx_word' id='word_1_273' title='bbox 1977 2534 2176 2589; x_wconf 86' lang='lat' dir='ltr'>recipiat;</span> <span class='ocrx_word' id='word_1_274' title='bbox 2209 2532 2321 2588; x_wconf 88' lang='lat' dir='ltr'>quod</span> <span class='ocrx_word' id='word_1_275' title='bbox 2350 2533 2423 2588; x_wconf 92' lang='lat' dir='ltr'>qui</span> 
     </span>
     <span class='ocr_line' id='line_1_30' title="bbox 231 2601 2421 2660; baseline -0.001 -15"><span class='ocrx_word' id='word_1_276' title='bbox 231 2605 403 2657; x_wconf 85' lang='lat' dir='ltr'>fecerit,</span> <span class='ocrx_word' id='word_1_277' title='bbox 447 2605 556 2646; x_wconf 83' lang='lat' dir='ltr'>siout</span> <span class='ocrx_word' id='word_1_278' title='bbox 597 2606 783 2660; x_wconf 84' lang='lat' dir='ltr'>antiquis</span> <span class='ocrx_word' id='word_1_279' title='bbox 820 2606 990 2660; x_wconf 87' lang='lat' dir='ltr'>legibus</span> <span class='ocrx_word' id='word_1_280' title='bbox 1025 2610 1089 2647; x_wconf 92' lang='lat' dir='ltr'>est</span> <span class='ocrx_word' id='word_1_281' title='bbox 1128 2606 1373 2657; x_wconf 89' lang='lat' dir='ltr'>inductum,</span> <span class='ocrx_word' id='word_1_282' title='bbox 1413 2604 1559 2647; x_wconf 76' lang='lat' dir='ltr'>velutf</span> <span class='ocrx_word' id='word_1_283' title='bbox 1585 2605 1702 2646; x_wconf 88' lang='lat' dir='ltr'>lesec</span> <span class='ocrx_word' id='word_1_284' title='bbox 1732 2604 1971 2645; x_wconf 88' lang='lat' dir='ltr'>maiestatis</span> <span class='ocrx_word' id='word_1_285' title='bbox 2005 2617 2102 2644; x_wconf 88' lang='lat' dir='ltr'>reus</span> <span class='ocrx_word' id='word_1_286' title='bbox 2136 2601 2189 2643; x_wconf 91' lang='lat' dir='ltr'>ab</span> <span class='ocrx_word' id='word_1_287' title='bbox 2222 2602 2421 2643; x_wconf 90' lang='lat' dir='ltr'>omnibus</span> 
     </span>
     <span class='ocr_line' id='line_1_31' title="bbox 232 2673 456 2715; baseline 0 -1"><span class='ocrx_word' id='word_1_288' title='bbox 232 2673 456 2715; x_wconf 84' lang='lat' dir='ltr'>habeatur.</span> 
     </span>
    </p>

    <p class='ocr_par' dir='ltr' id='par_1_11' title="bbox 231 2738 2424 3003">
     <span class='ocr_line' id='line_1_32' title="bbox 375 2738 2424 2798; baseline -0.002 -15"><span class='ocrx_word' id='word_1_289' title='bbox 375 2745 412 2785; x_wconf 80' lang='lat'>3.</span> <span class='ocrx_word' id='word_1_290' title='bbox 451 2742 565 2783; x_wconf 86' lang='lat' dir='ltr'>Illud</span> <span class='ocrx_word' id='word_1_291' title='bbox 597 2743 725 2783; x_wconf 88' lang='lat' dir='ltr'>etiam</span> <span class='ocrx_word' id='word_1_292' title='bbox 760 2744 1007 2798; x_wconf 85' lang='lat' dir='ltr'>expressius</span> <span class='ocrx_word' id='word_1_293' title='bbox 1040 2743 1309 2795; x_wconf 88' lang='lat' dir='ltr'>inhibemus,</span> <span class='ocrx_word' id='word_1_294' title='bbox 1351 2743 1464 2798; x_wconf 89' lang='lat' dir='ltr'>quod</span> <span class='ocrx_word' id='word_1_295' title='bbox 1497 2742 1639 2783; x_wconf 85' lang='lat' dir='ltr'>nullus</span> <span class='ocrx_word' id='word_1_296' title='bbox 1673 2745 1916 2782; x_wconf 90' lang='lat' dir='ltr'>nostrorum</span> <span class='ocrx_word' id='word_1_297' title='bbox 1955 2739 2146 2781; x_wconf 84' lang='lat' dir='ltr'>fidelium</span> <span class='ocrx_word' id='word_1_298' title='bbox 2178 2738 2317 2779; x_wconf 88' lang='lat' dir='ltr'>forum</span> <span class='ocrx_word' id='word_1_299' title='bbox 2349 2740 2424 2779; x_wconf 88' lang='lat' dir='ltr'>aut</span> 
     </span>
     <span class='ocr_line' id='line_1_33' title="bbox 232 2807 2423 2867; baseline -0.003 -14"><span class='ocrx_word' id='word_1_300' title='bbox 232 2816 467 2853; x_wconf 88' lang='lat' dir='ltr'>mercatum</span> <span class='ocrx_word' id='word_1_301' title='bbox 510 2825 716 2866; x_wconf 88' lang='lat' dir='ltr'>equorum</span> <span class='ocrx_word' id='word_1_302' title='bbox 748 2812 817 2853; x_wconf 89' lang='lat' dir='ltr'>vel</span> <span class='ocrx_word' id='word_1_303' title='bbox 858 2826 1092 2861; x_wconf 86' lang='lat' dir='ltr'>armorum,</span> <span class='ocrx_word' id='word_1_304' title='bbox 1135 2813 1237 2853; x_wconf 90' lang='lat' dir='ltr'>salis</span> <span class='ocrx_word' id='word_1_305' title='bbox 1281 2816 1354 2853; x_wconf 86' lang='lat' dir='ltr'>aut</span> <span class='ocrx_word' id='word_1_306' title='bbox 1398 2812 1662 2867; x_wconf 86' lang='lat' dir='ltr'>generaliter</span> <span class='ocrx_word' id='word_1_307' title='bbox 1703 2809 1993 2865; x_wconf 90' lang='lat' dir='ltr'>quarumlibet</span> <span class='ocrx_word' id='word_1_308' title='bbox 2033 2822 2175 2849; x_wconf 89' lang='lat' dir='ltr'>rerum</span> <span class='ocrx_word' id='word_1_309' title='bbox 2207 2807 2423 2849; x_wconf 87' lang='lat' dir='ltr'>venalium</span> 
     </span>
     <span class='ocr_line' id='line_1_34' title="bbox 231 2875 2424 2936; baseline -0.002 -16"><span class='ocrx_word' id='word_1_310' title='bbox 231 2880 473 2921; x_wconf 88' lang='lat' dir='ltr'>infidelibus</span> <span class='ocrx_word' id='word_1_311' title='bbox 520 2885 592 2921; x_wconf 86' lang='lat' dir='ltr'>aut</span> <span class='ocrx_word' id='word_1_312' title='bbox 636 2880 923 2936; x_wconf 87' lang='lat' dir='ltr'>proditoribus</span> <span class='ocrx_word' id='word_1_313' title='bbox 968 2881 1127 2922; x_wconf 88' lang='lat' dir='ltr'>nostris</span> <span class='ocrx_word' id='word_1_314' title='bbox 1165 2895 1242 2936; x_wconf 89' lang='lat' dir='ltr'>per</span> <span class='ocrx_word' id='word_1_315' title='bbox 1292 2895 1338 2923; x_wconf 88' lang='lat' dir='ltr'>se</span> <span class='ocrx_word' id='word_1_316' title='bbox 1379 2881 1448 2922; x_wconf 92' lang='lat' dir='ltr'>vel</span> <span class='ocrx_word' id='word_1_317' title='bbox 1489 2894 1566 2936; x_wconf 90' lang='lat' dir='ltr'>per</span> <span class='ocrx_word' id='word_1_318' title='bbox 1606 2880 1739 2921; x_wconf 86' lang='lat' dir='ltr'>alium</span> <span class='ocrx_word' id='word_1_319' title='bbox 1778 2879 1921 2933; x_wconf 90' lang='lat' dir='ltr'>aliquo</span> <span class='ocrx_word' id='word_1_320' title='bbox 1961 2891 2149 2932; x_wconf 91' lang='lat' dir='ltr'>unquam</span> <span class='ocrx_word' id='word_1_321' title='bbox 2189 2875 2313 2917; x_wconf 92' lang='lat' dir='ltr'>modo</span> <span class='ocrx_word' id='word_1_322' title='bbox 2357 2875 2424 2917; x_wconf 90' lang='lat' dir='ltr'>vel</span> 
     </span>
     <span class='ocr_line' id='line_1_35' title="bbox 233 2948 883 3003; baseline 0.005 -15"><span class='ocrx_word' id='word_1_323' title='bbox 233 2949 404 3003; x_wconf 89' lang='lat' dir='ltr'>ingenio</span> <span class='ocrx_word' id='word_1_324' title='bbox 438 2948 627 2990; x_wconf 74' lang='lat' dir='ltr'>debeatg</span> <span class='ocrx_word' id='word_1_325' title='bbox 661 2948 883 2992; x_wconf 81' lang='lat' dir='ltr'>exhibere.</span> 
     </span>
    </p>

    <p class='ocr_par' dir='ltr' id='par_1_12' title="bbox 234 3012 2424 3416">
     <span class='ocr_line' id='line_1_36' title="bbox 376 3012 2420 3072; baseline -0.002 -15"><span class='ocrx_word' id='word_1_326' title='bbox 376 3021 413 3058; x_wconf 77' lang='lat'>4.</span> <span class='ocrx_word' id='word_1_327' title='bbox 446 3017 501 3057; x_wconf 89' lang='lat' dir='ltr'>Et</span> <span class='ocrx_word' id='word_1_328' title='bbox 533 3017 605 3058; x_wconf 85' lang='lat' dir='ltr'>ut¹¹</span> <span class='ocrx_word' id='word_1_329' title='bbox 638 3017 927 3072; x_wconf 85' lang='lat' dir='ltr'>predictorum</span> <span class='ocrx_word' id='word_1_330' title='bbox 959 3018 1149 3059; x_wconf 90' lang='lat' dir='ltr'>omnium</span> <span class='ocrx_word' id='word_1_331' title='bbox 1181 3017 1592 3072; x_wconf 84' lang='lat' dir='ltr'>transgredientium</span> <span class='ocrx_word' id='word_1_332' title='bbox 1624 3030 1737 3072; x_wconf 88' lang='lat' dir='ltr'>pena</span> <span class='ocrx_word' id='word_1_333' title='bbox 1769 3015 1967 3057; x_wconf 89' lang='lat' dir='ltr'>omnibus</span> <span class='ocrx_word' id='word_1_334' title='bbox 1999 3018 2042 3055; x_wconf 88' lang='lat' dir='ltr'>et</span> <span class='ocrx_word' id='word_1_335' title='bbox 2073 3014 2252 3068; x_wconf 87' lang='lat' dir='ltr'>singulis</span> <span class='ocrx_word' id='word_1_336' title='bbox 2284 3012 2420 3054; x_wconf 88' lang='lat' dir='ltr'>mani-</span> 
     </span>
     <span class='ocr_line' id='line_1_37' title="bbox 234 3082 2422 3141; baseline -0.002 -16"><span class='ocrx_word' id='word_1_337' title='bbox 234 3086 380 3127; x_wconf 86' lang='lat' dir='ltr'>festior</span> <span class='ocrx_word' id='word_1_338' title='bbox 401 3086 624 3138; x_wconf 86' lang='lat' dir='ltr'>habeatur,</span> <span class='ocrx_word' id='word_1_339' title='bbox 656 3088 848 3141; x_wconf 87' lang='lat' dir='ltr'>presenti</span> <span class='ocrx_word' id='word_1_340' title='bbox 873 3087 1095 3128; x_wconf 87' lang='lat' dir='ltr'>sanctione</span> <span class='ocrx_word' id='word_1_341' title='bbox 1122 3088 1369 3139; x_wconf 88' lang='lat' dir='ltr'>sanetimus,</span> <span class='ocrx_word' id='word_1_342' title='bbox 1407 3086 1519 3141; x_wconf 89' lang='lat' dir='ltr'>quod</span> <span class='ocrx_word' id='word_1_343' title='bbox 1542 3084 1813 3141; x_wconf 78' lang='lat' dir='ltr'>quicumquei</span> <span class='ocrx_word' id='word_1_344' title='bbox 1849 3087 2090 3125; x_wconf 89' lang='lat' dir='ltr'>nostrorum</span> <span class='ocrx_word' id='word_1_345' title='bbox 2113 3082 2302 3124; x_wconf 90' lang='lat' dir='ltr'>fidelium</span> <span class='ocrx_word' id='word_1_346' title='bbox 2326 3094 2422 3122; x_wconf 91' lang='lat' dir='ltr'>cum</span> 
     </span>
     <span class='ocr_line' id='line_1_38' title="bbox 234 3152 2424 3210; baseline -0.001 -17"><span class='ocrx_word' id='word_1_347' title='bbox 234 3153 475 3194; x_wconf 87' lang='lat' dir='ltr'>infidelibus</span> <span class='ocrx_word' id='word_1_348' title='bbox 517 3155 673 3195; x_wconf 88' lang='lat' dir='ltr'>nostris</span> <span class='ocrx_word' id='word_1_349' title='bbox 712 3160 942 3196; x_wconf 84' lang='lat' dir='ltr'>tractatum</span> <span class='ocrx_word' id='word_1_350' title='bbox 989 3156 1081 3196; x_wconf 91' lang='lat' dir='ltr'>sine</span> <span class='ocrx_word' id='word_1_351' title='bbox 1124 3155 1302 3210; x_wconf 88' lang='lat' dir='ltr'>speciali</span> <span class='ocrx_word' id='word_1_352' title='bbox 1342 3153 1575 3196; x_wconf 85' lang='lat' dir='ltr'>mandatok</span> <span class='ocrx_word' id='word_1_353' title='bbox 1615 3157 1786 3205; x_wconf 84' lang='lat' dir='ltr'>nostro,</span> <span class='ocrx_word' id='word_1_354' title='bbox 1827 3152 2148 3207; x_wconf 83' lang='lat' dir='ltr'>capitaneorum</span> <span class='ocrx_word' id='word_1_355' title='bbox 2181 3154 2424 3191; x_wconf 89' lang='lat' dir='ltr'>nostrorum</span> 
     </span>
     <span class='ocr_line' id='line_1_39' title="bbox 237 3218 2423 3278; baseline -0.001 -17"><span class='ocrx_word' id='word_1_356' title='bbox 237 3236 311 3263; x_wconf 78' lang='lat' dir='ltr'>seu</span> <span class='ocrx_word' id='word_1_357' title='bbox 353 3223 579 3277; x_wconf 83' lang='lat' dir='ltr'>potestatis</span> <span class='ocrx_word' id='word_1_358' title='bbox 621 3237 695 3264; x_wconf 90' lang='lat' dir='ltr'>sue</span> <span class='ocrx_word' id='word_1_359' title='bbox 736 3224 935 3265; x_wconf 86' lang='lat' dir='ltr'>habuerit</span> <span class='ocrx_word' id='word_1_360' title='bbox 967 3224 1036 3265; x_wconf 82' lang='lat' dir='ltr'>vel</span> <span class='ocrx_word' id='word_1_361' title='bbox 1069 3224 1139 3278; x_wconf 92' lang='lat' dir='ltr'>qui</span> <span class='ocrx_word' id='word_1_362' title='bbox 1173 3224 1231 3264; x_wconf 85' lang='lat' dir='ltr'>eis</span> <span class='ocrx_word' id='word_1_363' title='bbox 1264 3224 1450 3275; x_wconf 80' lang='lat' dir='ltr'>litteraS,</span> <span class='ocrx_word' id='word_1_364' title='bbox 1483 3222 1684 3264; x_wconf 92' lang='lat' dir='ltr'>nuncium</span> <span class='ocrx_word' id='word_1_365' title='bbox 1719 3221 1944 3276; x_wconf 87' lang='lat' dir='ltr'>signumve</span> <span class='ocrx_word' id='word_1_366' title='bbox 1977 3219 2142 3261; x_wconf 89' lang='lat' dir='ltr'>miserit</span> <span class='ocrx_word' id='word_1_367' title='bbox 2173 3220 2241 3260; x_wconf 91' lang='lat' dir='ltr'>vel</span> <span class='ocrx_word' id='word_1_368' title='bbox 2274 3219 2327 3260; x_wconf 91' lang='lat' dir='ltr'>ab</span> <span class='ocrx_word' id='word_1_369' title='bbox 2362 3218 2423 3259; x_wconf 89' lang='lat' dir='ltr'>eis</span> 
     </span>
     <span class='ocr_line' id='line_1_40' title="bbox 234 3285 2424 3346; baseline -0.002 -15"><span class='ocrx_word' id='word_1_370' title='bbox 234 3292 445 3344; x_wconf 83' lang='lat' dir='ltr'>receperit</span> <span class='ocrx_word' id='word_1_371' title='bbox 490 3305 567 3331; x_wconf 84' lang='lat' dir='ltr'>scu</span> <span class='ocrx_word' id='word_1_372' title='bbox 611 3296 847 3333; x_wconf 88' lang='lat' dir='ltr'>mercatum</span> <span class='ocrx_word' id='word_1_373' title='bbox 891 3292 1123 3333; x_wconf 86' lang='lat' dir='ltr'>dictarum¹</span> <span class='ocrx_word' id='word_1_374' title='bbox 1164 3306 1308 3333; x_wconf 89' lang='lat' dir='ltr'>rerum</span> <span class='ocrx_word' id='word_1_375' title='bbox 1349 3292 1412 3333; x_wconf 86' lang='lat' dir='ltr'>eis</span> <span class='ocrx_word' id='word_1_376' title='bbox 1461 3296 1507 3332; x_wconf 90' lang='lat' dir='ltr'>ut</span> <span class='ocrx_word' id='word_1_377' title='bbox 1546 3290 1839 3346; x_wconf 90' lang='lat' dir='ltr'>supradictum</span> <span class='ocrx_word' id='word_1_378' title='bbox 1881 3293 1946 3330; x_wconf 89' lang='lat' dir='ltr'>est</span> <span class='ocrx_word' id='word_1_379' title='bbox 1982 3288 2185 3330; x_wconf 86' lang='lat' dir='ltr'>dederitm</span> <span class='ocrx_word' id='word_1_380' title='bbox 2226 3287 2295 3328; x_wconf 90' lang='lat' dir='ltr'>vel</span> <span class='ocrx_word' id='word_1_381' title='bbox 2334 3285 2424 3327; x_wconf 89' lang='lat' dir='ltr'>dari</span> 
     </span>
     <span class='ocr_line' id='line_1_41' title="bbox 234 3356 2421 3416; baseline -0.001 -18"><span class='ocrx_word' id='word_1_382' title='bbox 234 3360 494 3412; x_wconf 75' lang='lat' dir='ltr'>permiserit.</span> <span class='ocrx_word' id='word_1_383' title='bbox 544 3361 576 3399; x_wconf 84' lang='lat' dir='ltr'>si</span> <span class='ocrx_word' id='word_1_384' title='bbox 620 3375 798 3402; x_wconf 83' lang='lat' dir='ltr'>comune</span> <span class='ocrx_word' id='word_1_385' title='bbox 831 3361 897 3402; x_wconf 76' lang='lat' dir='ltr'>vel</span> <span class='ocrx_word' id='word_1_386' title='bbox 941 3362 1200 3403; x_wconf 85' lang='lat' dir='ltr'>universitas</span> <span class='ocrx_word' id='word_1_387' title='bbox 1239 3361 1385 3412; x_wconf 86' lang='lat' dir='ltr'>fuerit,</span> <span class='ocrx_word' id='word_1_388' title='bbox 1435 3361 1505 3416; x_wconf 91' lang='lat' dir='ltr'>qui</span> <span class='ocrx_word' id='word_1_389' title='bbox 1547 3362 1639 3401; x_wconf 89' lang='lat' dir='ltr'>sine</span> <span class='ocrx_word' id='word_1_390' title='bbox 1683 3358 1911 3400; x_wconf 79' lang='lat' dir='ltr'>mandato¹¹</span> <span class='ocrx_word' id='word_1_391' title='bbox 1955 3361 2100 3398; x_wconf 85' lang='lat' dir='ltr'>nostro</span> <span class='ocrx_word' id='word_1_392' title='bbox 2144 3356 2321 3411; x_wconf 81' lang='lat' dir='ltr'>speciali</span> <span class='ocrx_word' id='word_1_393' title='bbox 2356 3356 2421 3396; x_wconf 90' lang='lat' dir='ltr'>vel</span> 
     </span>
    </p>
   </div>
   <div class='ocr_carea' id='block_1_9' title="bbox 234 3473 2422 3644">
    <p class='ocr_par' dir='ltr' id='par_1_13' title="bbox 234 3473 2422 3644">
     <span class='ocr_line' id='line_1_42' title="bbox 372 3473 994 3516; baseline 0.005 -10"><span class='ocrx_word' id='word_1_394' title='bbox 372 3473 456 3507; x_wconf 73' lang='lat'>212.</span> <span class='ocrx_word' id='word_1_395' title='bbox 489 3480 518 3516; x_wconf 74' lang='lat'>0)</span> <span class='ocrx_word' id='word_1_396' title='bbox 546 3475 597 3506; x_wconf 78' lang='lat' dir='ltr'>Ad</span> <span class='ocrx_word' id='word_1_397' title='bbox 630 3493 665 3497; x_wconf 92' lang='lat'>——</span> <span class='ocrx_word' id='word_1_398' title='bbox 694 3476 841 3508; x_wconf 75' lang='lat' dir='ltr'>roborari</span> <span class='ocrx_word' id='word_1_399' title='bbox 869 3476 936 3509; x_wconf 69' lang='lat' dir='ltr'>(les.</span> <span class='ocrx_word' id='word_1_400' title='bbox 958 3476 994 3509; x_wconf 76' lang='lat' dir='ltr'>S.</span> 
     </span>
     <span class='ocr_line' id='line_1_43' title="bbox 370 3537 2418 3587; baseline -0.001 -13"><span class='ocrx_word' id='word_1_401' title='bbox 370 3540 455 3576; x_wconf 73' lang='lat'>⁸213.</span> <span class='ocrx_word' id='word_1_402' title='bbox 488 3548 519 3581; x_wconf 72' lang='lat'>²¹)</span> <span class='ocrx_word' id='word_1_403' title='bbox 548 3543 618 3574; x_wconf 51' lang='lat' dir='ltr'>via&gt;-</span> <span class='ocrx_word' id='word_1_404' title='bbox 643 3550 674 3573; x_wconf 78' lang='lat' dir='ltr'>et</span> <span class='ocrx_word' id='word_1_405' title='bbox 703 3544 814 3575; x_wconf 69' lang='lat' dir='ltr'>modos</span> <span class='ocrx_word' id='word_1_406' title='bbox 841 3543 870 3575; x_wconf 76' lang='lat'>2.</span> <span class='ocrx_word' id='word_1_407' title='bbox 966 3543 997 3584; x_wconf 88' lang='lat' dir='ltr'>b)</span> <span class='ocrx_word' id='word_1_408' title='bbox 1023 3545 1121 3577; x_wconf 88' lang='lat' dir='ltr'>homo</span> <span class='ocrx_word' id='word_1_409' title='bbox 1147 3544 1178 3577; x_wconf 78' lang='lat'>2.</span> <span class='ocrx_word' id='word_1_410' title='bbox 1274 3544 1304 3587; x_wconf 87' lang='lat' dir='ltr'>c)</span> <span class='ocrx_word' id='word_1_411' title='bbox 1331 3545 1420 3577; x_wconf 71' lang='lat' dir='ltr'>deest</span> <span class='ocrx_word' id='word_1_412' title='bbox 1447 3543 1477 3576; x_wconf 93' lang='lat'>1.</span> <span class='ocrx_word' id='word_1_413' title='bbox 1573 3540 1605 3582; x_wconf 84' lang='lat'>‘¹)</span> <span class='ocrx_word' id='word_1_414' title='bbox 1633 3541 1723 3574; x_wconf 75' lang='lat' dir='ltr'>deest</span> <span class='ocrx_word' id='word_1_415' title='bbox 1746 3540 1777 3572; x_wconf 78' lang='grc'>2.</span> <span class='ocrx_word' id='word_1_416' title='bbox 1874 3539 1903 3580; x_wconf 83' lang='lat'>0)</span> <span class='ocrx_word' id='word_1_417' title='bbox 1930 3539 2045 3571; x_wconf 79' lang='lat' dir='ltr'>nullus</span> <span class='ocrx_word' id='word_1_418' title='bbox 2072 3537 2102 3571; x_wconf 90' lang='lat'>1.</span> <span class='ocrx_word' id='word_1_419' title='bbox 2197 3537 2229 3578; x_wconf 80' lang='lat' dir='ltr'>s)</span> <span class='ocrx_word' id='word_1_420' title='bbox 2257 3539 2363 3572; x_wconf 83' lang='lat' dir='ltr'>veluti</span> <span class='ocrx_word' id='word_1_421' title='bbox 2389 3538 2418 3571; x_wconf 74' lang='lat'>2.</span> 
     </span>
     <span class='ocr_line' id='line_1_44' title="bbox 234 3590 2422 3644; baseline 0.002 -14"><span class='ocrx_word' id='word_1_422' title='bbox 234 3604 266 3641; x_wconf 63' lang='grc' dir='ltr'>Β)</span> <span class='ocrx_word' id='word_1_423' title='bbox 293 3600 437 3632; x_wconf 81' lang='lat' dir='ltr'>debeant</span> <span class='ocrx_word' id='word_1_424' title='bbox 464 3598 492 3631; x_wconf 78' lang='lat'>¹2.</span> <span class='ocrx_word' id='word_1_425' title='bbox 613 3598 645 3641; x_wconf 65' lang='lat'>¹¹)</span> <span class='ocrx_word' id='word_1_426' title='bbox 674 3606 709 3632; x_wconf 87' lang='lat' dir='ltr'>ut</span> <span class='ocrx_word' id='word_1_427' title='bbox 734 3601 803 3632; x_wconf 82' lang='grc' dir='ltr'><em>(ιῖἱο</em></span> <span class='ocrx_word' id='word_1_428' title='bbox 831 3606 952 3632; x_wconf 74' lang='lat' dir='ltr'>(teram.</span> <span class='ocrx_word' id='word_1_429' title='bbox 979 3607 1052 3643; x_wconf 67' lang='lat' dir='ltr'>post</span> <span class='ocrx_word' id='word_1_430' title='bbox 1076 3612 1243 3644; x_wconf 71' lang='lat' dir='ltr'>scherscr.</span> <span class='ocrx_word' id='word_1_431' title='bbox 1264 3601 1293 3634; x_wconf 83' lang='grc'>1.</span> <span class='ocrx_word' id='word_1_432' title='bbox 1407 3599 1428 3640; x_wconf 90' lang='lat' dir='ltr'>i)</span> <span class='ocrx_word' id='word_1_433' title='bbox 1455 3590 1601 3642; x_wconf 58' lang='lat' dir='ltr'>quffique</span> <span class='ocrx_word' id='word_1_434' title='bbox 1629 3597 1660 3630; x_wconf 92' lang='lat'>1.</span> <span class='ocrx_word' id='word_1_435' title='bbox 1783 3595 1817 3635; x_wconf 82' lang='lat' dir='ltr'>k)</span> <span class='ocrx_word' id='word_1_436' title='bbox 1844 3597 1955 3629; x_wconf 70' lang='lat' dir='ltr'>mand·</span> <span class='ocrx_word' id='word_1_437' title='bbox 1980 3607 2068 3638; x_wconf 67' lang='lat' dir='ltr'><strong>SPOC·</strong></span> <span class='ocrx_word' id='word_1_438' title='bbox 2097 3595 2126 3628; x_wconf 82' lang='lat'>1·</span> <span class='ocrx_word' id='word_1_439' title='bbox 2245 3594 2268 3635; x_wconf 75' lang='lat'>¹)</span> <span class='ocrx_word' id='word_1_440' title='bbox 2293 3596 2422 3639; x_wconf 62' lang='lat' dir='ltr'>predic*</span> 
     </span>
    </p>
   </div>
   <div class='ocr_carea' id='block_1_10' title="bbox 234 3651 2423 3700">
    <p class='ocr_par' dir='ltr' id='par_1_14' title="bbox 234 3651 2423 3700">
     <span class='ocr_line' id='line_1_45' title="bbox 234 3651 2423 3700; baseline -0.001 -12"><span class='ocrx_word' id='word_1_441' title='bbox 234 3663 344 3689; x_wconf 81' lang='lat' dir='ltr'>tarum</span> <span class='ocrx_word' id='word_1_442' title='bbox 370 3656 399 3689; x_wconf 65' lang='lat'>⁵2.</span> <span class='ocrx_word' id='word_1_443' title='bbox 496 3662 537 3678; x_wconf 52' lang='lat'>¹¹¹*</span> <span class='ocrx_word' id='word_1_444' title='bbox 564 3656 600 3688; x_wconf 65' lang='grc' dir='ltr'>ἷζε</span> <span class='ocrx_word' id='word_1_445' title='bbox 630 3658 678 3688; x_wconf 62' lang='lat' dir='ltr'>vol</span> <span class='ocrx_word' id='word_1_446' title='bbox 707 3659 777 3690; x_wconf 79' lang='lat' dir='ltr'>dari</span> <span class='ocrx_word' id='word_1_447' title='bbox 806 3660 994 3700; x_wconf 69' lang='lat' dir='ltr'>promiserit</span> <span class='ocrx_word' id='word_1_448' title='bbox 1019 3660 1071 3691; x_wconf 72' lang='lat' dir='ltr'>vel</span> <span class='ocrx_word' id='word_1_449' title='bbox 1099 3661 1225 3692; x_wconf 82' lang='lat' dir='ltr'>dederit</span> <span class='ocrx_word' id='word_1_450' title='bbox 1251 3660 1278 3691; x_wconf 85' lang='lat' dir='ltr'>si</span> <span class='ocrx_word' id='word_1_451' title='bbox 1305 3664 1359 3691; x_wconf 65' lang='lat' dir='ltr'>ete,</span> <span class='ocrx_word' id='word_1_452' title='bbox 1480 3656 1511 3699; x_wconf 80' lang='lat' dir='ltr'>n)</span> <span class='ocrx_word' id='word_1_453' title='bbox 1533 3669 1599 3699; x_wconf 74' lang='lat' dir='ltr'>pro</span> <span class='ocrx_word' id='word_1_454' title='bbox 1626 3655 1737 3689; x_wconf 79' lang='lat' dir='ltr'>mand.</span> <span class='ocrx_word' id='word_1_455' title='bbox 1766 3659 1878 3687; x_wconf 81' lang='lat' dir='ltr'>nostro</span> <span class='ocrx_word' id='word_1_456' title='bbox 1904 3653 2041 3696; x_wconf 64' lang='lat' dir='ltr'>speciali</span> <span class='ocrx_word' id='word_1_457' title='bbox 2066 3651 2106 3684; x_wconf 67' lang='grc' dir='ltr'>Ξῖ</span> <span class='ocrx_word' id='word_1_458' title='bbox 2134 3653 2272 3688; x_wconf 78' lang='lat' dir='ltr'>licentia</span> <span class='ocrx_word' id='word_1_459' title='bbox 2298 3659 2423 3687; x_wconf 83' lang='lat' dir='ltr'>nostra.</span> 
     </span>
    </p>
   </div>
   <div class='ocr_carea' id='block_1_11' title="bbox 2462 1320 2492 1345">
    <p class='ocr_par' dir='ltr' id='par_1_15' title="bbox 2462 1320 2492 1345">
     <span class='ocr_line' id='line_1_46' title="bbox 2462 1320 2492 1345; baseline -0.033 0"><span class='ocrx_word' id='word_1_460' title='bbox 2462 1320 2492 1345; x_wconf 84' lang='lat' dir='ltr'>lo</span> 
     </span>
    </p>
   </div>
   <div class='ocr_carea' id='block_1_12' title="bbox 2462 2010 2495 2036">
    <p class='ocr_par' dir='ltr' id='par_1_16' title="bbox 2462 2010 2495 2036">
     <span class='ocr_line' id='line_1_47' title="bbox 2462 2010 2495 2036; baseline -0.03 0"><span class='ocrx_word' id='word_1_461' title='bbox 2462 2010 2495 2036; x_wconf 88' lang='grc'>20</span> 
     </span>
    </p>
   </div>
   <div class='ocr_carea' id='block_1_13' title="bbox 2459 2411 2490 2438">
    <p class='ocr_par' dir='ltr' id='par_1_17' title="bbox 2459 2411 2490 2438">
     <span class='ocr_line' id='line_1_48' title="bbox 2459 2411 2490 2438; baseline 0.032 -1"><span class='ocrx_word' id='word_1_462' title='bbox 2459 2411 2490 2438; x_wconf 82' lang='lat'>25</span> 
     </span>
    </p>
   </div>
   <div class='ocr_carea' id='block_1_14' title="bbox 2460 2752 2492 2778">
    <p class='ocr_par' dir='ltr' id='par_1_18' title="bbox 2460 2752 2492 2778">
     <span class='ocr_line' id='line_1_49' title="bbox 2460 2752 2492 2778; baseline 0 0"><span class='ocrx_word' id='word_1_463' title='bbox 2460 2752 2492 2778; x_wconf 82' lang='lat'>30</span> 
     </span>
    </p>
   </div>
   <div class='ocr_carea' id='block_1_15' title="bbox 2460 3092 2490 3119">
    <p class='ocr_par' dir='ltr' id='par_1_19' title="bbox 2460 3092 2490 3119">
     <span class='ocr_line' id='line_1_50' title="bbox 2460 3092 2490 3119; baseline 0 0"><span class='ocrx_word' id='word_1_464' title='bbox 2460 3092 2490 3119; x_wconf 84' lang='lat'>35</span> 
     </span>
    </p>
   </div>
   <div class='ocr_carea' id='block_1_16' title="bbox 2456 3480 2489 3505">
    <p class='ocr_par' dir='ltr' id='par_1_20' title="bbox 2456 3480 2489 3505">
     <span class='ocr_line' id='line_1_51' title="bbox 2456 3480 2489 3505; baseline -0.03 0"><span class='ocrx_word' id='word_1_465' title='bbox 2456 3480 2489 3505; x_wconf 87' lang='grc'>40</span> 
     </span>
    </p>
   </div>
  </div>
 </body>
</html>
