2558 3970
112 908 143 932 10

108 1258 139 1282 15

107 1604 140 1629 20

106 1949 138 1975 25

105 2296 138 2321 30

103 2642 136 2667 ³5

103 2988 137 3012 40

105 3331 137 3356 45

721 153 965 187 FRIDERICI
997 154 1037 188 ll.
1065 154 1495 188 CONS'rl'l'l''1¹10NES.
1548 157 1644 190 1244.
1698 157 1854 191 N1125‘2.
2311 175 2391 212 349

185 274 375 325 optenta,
411 284 493 310 non
528 268 792 310 devastanda
830 269 905 309 sed
941 271 1257 311 conservanda.
1296 272 1450 311 nostris
1488 272 1682 312 mamilius
1713 274 1933 323 resignare
1962 278 2180 322 volebant:
2217 284 2387 325 obsides

184 339 321 380 eciam
355 338 618 387 offerebant,
652 338 751 379 licet
784 337 837 378 de
874 351 1063 380 numer0.
1097 352 1221 393 quem
1259 354 1333 379 nos
1368 354 1448 380 non
1485 356 1612 395 posse
1649 350 1747 382 tune
1783 347 1987 399 temporis
2013 348 2246 403 designare
2272 353 2388 395 dice-

182 407 349 456 bamus,
382 413 426 448 et
457 406 510 447 de
544 411 740 463 tempore
774 407 1094 448 retinendorum
1129 408 1326 448 obsidum
1362 409 1514 449 fuisset
1548 410 1773 450 altercatio
1811 413 1920 453 inter
1956 424 2112 469 partes,
2169 419 2233 461 lje
2260 423 2384 463 juris-

182 475 369 517 dictione
403 481 562 525 autem,
596 489 722 530 quam
755 490 831 516 nos
866 476 1117 531 simpliciter
1150 477 1260 517 sicut
1294 477 1475 531 quilibet
1511 492 1581 518 rex
1620 480 1658 518 in
1694 488 1803 520 terra
1831 496 1906 522 sua
1933 484 2092 526 habere
2120 490 2382 538 volebamus.

182 545 379 586 similiter
418 546 645 586 contencio
688 546 786 591 fuit,
838 559 1096 600 quamquam
1144 546 1496 586 Mediolanenses
1552 563 1597 586 se
1644 551 1898 589 contentosk
1943 553 2152 597 haberent
2195 561 2388 615 recipere

183 614 457 670 capitaneum
491 628 515 654 a
545 614 683 655 nobis.
718 628 843 669 quem
868 614 931 655 eis
958 613 1060 654 darc
1085 614 1295 655 vellemus
1321 619 1363 655 et
1387 614 1544 655 ibidem
1571 616 1623 656 ad
1649 618 1912 660 voluntatem
1940 630 2128 665 nostram
2155 626 2385 678 dimittere,

181 684 253 738 qui
286 682 627 724 iurisdictionem
662 689 705 724 et
737 697 901 724 merum
937 684 1162 738 imperium
1199 684 1239 723 in
1275 684 1450 724 civitate
1479 684 1864 728 Mediolanensiimi
1901 696 1942 729 et
1975 693 2066 731 eius
2093 694 2287 738 ‹listi-ictu
2315 714 2387 753 pro

180 756 303 808 parte
337 756 483 793 nostra
516 756 558 793 et
592 752 760 807 imperii
793 756 1033 793 exerceret.

325 822 420 876 (13)
454 821 607 862 Preter
638 821 803 876 priores
837 822 996 862 foi-mas
1031 821 1083 861 de
1118 822 1296 876 negocio
1331 822 1673 864 Lombardorum
1708 827 1940 879 optulimus
1965 835 2316 886 compromittere
2351 838 2389 877 in

181 890 399 931 dominum
433 904 589 945 papam
624 899 665 930 et
697 890 866 934 fratres,
901 891 957 931 ita
991 897 1133 931 tamen
1159 891 1269 944 quod
1306 892 1420 946 prius
1445 893 1617 932 omnino
1643 903 1864 950 rumpatur
1899 901 2139 952 promissio.
2177 906 2386 957 protectio

181 965 224 1001 et
256 959 449 1015 quelibet
495 959 709 1014 obligacio
753 959 901 1000 habita
944 961 1055 1001 inter
1098 974 1193 1001 eum
1239 966 1281 1001 et
1315 961 1545 1001 ecclesiam
1581 977 1633 1001 ex
1676 978 1757 1004 una
1802 972 1922 1020 parte
1957 975 1999 1008 et
2034 969 2299 1012 lammam-<lm
2335 990 2388 1015 ex

179 1029 335 1070 altera.
379 1029 476 1082 quia
519 1041 603 1069 non
636 1028 813 1069 deceret
856 1042 932 1069 nec
967 1029 1193 1083 expediret
1235 1029 1358 1069 nobis
1401 1033 1754 1085 compromittere
1788 1034 1840 1074 (le
1885 1039 2076 1090 negociis
2113 1040 2296 1095 imperii.
2339 1043 2391 1083 de

179 1099 334 1154 quibus
369 1103 436 1139 est
468 1098 638 1152 questio
672 1099 782 1139 inter
815 1113 892 1139 nos
927 1105 970 1139 et
1003 1098 1285 1139 Lombardos.
1320 1099 1360 1139 in
1398 1106 1683 1154 protectorem
1720 1103 1945 1145 rebellium
1973 1106 2312 1151 Lombardorum
2348 1120 2390 1153 et

179 1169 241 1209 eis
274 1181 402 1223 super
435 1167 514 1207 hiis
548 1167 797 1222 specialiter
831 1167 1091 1222 obligatum:
1127 1176 1169 1208 et
1204 1168 1283 1208 hoc
1319 1169 1438 1208 salvo
1475 1169 1564 1209 iure
1597 1175 1639 1209 ct
1673 1170 1851 1213 honore¹
1887 1174 2068 1231 imperii,
2103 1178 2287 1221 deducta
2313 1196 2388 1222 cx-

178 1238 362 1294 pressim
395 1237 447 1278 de
482 1237 792 1292 compromisso
834 1251 939 1292 pace
974 1236 1258 1287 Constaneic,
1305 1238 1363 1278 ita
1405 1238 1517 1293 quod
1553 1239 1604 1279 dc
1640 1255 1691 1281 ea
1725 1243 1936 1284 servanda
1969 1244 2167 1289 dominus
2203 1264 2316 1306 papa
2350 1258 2391 1292 et

179 1307 336 1348 fratres
370 1305 500 1346 nichil
534 1306 708 1346 valeant
749 1305 966 1354 arbitrari,
1009 1320 1103 1346 cum
1137 1307 1191 1347 sit
1222 1307 1479 1361 provisum¹n
1513 1314 1554 1348 et
1587 1308 1801 1351 firmatum
1836 1326 1914 1367 per
1953 1315 2170 1371 principos
2205 1319 2388 1374 imperii,

178 1376 289 1431 quod
322 1375 557 1431 predictam
592 1389 740 1430 pacem
776 1380 994 1430 tamquam
1029 1376 1187 1416 factam
1224 1377 1263 1416 in
1299 1376 1477 1417 evidens
1514 1378 1794 1432 prciudicium
1827 1382 1927 1423 iuris
1953 1389 1995 1424 et
2026 1385 2198 1427 honoris
2224 1388 2388 1444 imperii

176 1458 260 1486 non
293 1444 532 1486 debeamus
567 1444 822 1485 observare:
859 1444 916 1484 ita
949 1450 1095 1486 tamon
1129 1445 1243 1499 quod
1278 1460 1330 1486 ex
1367 1448 1677 1501 compromisso
1702 1449 1893 1503 predicto
1917 1452 1969 1493 ad
1996 1455 2134 1496 nullas
2162 1458 2390 1500 cauciones

177 1514 285 1555 alias
318 1520 565 1555 teneremur
598 1513 664 1553 vel
699 1512 1003 1567 obligaremur,
1046 1514 1123 1554 nisi
1165 1528 1240 1568 per
1274 1515 1637 1570 promissionem¹¹
1671 1523 1713 1557 et
1747 1519 2068 1574 obligacionem
2104 1526 2312 1567 nostram¹
2347 1534 2389 1568 ct

178 1584 419 1640 principum
463 1588 506 1623 ct
545 1582 788 1623 comunium
833 1582 1054 1623 civitatum
1097 1589 1137 1623 et
1181 1584 1364 1624 aliorum
1409 1584 1599 1626 fidelium
1640 1593 1887 1630 nostrorum
1922 1591 2176 1635 Lonibardis
2212 1596 2388 1650 proinde

176 1653 396 1695 faciendas
429 1666 504 1708 pro
539 1651 847 1707 compromisso
882 1656 925 1693 et
967 1666 1074 1708 pace
1109 1653 1354 1699 servandis,
1400 1656 1598 1710 apposito
1634 1658 1815 1699 termino
1849 1660 2025 1702 finiendi
2061 1663 2226 1705 arbitrii
2264 1674 2387 1720 prout

174 1723 216 1764 in
252 1721 464 1777 superiori
498 1721 636 1762 forma
668 1721 924 1762 continetur.
1046 1722 1138 1776 (14)
1172 1722 1385 1764 Predictis
1420 1732 1566 1765 autem
1600 1725 1736 1767 modis
1771 1728 1811 1768 in
1836 1728 2056 1772 dominum
2090 1747 2244 1788 papam
2271 1748 2385 1775 com-

173 1792 427 1848 promittere
461 1791 712 1832 voluimus0.
777 1790 902 1838 Quod
936 1791 969 1831 si
1003 1796 1231 1846 acceptare
1266 1793 1415 1844 nollet,
1451 1794 1684 1848 optulimus
1720 1810 1795 1837 nos
1830 1812 2056 1852 passuros,
2096 1803 2207 1857 quod
2243 1804 2386 1845 nuncii

173 1861 401 1903 rebellium
435 1859 778 1902 Lombardorum
813 1861 1011 1902 venirent
1043 1861 1096 1901 ad
1129 1863 1292 1903 curiam
1327 1862 1566 1904 Romanam
1602 1868 1644 1905 et
1666 1865 1779 1920 quod
1805 1867 2002 1910 dominus
2036 1885 2147 1926 papa
2177 1877 2383 1915 tractaret

176 1931 289 1972 inter
320 1944 398 1972 nos
433 1934 475 1971 et
507 1944 602 1972 eos,
636 1934 678 1970 et
712 1943 767 1970 ex
799 1934 988 1971 tractatu
1021 1930 1214 1985 predicto
1248 1932 1397 1987 procul
1429 1932 1558 1974 dubio
1584 1933 1866 1978 credebamus
1891 1939 2162 1982 concordiam
2196 1956 2381 1997 proven-

173 2004 334 2041 turam:
368 2004 415 2040 ut
447 2004 613 2050 tamen,
656 2000 746 2040 sive
779 2000 1141 2055 compromissum
1174 2000 1248 2041 fiat
1281 2002 1371 2043 sive
1405 2003 1592 2058 simplex
1626 2007 1835 2048 tractatus
1869 2012 1915 2048 ut
1945 2008 2107 2051 dictum
2141 2016 2226 2062 est,
2261 2013 2380 2067 prius

174 2069 476 2111 absolvamurv
521 2082 649 2124 quam
689 2069 850 2124 aliquid
893 2069 944 2111 de
987 2070 1182 2125 predicto
1217 2072 1399 2127 negocio
1441 2073 1670 2115 inchoetur
1702 2084 1810 2116 necq
1843 2083 2018 2134 propter
2051 2083 2281 2121 tractatum
2316 2082 2383 2123 vel

173 2137 485 2180 diffinicionem
509 2138 722 2180 absolutio
747 2137 983 2180 differatur.
1039 2139 1277 2181 Petivimus
1302 2142 1431 2182 etiam
1455 2147 1515 2193 ut,
1550 2144 1826 2199 priusquamr
1858 2147 1941 2188 ista
1964 2148 2079 2198 fiant,
2107 2149 2384 2192 declarentur

175 2209 320 2250 omnia
364 2223 446 2264 que
490 2209 624 2250 dubia
665 2214 709 2250 et
752 2209 936 2250 obscura
978 2215 1076 2250 sunt
1108 2211 1150 2251 in
1192 2210 1331 2253 forma
1363 2213 1482 2267 pacis
1514 2216 1697 2254 tractate
1730 2215 1843 2257 inter
1875 2230 1953 2257 nos
1987 2222 2029 2258 et
2063 2219 2310 2270 ecclesiam,
2345 2226 2388 2262 et

175 2277 289 2332 quod
320 2277 526 2319 mandata
556 2277 760 2319 facienda
789 2292 867 2333 per
899 2279 1116 2320 dominum
1151 2294 1308 2336 papam
1340 2281 1618 2323 declarentur
1651 2288 1694 2324 et
1726 2284 1841 2330 fiant,
1878 2287 2124 2341 specialiter
2147 2288 2199 2329 de
2233 2289 2382 2346 hospi-

173 2346 330 2388 talibus
362 2347 588 2399 faciendis,
622 2347 822 2389 similiter
854 2348 985 2389 etiam
1019 2348 1071 2390 de
1106 2349 1300 2390 subsidio
1335 2351 1517 2391 militum
1542 2356 1585 2393 et
1616 2353 1798 2407 pecunie
1823 2367 1899 2408 pro
1923 2360 2174 2412 contemptu
2201 2358 2384 2399 clavium

171 2415 385 2458 faciendo.
447 2415 658 2458 Volumus
694 2418 831 2459 eciam
865 2417 1075 2459 declarari
1109 2422 1152 2459 et
1185 2419 1427 2474 specificari
1462 2421 1554 2461 iura
1586 2425 1746 2466 nostra,
1782 2436 1864 2477 que
1899 2423 2111 2466 habemus
2146 2431 2188 2467 et
2222 2427 2383 2469 habere

172 2484 378 2526 debemus
411 2485 453 2526 in
487 2484 680 2527 Marchia
713 2492 756 2528 et
788 2486 962 2528 Ducatu
996 2491 1038 2528 et
1071 2487 1156 2528 alia
1189 2492 1303 2529 terra
1336 2502 1464 2543 quam
1499 2490 1686 2530 ecclesia
1717 2494 1849 2539 tenet,
1885 2492 2089 2535 videlicet
2114 2495 2166 2536 de
2190 2498 2383 2537 exercitu

172 2558 239 2595 ets
280 2553 506 2596 cabalcata
549 2559 591 2597 et
631 2556 924 2611 parlamento,
972 2561 1162 2598 mercato
1206 2562 1248 2598 et
1288 2559 1618 2612 procuracione,
1667 2573 1749 2614 que
1793 2575 1868 2601 nos
1911 2567 2130 2618 tamquam
2171 2565 2384 2606 advocati.

172 2624 342 2678 patroni
375 2628 418 2665 et
450 2623 702 2666 defensores
737 2626 922 2666 ecclesie
957 2625 1117 2667 habere
1142 2626 1349 2667 debemus
1374 2627 1426 2668 dc
1460 2632 1574 2668 terra
1606 2628 1799 2683 predicta
1824 2635 1866 2670 et
1890 2630 1941 2671 de
1965 2632 2119 2686 quibus
2144 2634 2182 2673 in
2207 2648 2379 2689 posses‘

174 2693 294 2734 sione
336 2692 496 2734 fuimus
539 2707 676 2748 usque
719 2693 772 2735 ad
817 2699 986 2750 tempus
1020 2695 1258 2737 discordie.
1305 2710 1564 2752 quamquam
1599 2696 1651 2738 de
1686 2698 1812 2738 modo
1847 2699 2031 2741 habendi
2068 2703 2306 2743 exercitum
2341 2713 2381 2743 ct

174 2761 443 2803 cabalcatam
474 2762 733 2818 predictamt
767 2763 1001 2819 aliquando
1026 2766 1251 2806 contencio
1277 2765 1434 2807 fueritu
1457 2766 1569 2807 inter
1598 2780 1675 2806 nos
1699 2772 1741 2807 et
1765 2782 1953 2809 summos
1975 2771 2204 2824 pontifices
2229 2771 2381 2813 Hono-

174 2831 282 2872 rium
316 2835 360 2872 et
393 2829 654 2886 Gregorium
669 2839 699 2879 V,
733 2832 804 2886 qui
837 2846 889 2873 ea
920 2847 1003 2874 non
1037 2833 1127 2874 iure
1160 2839 1307 2875 nostro
1340 2835 1446 2875 velW
1478 2834 1531 2874 ad
1565 2834 1814 2876 mandatum
1839 2842 2048 2879 nostrum.
2084 2839 2159 2880 sed
2184 2840 2235 2880 ad
2263 2855 2380 2881 man-

174 2898 321 2941 datum
355 2900 542 2941 ecclesie
576 2901 782 2955 requisite
817 2900 869 2942 de
902 2901 985 2942 hiis
1010 2917 1087 2943 nos
1111 2902 1272 2944 debere
1305 2903 1559 2958 percipereX
1593 2908 1635 2945 et
1669 2905 1830 2946 habere
1854 2906 2066 2949 dicebant.
2160 2909 2252 2964 (15)
2286 2909 2380 2951 Hee

172 2968 339 3011 autem¹
384 2968 481 3010 ideo
519 2968 722 3019 dicimus,
766 2984 849 3011 non
896 2975 1129 3027 propterea
1173 2977 1218 3012 ut
1256 2973 1526 3014 occasionem
1569 2975 1686 3028 pacis
1729 2975 2004 3030 impediende
2039 2979 2105 3019 vel
2144 2978 2381 3019 differende

172 3051 418 3093 queramus,
452 3038 527 3080 sed
557 3044 605 3079 ut
628 3039 826 3081 omnibus
850 3039 1079 3081 declaratis
1102 3044 1145 3082 et
1174 3041 1353 3082 firmiter
1378 3043 1643 3097 compositis.
1679 3056 1760 3097 que
1785 3043 2118 3086 discessionem·v
2151 3052 2193 3087 et
2216 3047 2377 3088 discor-

172 3105 286 3147 diam
319 3107 431 3148 inter
463 3121 541 3148 nos
574 3112 617 3148 et
651 3109 879 3149 ecclesiam
915 3109 1178 3159 excitabant,
1213 3124 1291 3151 nos
1316 3112 1512 3152 serviciis
1535 3111 1619 3153 Dei
1644 3117 1686 3153 et
1710 3113 1896 3155 ecclesie
1921 3128 1969 3155 ac
1998 3115 2164 3170 imperii
2190 3118 2379 3171 negociis

172 3188 398 3230 possemus
430 3176 474 3216 in
506 3180 728 3232 posterum
762 3191 913 3219 secure
948 3193 1116 3220 vacare.
1178 3178 1271 3221 Nec
1304 3180 1483 3221 miretur
1516 3181 1674 3236 aliquis
1710 3195 1840 3236 super
1872 3196 1940 3232 eo,
1976 3184 2089 3238 quod
2121 3185 2202 3226 hec
2237 3186 2381 3227 omnia

173 3245 357 3300 exprimi
390 3250 433 3286 et
464 3244 677 3287 declarari
709 3247 828 3302 prius
861 3261 946 3288 non
978 3248 1247 3302 petivimus2.
1310 3248 1402 3290 Nos
1435 3250 1549 3290 enirn
1583 3249 1636 3290 de
1670 3250 1840 3291 iusticia
1874 3256 1916 3291 et
1939 3252 2194 3295 innocencia
2218 3259 2377 3298 nostra.

174 3326 299 3367 quam
334 3313 550 3368 quondam
585 3314 781 3356 dominus
815 3330 929 3371 papa
952 3315 1190 3371 Gregorius
1224 3316 1508 3372 predecessor
1532 3318 1654 3358 istius
1680 3318 1733 3359 ob
1757 3320 1947 3360 favorem
1983 3321 2227 3363 rebelliuml
2249 3323 2378 3364 Lom-

310 3450 397 3486 252.
428 3450 464 3493 k)
489 3454 702 3486 continentes
727 3452 759 3487 2.
784 3453 816 3487 3.
958 3453 982 3495 1)
1010 3455 1101 3487 deest
1125 3454 1157 3487 2.
1183 3454 1213 3487 3.
1356 3458 1399 3493 m)
1434 3457 1638 3499 promissum
1664 3456 1695 3489 2.
1721 3456 1751 3489 3.
1895 3460 1928 3500 ¹²)
1962 3460 2003 3492 ad
2029 3471 2133 3502 prom.
2162 3459 2183 3493 3
2192 3474 2200 3501 3
2239 3463 2281 3495 ad
2307 3473 2378 3504 per-

173 3509 366 3543 missionem
392 3509 426 3543 2.
573 3510 605 3551 ⁰)
642 3512 802 3544 volumus
827 3511 858 3544 2.
1010 3512 1042 3555 1‘)
1080 3513 1337 3546 absolveremur
1361 3512 1392 3546 2.
1419 3512 1449 3546 3.
1592 3513 1624 3554 q)
1662 3515 1726 3546 nisi
1758 3513 1789 3547 2.
1815 3514 1846 3548 3.
1987 3518 2015 3554 Γ)
2051 3522 2230 3560 postquam
2268 3517 2376 3551 1-3.

174 3565 202 3607 ⁵)
227 3567 268 3599 de
293 3578 344 3600 ex.
371 3573 404 3600 et
429 3569 498 3601 des.
515 3566 547 3601 2.
573 3566 604 3601 3.
745 3569 772 3611 t)
799 3570 958 3613 predictis
985 3570 1013 3602 1.
1146 3570 1180 3612 u)
1206 3572 1271 3603 fuit
1296 3570 1328 3603 2.
1354 3570 1386 3604 3.
1518 3578 1548 3609 V)
1574 3572 1692 3604 Honffi·
1718 3577 1751 3604 et
1777 3573 1940 3616 Gregorio
1967 3574 1997 3606 1.
2128 3576 2168 3616 w)
2197 3575 2251 3607 vel
2277 3586 2379 3617 usque

174 3628 327 3657 nostrum
351 3626 421 3658 des.
439 3625 470 3658 2.
495 3623 526 3658 3.
668 3625 702 3667 x)
735 3628 884 3670 recipere
909 3625 940 3661 2.
967 3629 996 3660 ὅ.
1139 3628 1173 3669 y)
1204 3628 1448 3662 dissensionem
1474 3628 1504 3661 2.
1532 3628 1562 3662 3.
1705 3630 1733 3671 z)
1769 3631 1955 3673 exprimere
1981 3637 2013 3663 et
2039 3631 2211 3664 declarare
2236 3643 2284 3674 pr.
2312 3643 2378 3663 non

109 3683 141 3709 5⁰
175 3684 346 3723 potuimus
370 3681 401 3715 2.
429 3681 460 3716 3.
