2558 3970
0 3792 87 3970 1

99 1034 132 1059 10

101 1386 129 1410 15

99 1803 132 1829 20

98 2148 129 2174 25

99 2495 133 2520 30

102 2838 134 2864 35

104 3527 139 3552 45

650 163 890 198 FRIDEmei
920 164 963 199 11.
989 164 1422 200 CONSTVrl''1'1‹·)Nl·:s.
1478 168 1571 201 1:233.
1625 168 1685 202 Nr.
1709 169 1780 202 ιτα.
1811 170 1884 202 177.
2283 174 2364 211 211.»

170 279 369 320 Romana
401 279 579 334 recipiat
611 278 872 319 Societatem
909 278 1181 322 Lombardiv.
1220 280 1419 322 Mai-ohim
1457 281 1663 322 Romanu·
1697 290 1737 323 vt
1773 283 1967 323 homins-s
1995 285 2108 324 illius
2134 286 2362 325 Socii-tntis

170 352 213 388 et
244 347 366 388 locad
399 348 440 388 in
475 362 552 389 sua
583 346 882 402 protectione'.

315 415 371 457 Et
402 416 483 457 hec
516 416 661 457 onmia
691 416 864 456 fuerunt
896 420 993 456 actu
1026 421 1069 456 et
1101 417 1213 455 faeta
1248 417 1287 456 in
1323 419 1539 471 presentia
1573 418 1841 460 dominorum
1878 421 2083 476 Stephani
2111 423 2287 462 (unnim
2322 431 2360 462 vt

168 484 382 540 Raynaldi
424 484 616 540 episcopi
656 484 907 525 Hostiensis
950 484 1232 525 cardinalium
1273 490 1314 526 et
1348 484 1520 526 Rufi-edi
1568 487 1761 528 hostiarii
1795 489 1952 529 domini
1997 505 2105 545 pape
2139 497 2181 530 et
2222 493 2363 532 fratris

168 553 375 595 Iohannis
408 553 714 594 cubiculatoris
746 553 905 594 domini
940 566 1065 608 pape.

312 623 469 664 Actum
502 626 568 663 est
598 622 639 662 in
673 622 849 677 pallatio
883 622 974 663 sive
1006 623 1046 662 in
1081 625 1176 662 ortu
1210 621 1371 662 domini
1413 637 1521 677 pape
1558 624 1597 663 in
1634 625 1806 665 civitate
1844 626 1977 666 ltomc·
2011 627 2122 681 apud
2158 630 2362 668 Sanc-tum

168 691 408 732 Iohannem
441 690 742 733 Lateranum‘u

310 760 405 815 Ego
439 760 697 801 Marchisius
732 758 1005 801 Sinistrarius
1048 760 1241 800 notarius
1275 760 1383 800 sacri
1426 760 1569 814 palmii
1605 762 1787 802 civitatis
1824 762 2156 804 Mediolanensis
2196 766 2363 806 interfui

167 835 212 871 et
242 835 419 886 rogatus
452 828 619 884 scripsi.

435 1012 534 1055 177.
573 1011 949 1054 ARBITRIUM
977 1011 1289 1054 GREGoRll
1318 1012 1402 1052 IX.
1437 1012 1802 1056 PONTIFICIS.
1871 1015 1965 1057 lun.
1990 1019 2026 1056 Γ».
2061 1020 2097 1057 7.

309 1093 495 1134 Litteras
514 1093 572 1134 ad
593 1093 879 1145 imperatorem
903 1093 998 1134 Ima.
1017 1094 1041 1131 5
1072 1092 1195 1133 elatas
1218 1092 1293 1147 (A)
1317 1094 1564 1144 e.1·emplm,.=it
1594 1093 1714 1135 Perta*
1736 1109 1755 1132 e
1779 1095 1963 1147 Rvyislre'
1985 1099 2087 1137 mmo
2107 1097 2133 1136 I
2147 1097 2368 1140 1212—›151

167 1162 238 1205 lib.
270 1161 366 1212 VII,
390 1164 484 1211 146,
515 1162 588 1203 ubi
618 1163 663 1203 in
686 1162 794 1203 calce
820 1162 1033 1215 Ieymztur:
1066 1162 1116 1202 In
1141 1162 1326 1203 eundem
1350 1162 1523 1203 modum
1549 1164 1756 1219 scriptum
1782 1171 1848 1205 est
1872 1166 2111 1205 rectoribus
2137 1167 2364 1206 S‹›‹·ietatis

166 1230 428 1272 Lombardie
462 1236 505 1273 et
527 1230 782 1272 Romaniole
807 1231 950 1272 verbis
983 1236 1279 1286 competenter
1312 1232 1508 1273 mutatis:
1541 1234 1729 1284 mpelae'vit
1752 1233 1991 1285 lima-noem
2015 1234 2048 1280 Ι,
2072 1237 2155 1273 4:30·
2188 1249 2249 1274 nr.
2276 1238 2366 1275 1331.

166 1300 256 1341 Nos
292 1301 338 1341 in
375 1300 716 1342 adnotationibus
757 1300 1027 1353 adcvmzyimus
1064 1300 1208 1341 varias
1250 1300 1439 1341 lectiones
1471 1300 1544 1353 (B)
1587 1301 1820 1342 litterarum
1853 1302 1908 1342 ml
1949 1306 2119 1343 rectores
2152 1305 2369 1344 Sat-inlatis

166 1369 265 1412 Iun.
290 1372 317 1410 7
346 1369 560 1419 datar-um,
605 1382 710 1422 quas
740 1369 869 1410 edidit
900 1368 1119 1410 Meo-affori
1161 1370 1201 1409 in
1236 1369 1590 1420 ‘Antiquitatibus
1625 1370 1797 1411 italicis·
1835 1370 2015 1415 [132525
2057 1388 2075 1409 ι’
2116 1375 2368 1412 limosas-'melo

163 1452 277 1480 anno
306 1439 442 1480 eodem
474 1441 597 1481 1233.
631 1439 738 1491 Sept.
764 1441 789 1479 6
819 1454 846 1480 a
867 1439 1171 1480 Bonaventma
1203 1439 1368 1479 notario
1391 1430 1822 1493 Fen-rarione·jacio,
1855 1441 1961 1492 qewrl
1992 1442 2099 1481 eruit
2122 1457 2140 1481 α
2163 1442 2369 1482 (ahalaria,

165 1507 349 1552 Estensi.
382 1534 435 1539 —
466 1508 933 1551 Hwillard-Breholles
953 1508 1035 1558 IV,
1057 1511 1155 1550 431.
1218 1507 1420 1558 Patthasn
1443 1508 1542 1561 Ray.
1565 1511 1684 1560 pont.
1710 1509 1824 1549 Rom.
1851 1511 1974 1552 9219.
2000 1513 2121 1551 1))321.
2176 1510 2368 1557 Biilzmer,

167 1576 268 1630 Rey.
300 1577 398 1630 imp.
436 1577 481 1629 V,
504 1578 629 1619 6965.
660 1579 785 1619 6966.
2007 1577 2075 1629 (Ι).
2108 1582 2226 1627 2951.)

314 1714 576 1758 Carissimo³
605 1717 649 1757 in
682 1715 854 1757 Christo
888 1716 975 1757 filio
1008 1715 1226 1757 Friderico
1260 1716 1415 1757 illustri
1450 1716 1743 1758 Romanorum
1776 1717 2026 1771 imperatori
2062 1723 2142 1757 etc.

313 1783 421 1826 Cum
460 1784 710 1827 iamdudum
748 1786 861 1826 inter
899 1784 970 1826 teb
1011 1799 1066 1826 ex
1108 1790 1230 1840 parte
1270 1799 1356 1825 una
1395 1789 1439 1826 et
1471 1785 1735 1826 Societatem
1769 1785 2052 1828 Lombardie.
2101 1785 2292 1826 Mareliie
2327 1792 2365 1824 et

165 1853 422 1907 Romaniole
467 1868 521 1896 ex
561 1854 696 1896 altera
735 1868 866 1910 super
897 1853 1156 1908 quibusdam
1190 1854 1383 1895 articulis
1419 1853 1712 1909 exprimendis
1746 1855 1944 1895 inferius.
1990 1855 2162 1895 inimico
2198 1854 2366 1894 homine

167 1924 542 1978 superseminante
575 1924 753 1975 zizania,
787 1923 929 1978 gravis
963 1922 1177 1964 discordia
1210 1928 1304 1963 orta
1338 1928 1468 1972 esset,
1502 1937 1577 1963 nos
1600 1923 1874 1964 attendentes
1899 1923 2135 1963 animarum
2160 1923 2368 1976 pericula.

168 1996 338 2048 strages
379 2007 626 2048 corporum,
668 1992 856 2048 dampna
887 2006 1030 2033 rerum
1063 1995 1105 2033 et
1138 1992 1423 2033 ecclesiarum
1456 2006 1505 2032 ac
1541 1992 1842 2046 religiosorum
1876 1993 2068 2033 locorum
2103 1992 2250 2034 exitia.
2284 2005 2365 2045 que

166 2066 349 2118 possent
393 2076 449 2104 ex
494 2061 742 2103 huiusmodi
782 2061 999 2103 discordia
1042 2061 1267 2111 obvenire,
1317 2065 1359 2101 et
1401 2060 1515 2116 quod
1558 2075 1646 2111 res,
1696 2061 1778 2101 nisi
1813 2061 2096 2102 obsisteretur
2134 2060 2369 2115 principiis.

169 2131 349 2172 multum
392 2135 512 2173 esset
552 2131 736 2172 allatura
773 2130 1030 2172 discriminis
1075 2135 1119 2171 et
1150 2130 1192 2170 in
1235 2129 1395 2170 malum
1428 2129 1583 2170 altiusc
1615 2144 1918 2184 progressura,
1961 2130 2150 2185 cepimus
2185 2129 2296 2168 inter
2328 2134 2369 2167 te

168 2203 212 2240 et
252 2199 433 2242 eandem
474 2199 770 2242 Societatemd
810 2200 929 2255 pacis
970 2200 1150 2240 consilia
1193 2200 1398 2253 cogitare.
1460 2198 1737 2254 Quapropter
1775 2199 1928 2239 futuris
1963 2198 2136 2238 obviare
2170 2197 2369 2252 perieulis

167 2269 412 2324 cupientes,
459 2268 639 2311 dilectos
695 2269 804 2310 filios
851 2273 1021 2309 nostros
1071 2267 1104 2310 Ι.
1148 2267 1454 2309 Penestrinum
1507 2268 1691 2309 electum
1736 2273 1779 2310 et
1827 2267 1876 2308 O.
1921 2268 2068 2308 Sancti
2115 2267 2280 2308 Nicolai
2330 2267 2368 2306 in

168 2336 354 2380 C'arcere
401 2337 598 2379 Tulliano
643 2337 868 2379 diaconem
918 2337 1179 2378 cardinalem
1228 2337 1281 2378 ad
1329 2342 1473 2392 partes
1521 2336 1801 2385 Lombardie,
1861 2338 2086 2377 commisso
2136 2336 2197 2376 eis
2246 2336 2370 2390 plen(-

167 2407 397 2462 legationis
430 2407 590 2458 officio,
632 2411 808 2462 propter
844 2406 924 2447 hoc
969 2406 1233 2461 providimus
1277 2405 1579 2456 destinandos,
1623 2406 1778 2460 quibus
1812 2405 1865 2446 ad
1899 2406 2056 2446 bonum
2091 2405 2205 2459 pacis
2240 2405 2368 2444 inter—

167 2476 430 2532 ponentibus
476 2476 712 2518 efficaciter
765 2480 911 2532 partes
958 2488 1078 2526 suam,
1136 2479 1231 2530 post
1278 2474 1449 2516 labores
1506 2475 1766 2530 multiplices
1814 2479 1994 2528 utraque
2042 2487 2139 2527 pars
2191 2474 2229 2512 in
2279 2486 2368 2512 car-

168 2545 335 2588 dinales
377 2545 551 2587 eosdem
584 2545 768 2587 ecclesie
801 2544 995 2587 Romane
1028 2545 1201 2585 nomine
1234 2544 1534 2598 sollempniter
1565 2543 1869 2598 compromisit.
1931 2542 2086 2583 Forma
2122 2556 2220 2582 vcro
2255 2555 2368 2581 com-

169 2615 371 2671 promissi
402 2615 483 2657 hec
515 2618 600 2657 est:

316 2683 381 2725 ‘In
413 2684 585 2725 nomine
617 2683 794 2724 Domini
827 2681 967 2724 amen’
1002 2687 1084 2724 etc.
1119 2682 1231 2723 sicut
1263 2681 1423 2736 scripta
1455 2684 1523 2722 est
1554 2681 1596 2721 in
1629 2679 1855 2721 undecimo
1889 2684 2097 2734 quaterno
2132 2678 2243 2719 sexti
2269 2676 2366 2717 anni

170 2767 326 2809 usque:
367 2740 430 2794 ‘in'
465 2767 542 2795 sua
576 2765 747 2808 semper
784 2756 989 2794 maneant
1025 2750 1268 2793 firmitatel.
1329 2749 1409 2791 Ete
1442 2754 1545 2791 nota
1587 2749 1699 2804 quod
1732 2763 1827 2789 cum
1860 2748 2152 2803 superioribus
2186 2746 2368 2787 testibus

170 2822 363 2864 interfuit
399 2822 598 2863 dominus
637 2821 840 2863 Nicolaus
888 2821 1117 2876 episcopus
1159 2819 1371 2874 Reginus.
1439 2818 1533 2873 Ego
1573 2819 1779 2872 magister
1819 2815 2087 2857 Rolandinus
2130 2815 2182 2855 de
2223 2814 2369 2855 l'adua

170 2891 429 2947 imperialisf
465 2891 706 2933 maiestatis
758 2890 952 2931 notarius
996 2889 1190 2944 predicto
1235 2889 1462 2929 commisso
1505 2893 1547 2928 et
1598 2886 1907 2942 compromisso
1955 2885 2133 2939 aliisque
2174 2884 2369 2923 omnibus·

170 2960 470 3016 suprascriptis
500 2959 676 3002 interfui
708 2958 998 3014 mandatoque
1021 2959 1212 3013 ipsorum
1237 2956 1504 2998 dominorum
1529 2955 1809 2997 cardinalium
1836 2960 1908 2996 etg
1932 2954 2150 2994 voluntate
2177 2951 2365 3006 magistri

172 3027 326 3070 domus
358 3028 694 3071 Teutonicorum
728 3028 880 3084 scripsi
913 3033 956 3069 et
987 3026 1233 3083 publicavi’.

310 3164 394 3200 126.
427 3164 460 3208 d)
486 3167 560 3200 loeo
586 3178 612 3199 c.
731 3165 760 3208 e)
785 3167 992 3199 Leteranum
1017 3176 1044 3196 c.

311 3234 398 3268 177.
430 3234 461 3277 a)
488 3234 536 3267 B:
562 3235 796 3278 Gregorius
830 3235 1064 3277 episcopus
1097 3243 1249 3265 servus
1274 3242 1494 3264 servorum
1521 3232 1593 3263 Dei
1625 3231 1800 3263 dilectis
1827 3230 1937 3261 filiis
1963 3229 2209 3260 rectoribus
2236 3227 2371 3259 Socie-

171 3292 278 3325 tatis
301 3293 576 3335 Lombardie,
601 3293 796 3325 Marchie
821 3298 861 3325 et
884 3291 1089 3324 Romanie
1115 3290 1299 3322 salutem
1326 3294 1365 3321 et
1389 3289 1672 3331 apostolicam
1699 3286 2046 3320 benedictionem.
2141 3283 2173 3326 b)
2194 3290 2310 3327 prote
2331 3302 2370 3306 -

171 3350 368 3383 Romaniole
400 3349 448 3382 B:
486 3350 755 3383 carissimum
794 3351 837 3382 in
871 3349 1042 3382 Christo
1079 3348 1222 3380 filium
1267 3352 1463 3379 nostrum
1504 3346 1783 3378 Fredericum
1832 3344 2047 3376 illustrem
2096 3344 2371 3374 Romanorum

172 3406 475 3449 imperatorem
503 3419 671 3451 semper
700 3413 956 3450 augustum,
994 3405 1236 3438 Ierusalem
1270 3409 1309 3436 et
1333 3403 1483 3435 Sicilie
1508 3413 1647 3445 regem
1672 3413 1720 3434 ex
1747 3407 1865 3444 parte
1891 3412 1972 3433 una
1997 3406 2035 3433 et
2061 3411 2142 3431 vos.
2238 3404 2266 3435 0)
2292 3398 2372 3430 alte-

171 3463 243 3496 rius
266 3463 308 3496 B.
450 3462 481 3506 d)
517 3465 605 3497 inter
635 3476 697 3497 vos
727 3470 761 3498 et
784 3465 940 3497 eumdem
975 3464 1211 3506 imperatorem
1237 3461 1278 3493 B.
1445 3462 1473 3501 e)
1513 3461 1561 3491 Et
1597 3477 1639 3480 —
1678 3459 1870 3501 Reginus
1895 3458 1964 3490 des.
1983 3457 2024 3489 B.
2189 3454 2219 3497 f)
2251 3457 2370 3496 inipe-

174 3520 305 3554 rialis
345 3522 585 3555 maiestatis
622 3522 815 3555 notarius
849 3522 916 3554 des.
943 3520 986 3554 B.
1149 3518 1182 3561 Β)
1212 3529 1282 3559 pro
1318 3523 1350 3549 et
1388 3536 1432 3541 —
1469 3517 1733 3549 Teutonicorum
1767 3515 1816 3547 B:
1864 3515 2108 3558 legatorum
2146 3519 2183 3545 et
2223 3517 2371 3553 rogatu

174 3578 372 3620 partium.

310 3669 344 3713 1)
369 3667 407 3702 V.
431 3678 546 3712 supra
568 3679 624 3702 nr.
644 3672 708 3703 168
732 3678 812 3701 cum
834 3667 967 3701 inserto
991 3675 1142 3700 numero
1167 3670 1238 3707 166,
1265 3664 1327 3707 qui
1350 3663 1490 3697 numeri
1513 3663 1574 3697 hoc
1598 3663 1672 3696 Ioco
1696 3663 1734 3695 in
1763 3662 1790 3695 B
1814 3660 1944 3704 inteyri
1970 3660 2145 3703 quzcntur.

2036 3733 2100 3766 28*

2386 1868 2472 1894 >luith
2497 1873 2556 1895 1:52
