2558 3970
80 2299 142 2325 xlm.
165 2303 202 2324 Η.

242 196 320 233 206
766 188 1005 222 FRIDERICI
1034 189 1075 222 11.
1103 188 1531 223 CONSTITUTIONES.
1582 189 1678 223 1232.
1727 189 1789 223 Nr.
1810 189 1884 223 168.

389 310 416 345 1,
459 305 523 344 Ad
567 305 768 344 houm-om
812 303 1114 357 omnipotentis
1148 302 1229 342 Dei
1271 303 1578 357 beatorumque
1622 303 1913 357 apostolorum
1947 302 2038 341 eius
2071 302 2186 342 Petri
2220 306 2261 341 et
2293 302 2415 342 Pauli

239 382 279 413 et
323 373 591 412 sanctissime
631 372 776 411 matris
816 375 960 410 nostre
1002 370 1207 420 ecclesie,
1240 369 1400 410 domini
1441 384 1572 425 pape,
1614 370 1928 410 venerabilium
1967 369 2234 409 dominorum
2276 369 2414 410 cardi-

238 442 409 482 nalium.
444 439 586 480 Iacobi
622 437 883 479 Penestrinis
913 438 1042 478 electi
1074 445 1116 477 et
1148 437 1316 478 Ottonis
1349 437 1495 478 Sancti
1528 438 1696 479 Nicolai
1729 438 1771 478 in
1801 437 1983 478 Carcere
2017 436 2215 477 Tulliano
2247 437 2415 478 diaconi

238 508 487 549 cardinalis.
529 507 764 562 apostolice
797 506 910 546 sedis
942 505 1204 559 legatorum.
1245 507 1507 547 serenissimi
1539 506 1698 547 domini
1730 505 1938 546 Friderici
1969 504 2053 547 Dei
2084 506 2221 560 gratia
2252 505 2412 546 Roma-

237 591 386 616 norum
421 575 688 631 imperatoris
723 588 893 628 semper
915 574 1103 628 augusti,
1136 573 1377 615 Ierusalem
1409 589 1458 615 ac
1482 574 1625 615 Sicilie
1659 574 1786 628 regis,
1819 577 1861 614 et
1884 573 2110 614 Societatis
2140 572 2414 625 Lombardie,

239 645 428 684 Marchie
463 649 504 684 et
536 641 787 683 Romaniek.

380 715 414 752 2.
453 711 558 752 Cum
595 710 862 750 venerabiles
897 709 1137 750 cardinales
1161 709 1320 749 domini
1342 710 1523 751 Iacobus
1545 708 1854 751 Penestrinusf
1884 709 2045 750 electus
2076 713 2120 749 et
2143 708 2245 749 Otto
2271 708 2417 750 Sancti

240 781 403 821 Nicolai
448 781 486 820 in
521 779 703 819 Cal-cere
737 777 935 818 Tulliano
978 777 1181 817 diaconus
1222 777 1472 822 cardinalis.
1517 778 1752 832 apostolice
1785 777 1898 818 sedis
1930 777 2084 831 legati,
2126 777 2234 817 sicut
2266 777 2308 817 in
2341 790 2417 817 sue

236 850 462 903 legationis
494 849 646 889 litteris
678 848 847 902 plenius
880 846 1134 896 continetur,
1169 845 1328 886 iamdiu
1362 846 1654 900 requisissent,
1688 846 1799 900 quod
1831 845 2027 886 dominus
2058 845 2303 886 Fridericus
2333 844 2416 886 Dei

235 918 371 970 gratia
415 917 702 957 Romanorum
749 916 978 969 imperator
1018 928 1073 954 ex
1118 927 1204 954 una
1247 918 1367 968 parte
1416 917 1458 954 et
1502 913 1762 969 infrascripti
1802 917 1990 954 rectores
2030 918 2073 955 et
2115 913 2414 954 ambaxatores

236 985 603 1040 infrascriptarum
636 983 873 1025 civitatuml
908 982 1133 1023 Societatis
1163 981 1437 1033 Lombardie,
1470 981 1661 1023 Marchie
1695 986 1737 1022 et
1760 981 2000 1023 Romaniek
2033 986 2075 1022 et
2104 982 2196 1037 ipse
2221 981 2416 1022 civitates

240 1058 281 1092 et
314 1052 505 1093 Societas
539 1067 593 1094 ex
625 1053 761 1093 altera
799 1065 928 1106 super
967 1050 1196 1102 discordia,
1237 1064 1319 1104 que
1359 1050 1470 1090 inter
1510 1050 1727 1090 dominum
1766 1050 2071 1105 imperatorem
2102 1050 2343 1105 predictum
2374 1053 2417 1090 et

238 1121 372 1175 ipsam
398 1120 658 1161 Societatem
692 1120 799 1160 verti
822 1119 1058 1168 videbatur,
1094 1132 1139 1158 se
1172 1118 1489 1159 committerent
1520 1122 1563 1159 et
1591 1118 2034 1173 compromitterentm‚
2067 1118 2160 1172 ipse
2183 1118 2418 1173 imperator

237 1203 290 1228 ex
324 1203 403 1229 una
449 1195 567 1243 parte
600 1194 643 1229 et
675 1188 752 1242 ipsi
784 1192 971 1228 rectores
1005 1191 1047 1228 et
1079 1186 1407 1237 ambaxatores,
1447 1186 1615 1227 nomine
1648 1200 1723 1227 sue
1757 1186 1946 1226 civitatis
1980 1186 2137 1240 singuli
2169 1190 2211 1227 et
2243 1186 2414 1226 nomine

238 1256 465 1297 Societatis
497 1258 694 1309 universi⁷
731 1258 771 1297 in
804 1258 918 1312 ipsos
952 1256 1144 1297 dominos
1176 1256 1344 1310 legatos
1379 1256 1615 1296 secundum
1647 1255 1826 1296 formam
1849 1255 2123 1296 articulorum
2146 1268 2222 1296 seu
2245 1255 2412 1309 capitu-

238 1325 371 1365 lorum
408 1326 582 1366 inferius
616 1330 861 1366 annotatam
888 1349 939 1354 ——
963 1325 1136 1365 nomina
1167 1338 1346 1378 quorum
1379 1327 1592 1364 rectorum
1616 1328 1659 1365 et
1681 1324 2006 1365 ambaxatorum
2029 1327 2071 1364 et
2094 1323 2314 1364 civitatum
2336 1323 2416 1364 hec

235 1399 377 1433 suurn:
412 1408 487 1448 pro
523 1393 763 1434 Mediolano
801 1393 1025 1434 dominus⁰
1058 1392 1236 1433 Rufinus
1270 1392 1323 1433 de
1356 1392 1595 1444 Mande110‚
1627 1392 1964 1447 Lampugnanus
1998 1391 2290 1433 Marzelinusp
2321 1404 2413 1432 rcc-

235 1470 368 1502 tores.
412 1461 670 1502 Guffredusq
702 1462 753 1502 de
785 1461 986 1502 Pusterla
1018 1465 1059 1501 et
1090 1460 1306 1501 Henricus
1340 1460 1606 1501 Gambarus¹'
1648 1460 1798 1511 iudex,
1840 1460 2144 1501 ambaxatores
2179 1460 2416 1500 communis

236 1529 590 1570 Mediolanensis:
631 1544 706 1585 pro
738 1529 886 1570 Brixia
918 1529 1116 1569 dominus
1151 1528 1390 1582 Ognabene
1423 1528 1475 1570 de
1499 1528 1730 1582 Pessagios
1767 1527 1898 1568 iudex
1930 1533 2088 1575 rect0r;
2120 1542 2197 1583 pro
2219 1527 2416 1568 Bononia

235 1597 390 1638 domini
435 1599 676 1640 Aimericus
717 1597 926 1653 Arpinelli
972 1598 1116 1651 legum
1160 1596 1356 1637 dominus
1406 1597 1467 1637 ett
1506 1596 1733 1637 Vrsolinus
1778 1596 1831 1637 de
1871 1596 2022 1637 Vrsisu
2064 1600 2298 1643 rectoresv;
2339 1609 2414 1651 pro

235 1666 454 1707 Placentia
492 1667 687 1708 dominus
729 1667 998 1708 Lanfrancus
1038 1666 1090 1706 de
1130 1664 1374 1706 LandedoW
1406 1668 1567 1713 rect0r3
1612 1679 1687 1720 pro
1720 1664 1869 1705 Padua
1909 1665 2106 1705 dominus
2140 1663 2417 1706 Guiffredusq

234 1734 285 1774 de
325 1734 515 1776 Luzinox
563 1735 780 1776 Cumanus
824 1735 926 1775 civis
968 1733 1114 1774 Padue
1152 1737 1389 1788 potestasy,
1436 1733 1594 1774 domini
1638 1732 1842 1773 Nicolaus
1886 1733 2048 1773 Mathei
2089 1732 2142 1773 de
2185 1732 2418 1774 Flabianoz

235 1802 395 1853 iudex‘.
430 1803 643 1844 IIenricus
678 1804 729 1844 de
763 1803 998 1844 Manfredis
1031 1807 1241 1849 rectores:
1284 1816 1359 1856 pro
1390 1801 1618 1843 Ferrariaa
1652 1801 1811 1842 domini
1846 1801 1988 1842 Guido
2021 1801 2371 1842 Uisdominorum
2385 1803 2416 1852 ι’,

235 1869 435 1911 Menaboi
459 1877 691 1913 rectoresv:
723 1886 798 1927 pro
821 1872 1031 1912 Fauentia
1063 1871 1221 1911 domini
1246 1869 1466 1911 Gerardus
1489 1870 1718 1911 Arcolanie
1751 1869 1894 1921 iudex,
1929 1869 2067 1911 Guido
2092 1869 2145 1910 de
2170 1868 2415 1910 Marzanis‘l

235 1946 439 1980 rectores:
482 1954 557 1994 pro
592 1940 737 1981 Cumis
770 1940 944 1981 Petrust
978 1940 1030 1980 de
1064 1939 1287 1980 Romanoe
1318 1939 1529 1979 notariust
1561 1939 1734 1978 nuntius
1766 1941 1808 1979 et
1850 1942 2101 1992 procurator
2130 1938 2264 1992 ipsius
2298 1951 2413 1978 com-

235 2008 371 2047 munis
414 2007 465 2048 de
508 2008 672 2050 Cumis:
721 2023 797 2063 pre
838 2007 1016 2049 Mantua
1064 2007 1221 2048 domini
1254 2006 1460 2062 Vguieios
1500 2007 1752 2058 advocatus,
1800 2006 2012 2048 Martinus
2054 2007 2106 2048 de
2149 2006 2419 2048 Bonacosisg

234 2081 439 2125 rectores,
485 2079 554 2131 qui
587 2077 710 2118 ambo
748 2081 938 2118 rectores
970 2076 1022 2117 de
1055 2076 1234 2117 Mantua
1273 2100 1320 2105 ——
1352 2079 1666 2117 consenserunt
1697 2079 1739 2116 et
1778 2074 2188 2130 compromiserunth
2219 2075 2263 2115 in
2294 2080 2418 2116 ante-

234 2143 368 2184 dictos
410 2145 602 2187 dominos
641 2147 808 2200 legatos
851 2144 999 2200 superi
1039 2145 1216 2186 formam
1259 2145 1456 2199 superius
1497 2149 1539 2185 et
1583 2143 1758 2184 inferius
1790 2143 2038 2185 denotatam
2069 2145 2112 2185 in
2144 2143 2341 2185 omnibus
2375 2147 2418 2184 et

232 2225 308 2265 per
340 2214 495 2254 onmia.

377 2282 412 2321 3.
448 2281 647 2337 Sequenti
681 2282 747 2322 dic
780 2282 963 2323 Veneris
996 2281 1227 2322 inmediate
1259 2281 1410 2322 XIIII.
1445 2282 1630 2321 intrante
1663 2279 1822 2332 Madio,
1862 2280 1903 2321 in
1936 2281 2028 2321 sala
2059 2280 2226 2335 palatiit
2255 2279 2415 2320 domini

236 2349 426 2404 episcopi
448 2349 642 2391 Paduani
667 2364 748 2405 que
773 2352 858 2391 estt
891 2364 1043 2391 versus
1075 2349 1313 2399 meridiem,
1347 2349 1621 2404 presentibus
1645 2349 1827 2390 testibus
1850 2349 2026 2402 rogatis,
2060 2348 2225 2389 scilicet
2247 2348 2417 2389 domino

236 2415 413 2457 Nicolao
448 2420 650 2474 episcopo
684 2419 867 2473 Regino,
902 2418 1073 2459 domino
1096 2418 1278 2458 Iordano
1311 2418 1452 2472 priore
1484 2417 1631 2458 Sancti
1653 2416 1880 2458 Benedicti
1913 2415 1964 2457 de
1988 2416 2148 2466 Padua,
2183 2415 2419 2471 magistrok

235 2485 465 2527 Rainaldo¹
505 2488 727 2542 capellano
770 2486 952 2542 predicti
995 2486 1154 2527 domini
1201 2486 1346 2537 electi,
1388 2486 1591 2540 magistro
1624 2484 1817 2539 Egidiom
1856 2485 2064 2539 scriptore
2097 2484 2259 2525 domini
2289 2498 2416 2540 pape,

235 2558 438 2611 magistro
487 2555 783 2611 Cognoscente
837 2555 889 2596 de
936 2554 1158 2595 Florentia
1204 2555 1267 2594 ett
1306 2553 1478 2594 domino
1523 2552 1705 2594 Odonen
1744 2553 1796 2593 de
1832 2553 2053 2593 Fontanao
2091 2552 2144 2594 de
2192 2551 2418 2594 Placentia

236 2625 547 2680 suprascriptis.
610 2624 765 2664 Forma
797 2627 941 2664 autem
973 2623 1250 2663 articulorum
1282 2636 1358 2663 seu
1389 2622 1673 2677 capitulorum
1695 2622 1774 2662 hec
1799 2624 1881 2662 est:
1916 2619 2064 2661 ‘Oump
2087 2645 2140 2651 -—
2164 2618 2407 2675 sopiantur’.

235 2706 362 2744 supra
394 2706 458 2732 nr.
484 2695 576 2733 166.

378 2765 414 2801 4.
453 2760 663 2814 Ideoqueq
704 2758 961 2799 venerabilis
1003 2758 1210 2812 magister
1250 2757 1523 2798 Hermannus
1565 2757 1804 2812 Hospitalis
1851 2760 1998 2798 sancte
2041 2756 2176 2797 Marie
2210 2756 2416 2798 Teutoni-

237 2842 377 2868 corum
404 2830 444 2868 in
470 2828 721 2873 Ierusalem.
754 2827 929 2866 nuntius
964 2830 1006 2866 et
1037 2830 1289 2881 procurator
1312 2826 1575 2866 serenissimi
1598 2825 1756 2866 domini
1781 2825 2051 2880 imperatoris
2075 2824 2269 2880 prefatiq‚
2301 2825 2410 2865 sicut

236 2898 276 2937 in
317 2897 470 2937 litteris
511 2895 805 2950 imperialibus
847 2894 963 2935 bulla
1002 2908 1133 2935 aurea
1175 2894 1352 2934 bullatis
1395 2894 1460 2934 sui
1501 2893 1692 2934 mandati
1725 2893 1958 2934 dinoscitur
1988 2893 2158 2947 plenius
2191 2893 2416 2943 contineri,

237 2965 390 3006 ibidem
424 2966 526 3005 visis
561 2970 602 3004 et
633 2964 769 3013 lectis.
803 2963 1098 3017 procuratorio
1131 2963 1301 3002 nomine
1334 2962 1602 3016 imperatoris
1626 2961 1842 3002 eiusdemr
1873 2966 1915 3002 et
1936 2975 2010 3016 pro
2035 2963 2128 3016 ipso
2153 2961 2412 3016 imperatore

236 3046 288 3072 ex
330 3048 412 3073 nna
451 3038 570 3087 parte
615 3037 657 3073 et
696 3032 970 3086 suprascripti
1015 3035 1203 3072 rectores
1245 3033 1287 3071 et
1325 3030 1629 3071 ambaxatores
1669 3030 1840 3071 nomine
1873 3030 2082 3071 dictarum
2117 3029 2340 3070 civitatum
2372 3032 2415 3070 et

236 3115 310 3155 pro
345 3102 430 3140 suis
465 3100 704 3141 civitatibus
738 3114 785 3139 ac
820 3113 893 3153 pro
927 3100 1021 3153 ipsa
1044 3098 1262 3139 Societate
1295 3112 1350 3138 ex
1382 3099 1533 3149 altera‚
1566 3099 1677 3138 sicut
1709 3102 1831 3138 erant
1862 3098 2042 3152 quilibet
2073 3111 2097 3137 a
2121 3111 2198 3138 sua
2219 3097 2412 3138 civitateS

375 3213 454 3247 1⁴58.
486 3213 518 3253 k)
545 3215 714 3255 Rumagne
740 3212 769 3245 2.
865 3211 888 3253 ¹)
914 3218 945 3244 et
973 3217 1116 3244 rectores
1142 3218 1175 3244 et
1199 3213 1286 3245 amb.
1314 3213 1518 3254 infrascripti
1545 3214 1723 3244 civitatum
1748 3213 2034 3254 infrascriptarum
2059 3210 2091 3244 2.
2117 3211 2147 3243 3.
2255 3210 2299 3252 11ἱ)
2325 3221 2412 3244 com-

237 3272 425 3313 promittent
453 3270 481 3302 2.
600 3276 632 3302 ¹¹>
659 3276 738 3302 sunt
764 3271 822 3302 inec
848 3270 976 3301 scilicet
1001 3268 1031 3301 3.
1174 3274 1205 3309 0)
1232 3270 1356 3301 domini
1382 3268 1411 3301 2.
1440 3269 1632 3310 31))
1657 3270 1876 3302 Marcellinus
1900 3268 1930 3301 2.
1957 3268 1989 3301 3.
2107 3268 2139 3309 ‘¹)
2165 3268 2349 3301 Guisredus
2373 3266 2411 3307 2;

236 3328 405 3359 Wit'redns
431 3326 461 3358 3.
577 3333 604 3360 r,
631 3328 785 3359 Gambar'
806 3326 841 3365 2;
869 3327 1039 3359 Gainbaro
1064 3326 1099 3366 3;
1126 3327 1320 3359 Gambadns
1348 3327 1376 3360 1.
1495 3330 1522 3368 ³)
1548 3327 1754 3370 Ognabenus
1779 3328 1820 3359 de
1846 3327 2011 3359 I'essaciis
2033 3324 2064 3358 2.
2158 3324 2185 3367 t)
2211 3325 2300 3358 deest
2323 3323 2354 3357 2.
2379 3323 2411 3358 3.

237 3391 270 3426 ¹¹)
296 3386 383 3416 Visis
408 3383 437 3416 2.
554 3392 584 3425 V„
610 3392 717 3417 rector
743 3386 773 3417 2.
890 3392 929 3425 W)
958 3386 1074 3417 Laudo
1099 3383 1131 3417 2.
1157 3384 1187 3416 3.
1282 3390 1315 3425 x)
1341 3387 1471 3417 Lucilio
1499 3384 1531 3418 2.
1557 3385 1588 3417 3.
1696 3384 1728 3427 y)
1754 3389 1837 3427 post.
1864 3384 1946 3415 Pad.
1972 3382 2003 3415 2.
2028 3381 2059 3415 3.
2154 3382 2183 3422 z)
2209 3382 2355 3415 Flabiafi
2382 3381 2412 3414 1-

236 3447 265 3475 ³)
293 3443 425 3473 Feraria
454 3441 482 3473 2.
647 3441 678 3483 b)
706 3443 756 3473 ius
783 3442 992 3473 dominorum
1018 3442 1048 3474 2.
1213 3441 1243 3482 c)
1270 3443 1402 3474 Arcolai
1430 3442 1464 3478 12
1500 3443 1690 3474 Arcolanus
1715 3440 1757 3473 3?
1887 3439 1918 3481 d)
1950 3441 2093 3472 Marzal’l
2119 3437 2156 3478 1;
2194 3440 2355 3471 Marzano
2380 3436 2412 3471 3.

236 3504 265 3539 e)
291 3500 420 3530 Roman
449 3498 484 3538 13
512 3500 602 3530 ltom.
630 3499 666 3533 2:
692 3500 795 3530 Roma
820 3497 850 3530 3.
969 3497 999 3539 s)
1028 3499 1158 3540 Ugucio
1185 3497 1216 3530 2.
1356 3502 1388 3540 g)
1416 3500 1615 3531 Bonacorsis
1640 3497 1670 3530 2.
1789 3496 1820 3537 ¹¹)
1847 3497 2071 3538 promiserunt
2096 3494 2126 3528 2.
2244 3493 2269 3536 i)
2295 3505 2413 3527 secun-

236 3556 312 3586 dnm
340 3554 369 3586 2,
463 3553 493 3594 kl
520 3567 583 3596 pro
610 3556 766 3597 magistro
793 3573 833 3577 —
859 3556 1096 3598 suprascriptis
1121 3554 1157 3586 3:
1185 3561 1246 3588 etc.
1273 3561 1311 3588 ut
1328 3567 1441 3597 supra.
1536 3554 1560 3593 ¹)
1586 3555 1684 3587 Rain.
1712 3554 1747 3592 13
1773 3554 1947 3596 Raynaldo
1973 3552 2004 3585 2.
2100 3550 2142 3594 ¹¹¹)
2169 3553 2229 3594 Eg.
2255 3562 2344 3593 mag.
2378 3549 2411 3583 2.

235 3617 268 3653 ¹1)
295 3612 431 3643 oddone
457 3610 488 3644 2.
628 3614 657 3651 0)
690 3613 821 3643 Fontaf·
851 3611 878 3643 1.
1011 3610 1042 3652 1¹)
1074 3613 1158 3644 Cum
1184 3613 1326 3645 domnus
1352 3613 1549 3645 Fredericus
1579 3613 1657 3653 imp.
1683 3611 1881 3653 gravissime
1908 3621 1928 3642 a
1952 3610 2117 3642 societate
2142 3608 2343 3641 Lombardie
2368 3631 2376 3640 .
2403 3632 2410 3639 .

235 3668 314 3700 alibi
342 3669 464 3710 scripta
490 3675 566 3700 sunt
594 3669 739 3711 capitula
765 3667 795 3699 2.
913 3668 944 3709 q)
971 3668 1058 3700 deest
1083 3667 1113 3700 2.
1208 3668 1235 3709 ²⁶)
1261 3670 1409 3702 eiusdem
1434 3669 1546 3701 domni
1573 3668 1781 3711 imperatoris
1805 3666 1837 3699 2.
1931 3666 1959 3707 s)
1991 3667 2062 3698 suis
2087 3665 2284 3698 civitatibus
2308 3662 2341 3697 2.

2452 925 2483 949 10

2453 1265 2484 1289 15

2451 1610 2485 1636 20

2453 1950 2484 1976 25

2451 2296 2483 2322 30

2448 2638 2480 2663 35

2449 2988 2482 3013 40

2446 3334 2478 3360 45

2447 3616 2512 3659 50·
