2558 3970
86 882 118 906 10

88 1228 120 1253 15

85 1573 118 1600 20

84 1921 116 1947 25

85 2267 118 2292 ³0

87 2612 118 2638 35

88 2955 122 2981 40

92 3301 125 3327 45

694 128 937 164 FRIDERIC!
971 130 1012 164 ll.
1040 130 1473 166 ‹JoNs'l‘l'l'lf'l‘u›Nl·2s·.
1527 133 1623 167 1226.
1676 133 1736 167 ΧΓ.
1760 135 1833 168 Itis».
2298 142 2369 178 133

161 243 275 289 dria,
318 249 466 300 aperte
499 245 578 286 fuit
613 249 655 285 et
688 244 924 286 efficaciter
958 246 1209 300 impeditus.
1257 248 1311 287 ita
1346 247 1457 302 qnod
1492 247 1543 288 ad
1588 254 1751 303 patrem
1790 250 1941 289 venire
1978 264 2057 290 non
2093 252 2248 305 potnit.
2291 253 2368 292 sibi

161 318 203 354 ct
246 314 332 354 suis
376 314 561 355 transitu
611 314 785 369 penitus
833 313 1070 367 denegato,
1122 316 1221 356 licet
1267 315 1464 356 dominus
1516 305 1750 372 imperator
1801 318 2101 374 indempnitati
2147 321 2368 360 civitatum

160 382 348 437 ipsarum
394 396 547 423 cavere
587 382 764 423 offerret
804 387 847 423 et
885 382 1115 438 disponere
1157 398 1482 439 usquequaque.
1553 385 1637 426 Sed
1681 387 1760 441 ipsi
1801 388 1916 428 cives
1951 390 2183 429 canciones
2219 389 2365 430 liuius-

158 450 273 491 modi
307 451 419 492 inter
451 456 616 492 ceteras
650 451 904 506 exigebant:
941 451 1141 493 videlicet
1175 452 1287 507 quod
1321 454 1524 507 quamdiu
1561 455 1653 509 ipse
1688 455 1888 496 dominus
1923 458 2155 511 imperator
2179 464 2293 498 esset
2325 459 2364 498 in

158 518 439 570 Lombardia,
487 519 682 561 Marchia
725 521 791 560 vel
834 520 1127 575 Romagnola,
1178 522 1294 576 ipsos
1340 537 1585 578 supponere
1636 523 1777 564 banno
1821 526 2031 580 imperiali
2079 541 2162 566 non
2209 533 2368 582 posset,

157 588 352 630 volentes
399 589 640 643 astringere
689 590 827 644 ipsum
876 590 1007 630 filium
1056 604 1104 630 ac
1149 591 1364 646 principes
1406 599 1688 634 memoratos.
1739 600 1784 633 nt
1832 594 1947 634 mille
1993 600 2035 633 ct
2087 595 2367 636 ‹lu‹·‹=nr‹›rmu
2414 636 2421 642 ,

156 671 363 712 equorum
408 671 632 699 numerum
682 673 765 699 non
811 658 1077 700 excederent
1119 659 1172 699 ad
1206 660 1467 714 colloquium
1509 662 1752 706 venientes,
1804 663 2006 703 victualia
2047 678 2239 719 quoqne,
2285 680 2367 719 qne·

155 724 350 766 dominus
375 726 614 782 imperator
637 727 687 768 ad
713 726 825 767 idem
851 728 1112 782 colloquium
1138 727 1295 768 deferri
1323 743 1397 783 pro
1423 729 1509 769 suis
1533 737 1573 769 et
1599 744 1771 770 snorum
1799 733 2134 772 necessitatilnis
2164 734 2364 777 saon-hat,

156 795 404 851 specialiter
436 795 695 838 inhibendo:
731 800 773 836 et
806 796 840 836 si
873 796 1039 850 aliquos
1065 810 1211 837 secum
1246 796 1435 837 habebat
1460 804 1663 846 armatos,
1700 799 1815 853 ipsos
1839 799 1891 840 ad
1917 802 2090 855 propria
2115 803 2368 843 remitteret.

155 869 388 919 antequam
422 863 474 905 ad
511 864 651 920 ipsum
685 863 797 905 filius
832 865 1093 919 perveniret.
1150 864 1257 905 Cum
1283 866 1410 919 igitur
1434 865 1637 906 indecens
1663 874 1777 906 esset
1807 882 1855 907 av
1881 869 2052 922 penitus
2078 869 2369 911 inhonestum.

154 931 374 973 dominum
408 933 714 988 imperatorem
748 933 893 974 taliter
926 934 1123 977 coartari.
1159 939 1204 974 nt
1238 934 1290 974 ad
1325 935 1571 975 instantiam
1606 937 1933 990 (picrulancium
1962 952 2043 978 non
2071 948 2216 994 posset
2245 941 2363 980 insti-

155 1002 264 1042 ciam
311 1016 542 1048 exercere,
591 1016 686 1043 cum
735 1002 843 1056 legis
890 1002 1016 1043 dator
1057 1017 1140 1043 non
1185 1002 1344 1044 debeat
1388 1004 1497 1055 legis
1533 1006 1801 1046 execucione
1845 1007 2003 1061 privari
2039 1023 2087 1048 ac
2133 1008 2368 1049 iurisdictio

153 1070 311 1112 debeat
353 1071 550 1112 comitem
597 1059 898 1112 cohercionem
944 1072 1126 1119 habere,
1174 1086 1319 1127 regem
1363 1073 1644 1117 Alcinannie,
1691 1075 2029 1129 Aquilegonsem
2066 1078 2366 1132 patriarcham.

153 1139 478 1194 Maguntinum,
527 1140 866 1192 Treuerensem,
910 1140 1301 1195 Salceburgensem
1348 1142 1721 1197 archiepiscopos,
1764 1143 2153 1200 lIerbipolcnsem.
2197 1146 2367 1187 Baben-

157 1209 431 1265 bergensem,
466 1209 904 1262 Haluerstadensem,
929 1209 1271 1253 Pattavicnsem.
1297 1210 1623 1266 Augustenscm
1650 1219 1693 1253 ct
1716 1212 2098 1268 Tergestinensem
2125 1217 2367 1271 episcopos.

153 1279 353 1329 Austrie,
394 1278 636 1330 Bawarieg,
670 1278 913 1330 Carinthie,
955 1279 1149 1321 Meranic
1191 1284 1233 1321 et
1266 1279 1469 1322 Limburc
1504 1281 1654 1331 duces,
1701 1283 1994 1324 marchionem
2027 1284 2079 1324 dc
2117 1284 2285 1326 Andcst
2318 1300 2366 1325 ac

153 1349 262 1390 alios
294 1348 464 1390 nobiles
498 1352 541 1389 et
573 1348 760 1389 barones
793 1349 1086 1404 quamplureS,
1121 1349 1191 1404 qui
1218 1364 1313 1391 cum
1339 1350 1402 1391 eis
1427 1359 1562 1403 erant,
1596 1350 1649 1391 ad
1680 1356 1765 1392 tam
1792 1352 1957 1394 modice
1982 1368 2205 1395 numerum
2233 1369 2365 1409 quan-

154 1418 289 1460 titatis
332 1417 535 1472 astringi,
585 1417 697 1472 quod
731 1418 877 1459 venire
919 1432 1003 1460 non
1045 1423 1222 1473 possent
1263 1419 1316 1460 ad
1358 1419 1618 1474 colloquium
1652 1421 1797 1475 aliqua.
1842 1423 2025 1469 ratione,
2071 1423 2151 1463 nisi
2187 1423 2368 1478 quilibet

153 1499 298 1528 eorum
331 1487 537 1527 maiorem
569 1491 736 1542 partem
769 1488 940 1542 proprie
975 1487 1137 1528 familie
1171 1488 1410 1529 remitteret
1434 1488 1627 1543 predicta
1651 1491 1913 1532 necessitate
1938 1496 2114 1532 coactns
2149 1506 2197 1532 ac
2223 1492 2368 1532 taliter

153 1555 235 1611 ipsi
267 1555 482 1611 colloquio
515 1556 747 1597 interesset
781 1556 873 1596 sine
907 1556 1188 1597 servitoribus
1222 1556 1472 1598 indecenter
1497 1582 1546 1586 —
1574 1559 1769 1613 quamvis
1803 1559 1997 1600 dominus
2032 1562 2364 1616 in1p‹,=rat‹›rnon

152 1623 318 1666 habens
350 1625 540 1666 animum
580 1625 767 1680 aliquem
801 1625 1078 1667 offendendi¹¹
1112 1650 1167 1654 -—
1198 1631 1246 1667 ut
1279 1627 1472 1667 remissis
1507 1626 1730 1668 destrariis
1775 1633 1903 1683 atque
1938 1631 2092 1670 armis.
2134 1630 2365 1671 dummodo

153 1693 232 1735 sub
266 1708 445 1736 numero
478 1694 549 1749 qui
583 1693 762 1736 deceret
795 1695 994 1737 venirent
1028 1695 1081 1736 ad
1115 1696 1377 1751 colloquium
1412 1697 1694 1740 nominatum.
1758 1697 2002 1753 Mirumque
2027 1699 2221 1754 pluribus
2246 1699 2363 1740 vidc-

151 1762 297 1814 batur,
339 1762 451 1818 quod
494 1763 798 1819 prohiberetur
836 1764 1020 1819 propriis
1061 1764 1322 1805 victualibus
1363 1766 1615 1817 sustentari,
1662 1780 1756 1806 cum
1798 1767 2131 1822 predecessores
2166 1769 2228 1808 sui
2265 1769 2366 1809 satis

153 1831 278 1874 aliter
311 1846 356 1874 se
390 1832 622 1874 habuerint
654 1833 883 1874 transitum
916 1847 994 1888 per
1026 1834 1255 1889 imperium
1289 1834 1515 1875 facientes.
1580 1834 1704 1882 Quod
1737 1839 1882 1877 autem
1906 1836 1959 1877 ad
1984 1837 2238 1877 instanciam
2262 1838 2364 1877 civi-

152 1905 304 1955 tatum,
339 1905 525 1943 armatos
558 1915 665 1957 quos
700 1916 846 1943 secum
883 1902 1095 1954 habebat,
1140 1907 1373 1959 antequam
1407 1904 1498 1958 ipse
1544 1904 1656 1944 filius
1690 1918 1785 1945 cum
1820 1906 2085 1961 principibus
2118 1907 2363 1961 perveniret

154 1970 208 2012 ad
255 1971 416 2026 ipsum,
464 1971 684 2012 remittere
731 1976 975 2017 teneretur,
1025 1972 1282 2028 suspicionis
1328 1973 1530 2028 scrupulo
1575 1987 1658 2015 non
1701 1974 1894 2025 carebat,
1942 1975 2042 2029 quia
2088 1989 2183 2016 cum
2225 1975 2365 2016 adhuc

155 2038 331 2081 dubium
372 2044 509 2091 esset,
557 2044 699 2082 utrum
738 2040 792 2082 ad
832 2041 973 2097 ipsum
1014 2041 1127 2083 filius
1161 2042 1310 2084 venire
1344 2042 1545 2094 deberet,
1587 2044 1621 2084 si
1656 2043 1715 2084 sic
1748 2044 1986 2085 remitteret
2018 2058 2124 2099 quos
2158 2044 2364 2086 habebat.

155 2113 273 2151 certa
305 2109 568 2165 relinqueret
600 2124 676 2165 pro
711 2110 899 2162 incertis,
935 2111 1082 2166 sicque
1117 2111 1236 2152 solus
1269 2112 1381 2152 inter
1405 2125 1477 2153 eos
1501 2112 1648 2166 utique
1673 2117 1932 2164 remaneret,
1966 2113 2038 2168 qui
2068 2114 2151 2154 iam
2175 2114 2214 2154 ei
2239 2115 2367 2154 certis

153 2177 322 2219 indiciis
354 2178 632 2221 reddiderant
653 2193 699 2220 se
725 2184 964 2235 suspectos.
1027 2179 1327 2235 Requirebant
1358 2185 1572 2236 preterea,
1607 2181 1719 2236 quod
1743 2181 1942 2222 dominus
1978 2183 2222 2238 imperator,
2255 2183 2365 2223 tilius

155 2247 247 2290 eius
287 2261 336 2289 ac
378 2248 596 2304 principes
639 2248 892 2290 eorumdem
935 2262 979 2289 se
1022 2249 1303 2291 iurisdictioni
1337 2249 1495 2290 domini
1535 2250 1670 2305 legati
1710 2257 2006 2305 supponerent
2038 2252 2079 2292 in
2114 2252 2193 2293 hac
2229 2257 2363 2307 parte.

153 2317 225 2372 qui
256 2320 394 2359 terras
428 2316 691 2359 interdicere
727 2321 952 2359 teneretur
985 2332 1040 2359 ex
1072 2323 1199 2374 pacto
1234 2322 1276 2360 et
1309 2320 1688 2360 excommunicare
1721 2333 1952 2374 personas.
1996 2321 2050 2369 si,
2085 2321 2288 2376 quamdin
2323 2322 2363 2361 in

153 2385 300 2427 Ytalia
332 2391 586 2435 moraretur,
622 2387 820 2428 civitates
851 2387 1068 2443 predictas
1101 2387 1217 2429 bello
1252 2389 1319 2429 vel
1353 2388 1479 2430 modo
1514 2389 1711 2444 quolibet
1745 2389 2017 2438 molestaret,
2053 2404 2103 2430 ac
2137 2404 2363 2444 personam

153 2455 315 2497 domini
346 2455 634 2511 imperatoris,
668 2456 874 2512 precipue
910 2457 945 2498 si
978 2461 1124 2512 preter
1156 2458 1482 2499 molestationes
1507 2458 1696 2512 reliquas
1722 2458 1854 2499 vellet
1878 2462 2037 2498 statum
2063 2472 2208 2499 eorum
2235 2460 2363 2499 etiam

153 2525 256 2567 iuris
295 2525 444 2567 ordine
485 2539 749 2582 aggravare,
791 2530 833 2567 et
875 2526 1074 2568 dominus
1118 2541 1232 2583 papa
1273 2527 1350 2569 has
1394 2527 1633 2569 sententias
1673 2527 1957 2568 confirmaret.
2029 2526 2153 2573 Quod
2196 2526 2362 2581 quidem

154 2593 348 2635 hilariter
389 2594 656 2648 admisisset,
699 2595 735 2636 si
774 2595 880 2636 iuris
922 2597 1090 2651 equitas
1130 2600 1174 2637 et
1214 2596 1420 2638 honestas
1461 2596 1552 2638 fieri
1593 2597 1694 2637 talia
1734 2600 2000 2652 paterentur.
2071 2596 2177 2637 Cum
2220 2602 2362 2637 autem

155 2662 384 2706 admittere
424 2664 674 2720 supradicta
724 2664 995 2720 imperialem
1038 2665 1349 2707 excellentiam
1398 2666 1572 2720 penitus
1616 2665 1867 2707 dedeceret.
1910 2666 2060 2706 maluit
2101 2665 2178 2705 sibi
2224 2665 2364 2705 illatas

154 2732 330 2774 iniuria-s
363 2733 593 2785 sustinere,
627 2748 755 2788 quam
789 2734 843 2775 ad
876 2735 1235 2776 inconveniencia
1258 2735 1453 2789 obligari,
1487 2749 1569 2789 que
1602 2735 1802 2789 superius
1837 2740 1933 2775 sunt
1965 2749 2185 2789 expressa.
2251 2734 2367 2774 Inter

155 2801 234 2843 hec
266 2803 531 2844 venerabilis
563 2802 910 2845 Hildesemensis
943 2805 1174 2860 episcopus
1207 2803 1262 2845 ad
1295 2803 1456 2845 domini
1489 2804 1762 2858 imperatoris
1797 2803 2051 2844 instanciam
2086 2802 2287 2857 produxit
2324 2803 2362 2842 in

154 2871 372 2926 publicum
415 2872 575 2914 domini
612 2886 724 2928 pape
764 2873 931 2924 literas,
973 2873 1015 2913 in
1056 2873 1212 2928 quibus
1245 2873 1547 2914 continebatur
1580 2886 1810 2927 expresse,
1855 2872 1967 2927 quod
2008 2873 2046 2912 in
2087 2873 2276 2912 favorem
2315 2886 2363 2911 ac

156 2941 448 2983 reverenciam
489 2942 627 2983 crucis
669 2941 830 2983 Christi
870 2941 1067 2984 dominus
1106 2956 1221 2998 papa
1264 2942 1530 2997 suscipiebat
1572 2942 1651 2982 sub
1696 2941 1812 2982 beati
1851 2939 1967 2981 Petri
2010 2941 2279 2995 protectione
2324 2946 2366 2980 et

158 3022 236 3051 sua
273 3010 414 3065 ipsum
452 3010 673 3052 dominum
713 3012 1021 3067 imperatorem
1062 3025 1111 3052 ac
1151 3011 1288 3052 filium
1328 3012 1440 3063 eius,
1483 3011 1689 3062 honores,
1731 3011 1824 3051 iura
1862 3010 2030 3065 imperii
2064 3014 2193 3064 atque
2230 3010 2363 3063 regni.

157 3077 382 3134 eidemque
423 3080 597 3121 domino
639 3081 844 3136 episcopo
886 3080 1067 3122 firmiter
1110 3080 1387 3135 iniungebat,
1434 3084 1480 3120 ut
1520 3080 1915 3134 quocienscumque
1965 3079 2074 3118 foret
2116 3091 2245 3132 super
2286 3077 2364 3117 hoc

157 3148 403 3202 requisitus,
437 3149 682 3191 monicione
716 3151 943 3206 premissa,
978 3163 1162 3191 censura
1195 3149 1493 3191 ecclesiastica
1524 3149 1775 3189 coherceret
1807 3147 2130 3202 perturbatores
2163 3147 2364 3201 imperia-

158 3214 263 3257 lium
294 3217 450 3258 iurium
474 3222 517 3259 et
548 3218 769 3260 honorum.
833 3219 959 3260 Unde
993 3233 1018 3260 a
1048 3218 1187 3270 nobis,
1220 3223 1440 3274 tamquam
1474 3218 1537 3258 vir
1569 3217 1769 3273 providus
1803 3222 1845 3257 et
1878 3216 2105 3261 discretus,
2139 3214 2364 3255 consilium

160 3285 407 3338 postulabat
438 3287 671 3339 instanter,
713 3292 856 3329 utrum
890 3292 1068 3344 propter
1106 3287 1391 3343 precedentes
1424 3287 1602 3327 iniurias
1637 3291 1679 3327 et
1711 3286 1900 3327 offensas
1933 3286 1974 3325 in
2008 3285 2201 3340 prefatos
2233 3284 2362 3324 Lom-

159 3352 314 3396 bardos
354 3356 699 3399 animadvertere
742 3361 966 3399 teneretur
1009 3357 1061 3399 de
1105 3358 1217 3407 iure,
1258 3355 1555 3398 interdicendo
1598 3360 1736 3396 terras
1776 3358 1819 3396 et
1862 3367 2252 3409 personaseorum
2286 3366 2361 3393 cx-

163 3424 571 3466 communicacionis
613 3426 784 3467 vinculo
829 3426 1091 3468 innodando.
1161 3425 1231 3466 Ad
1279 3425 1392 3480 quod
1431 3425 1471 3466 ei
1509 3424 1710 3465 duximus
1747 3423 2006 3464 unanimiter
2038 3421 2361 3468 consulendum,

164 3491 276 3544 quod
308 3506 404 3534 eum
436 3493 628 3549 ipsorum
651 3495 995 3537 Lombardorum
1019 3494 1329 3536 immoderatus
1353 3507 1562 3535 excessus
1587 3492 1748 3547 liquido
1773 3492 2092 3533 demonstraret
2116 3490 2362 3531 evidentem

304 3594 390 3631 105.
423 3598 456 3638 g)
489 3598 638 3631 bowarie
663 3610 691 3632 c.
811 3597 844 3639 h)
877 3599 930 3631 hic
955 3599 1074 3640 aliqua
1099 3599 1210 3631 deesse
1234 3598 1403 3637 videmur,
1426 3608 1512 3639 quae
1538 3597 1638 3628 simul
1664 3596 1831 3637 apodosin
1858 3595 2072 3638 incipiebant,
2097 3606 2122 3626 e.
2138 3606 2170 3635 y.
2198 3593 2363 3624 neminem

95 3655 128 3680 50
163 3650 320 3695 laeserat,
345 3660 458 3687 tamen
483 3657 664 3700 praecepit.
