2558 3970
206 171 282 210 130
730 165 971 200 FRIDERICI
996 166 1041 200 II.
1068 163 1494 200 CONSTITUTIONES.
1546 164 1642 198 1225.
1690 163 1753 197 Nr.
1776 163 1849 198 102.

200 288 359 323 statuto
393 292 584 337 tempore
617 282 770 322 deesse
801 281 1044 335 eontigerit.
1078 281 1119 321 in
1144 280 1454 335 quinquaginta
1480 279 1666 319 marchis
1690 280 1857 332 argenti
1891 292 2144 332 perannum
2169 277 2383 318 defectum

202 352 348 391 militis
383 350 654 391 redimemus.
774 351 835 402 (2)
870 349 1102 390 Pecuniam
1136 354 1281 389 autem
1305 348 1356 388 de
1389 346 1633 388 huiusmodi
1658 346 1953 400 redemptione
1977 346 2202 387 collectam
2226 360 2317 396 nos,
2351 346 2386 386 si

202 419 259 458 ibi
305 419 522 458 fuerimus.
565 418 616 458 ad
660 418 951 458 testimonium
991 423 1033 457 et
1074 417 1300 458 consilium
1348 417 1460 470 regis
1500 420 1542 456 et
1579 414 1820 469 patriarche
1859 414 2297 455 Ierosolimitanorum
2337 428 2386 455 ae

202 487 394 539 magistri
444 485 594 525 domus
639 486 970 526 Teotonieorum
1014 490 1056 525 et
1099 486 1277 526 aliorum
1322 485 1551 540 proborum
1600 483 1815 523 hominum
1861 482 1912 523 de
1954 486 2088 531 terra,
2136 482 2295 523 ibidem
2336 482 2390 523 ad

203 555 422 594 servitium
468 554 565 593 Iesu
606 554 761 594 Christi
802 553 1098 608 expendemus
1139 553 1209 593 inb
1254 567 1356 593 usus
1398 552 1572 593 eosdem
1606 551 1675 591 vel
1707 551 1834 601 alios,
1875 550 1948 591 ubi
1987 551 2049 592 eis
2082 551 2218 605 magis
2251 550 2390 591 visum

203 623 329 662 fuerit
371 622 589 676 expedire.
654 621 804 668 Quodc
845 623 879 662 si
923 621 1064 676 aliquo
1099 636 1198 662 casu
1238 635 1315 662 nos
1348 620 1551 661 acciderit
1589 624 1690 660 tunc
1723 619 1897 669 abesse,
1936 623 2174 660 memorata
2205 618 2391 673 pecunia

203 691 243 730 in
288 690 574 745 predictorum
622 691 734 744 regis
783 695 824 731 et
873 690 1113 744 patriarche
1158 704 1207 730 ac
1257 689 1451 743 magistri
1496 688 1644 728 domus
1693 691 1840 728 sancte
1882 686 2017 728 Maric
2060 686 2390 728 Teotonicorum

202 759 398 799 manibus
433 758 684 813 deponetur,
718 773 794 812 per
828 759 945 813 ipsos
980 758 1021 798 in
1054 758 1187 799 Terre
1223 758 1382 798 Sancte
1416 757 1591 811 negotio
1617 755 1915 810 expendenda.
1972 773 1978 779 ·
2035 754 2100 810 (3)
2133 754 2390 809 Passagium

203 827 410 868 dabimus
445 828 477 867 si
503 827 697 867 venerint
729 828 770 867 in
803 828 938 881 primo
967 827 1170 881 passagio
1195 827 1261 867 vel
1284 826 1326 866 in
1349 825 1518 866 duobus
1543 822 1933 878 subscquentibus¹¹
1964 823 2190 878 passagiis,
2224 823 2390 864 duobus

203 895 374 936 milibus
422 895 604 935 militum
653 900 693 935 et
740 896 911 936 familiis
959 895 1193 936 eorundem
1235 899 1278 936 et
1323 908 1398 948 pro
1445 894 1581 934 milite
1623 893 1759 933 tribus
1807 892 1942 946 equis.
2071 891 2132 946 (4)
2172 891 2391 933 Ducemus

204 963 423 1003 nobiseum
470 969 640 1004 eentum
686 963 911 1004 ealandras
961 968 1003 1004 et
1050 963 1290 1004 tenebimus
1336 962 1648 1016 quinquaginta
1689 961 1834 1015 galeas
1876 960 2093 1001 similitere
2137 973 2214 1015 per
2254 963 2392 1001 totum

203 1031 435 1071 biennium.
471 1032 503 1071 si
539 1046 718 1073 neeesse
752 1032 892 1076 fuerit,
926 1032 1037 1072 bona
1072 1031 1154 1072 fide
1188 1034 1390 1072 armatas.
1452 1029 1577 1078 Quod
1611 1030 1646 1070 si
1679 1030 1823 1084 aliquo
1855 1033 2050 1083 tempore
2082 1028 2197 1068 illius
2230 1028 2393 1069 biennii

204 1115 285 1140 non
328 1105 443 1140 esset
487 1114 665 1140 neeesse
699 1101 793 1140 illas
827 1100 963 1140 teneri
1005 1100 1073 1140 vel
1107 1100 1140 1139 si
1179 1099 1355 1139 forsitan
1389 1113 1471 1139 non
1503 1102 1682 1153 possent
1713 1097 1896 1138 inveniri
1929 1097 2124 1137 homines
2158 1097 2391 1138 necessarii

203 1170 426 1223 apparatui
461 1168 712 1209 earundem.
747 1168 1069 1209 extimabuntur
1102 1168 1287 1209 fideliter
1319 1172 1515 1223 sumptus
1549 1167 1621 1217 illi,
1655 1168 1724 1221 qui
1757 1167 1800 1206 in
1835 1166 1896 1207 eis
1929 1165 2128 1206 tenendis
2160 1165 2392 1206 necessarii

204 1237 483 1281 haberentur,
528 1238 583 1277 sif
622 1242 872 1279 tenerentur
903 1243 1064 1279 armate
1097 1252 1146 1278 eo
1194 1237 1316 1278 modo
1350 1251 1433 1292 quo
1468 1236 1722 1278 debuissent
1753 1235 1929 1285 armari,
1963 1239 2005 1275 ct
2037 1233 2318 1276 tantundemg
2348 1234 2391 1275 in

204 1306 385 1359 pecunia
431 1311 654 1347 numerata
694 1307 988 1361 persolvemus
1027 1307 1068 1347 in
1112 1307 1245 1361 ipsius
1276 1310 1388 1346 terre
1423 1305 1596 1360 negotio
1631 1302 2002 1359 expendendumh.
2064 1303 2127 1343 Eo
2159 1303 2285 1344 modo
2317 1316 2395 1357 per

205 1374 358 1414 omnia.
393 1388 474 1428 quo
509 1375 706 1429 superius
739 1374 791 1415 de
825 1375 1135 1429 quinquaginta
1167 1374 1353 1414 marchis
1389 1373 1570 1414 militum
1595 1376 1661 1413 est
1685 1370 1970 1426 expressum&
2091 1371 2155 1425 (5)
2187 1371 2396 1412 Preterea

204 1441 468 1496 deponemus
503 1443 543 1482 in
583 1443 780 1483 inanibus
824 1442 1114 1497 predictorum
1148 1443 1261 1497 regis
1295 1447 1338 1483 et
1376 1441 1621 1497 patriarche
1655 1455 1702 1481 ac
1735 1440 1928 1494 magistri
1962 1444 2003 1480 et
2033 1440 2214 1480 fratrum
2246 1438 2396 1480 domus

204 1510 537 1550 Teotonicorum
572 1516 740 1551 centum
777 1512 892 1551 milia
924 1512 1145 1552 unciarum
1179 1512 1270 1552 auri
1303 1512 1369 1552 vel
1410 1509 1773 1565 equivalentiamk
1806 1509 1846 1549 in
1880 1513 2059 1563 argento
2092 1508 2173 1549 hiis
2206 1508 2396 1549 terminis

205 1579 506 1633 persolvenda:
552 1580 591 1619 in
627 1580 802 1620 instanti
834 1580 1054 1635 passagiol
1089 1581 1272 1634 Augusti
1312 1580 1438 1620 huius
1471 1579 1764 1620 tertiedecime
1806 1578 2050 1618 indictionis
2084 1577 2234 1631 viginti
2265 1577 2396 1628 milia,

207 1646 420 1702 [sequenti
469 1649 670 1703 passagio
719 1648 871 1689 Marcii
909 1648 1059 1689 XIIII.
1092 1649 1338 1689 indictionis
1382 1648 1467 1689 alia
1508 1647 1660 1702 viginti
1705 1644 1888 1702 milia]¹¹¹,
1929 1646 2156 1700 sequenti¹1
2196 1645 2396 1700 passagio

208 1716 513 1771 subsequentis
547 1717 733 1772 Augusti
775 1718 968 1759 eiusdem
1013 1717 1161 1759 XIIII.
1199 1717 1441 1758 indictionis
1474 1717 1624 1771 viginti
1667 1716 1805 1766 milia,
1847 1715 1932 1755 alia
1964 1714 2250 1769 quadraginta
2281 1713 2398 1754 milia

205 1785 245 1824 in
287 1785 451 1826 duobus
495 1786 858 1840 subsequentibus
901 1787 1116 1841 passagiis
1148 1786 1293 1827 Martii
1327 1790 1369 1826 et
1400 1785 1590 1839 Augusti
1630 1785 1731 1825 anni
1773 1784 1966 1831 secundi:
2008 1784 2068 1824 ita
2109 1782 2222 1838 quod
2253 1786 2398 1837 partes

209 1860 443 1894 memorate
491 1856 670 1909 pecunie
712 1856 933 1910 pei-solute
974 1870 1051 1910 per
1091 1856 1294 1896 terminos
1329 1853 1568 1894 antedictos
1600 1854 1712 1894 ultra
1751 1867 1867 1893 mare
1901 1853 1942 1893 in
1975 1852 2154 1907 singulis
2186 1850 2398 1906 passagiis

207 1922 499 1977 deportentur.
563 1924 608 1963 Si
642 1938 739 1963 vero
780 1924 821 1964 in
864 1924 1032 1978 aliquo⁰
1068 1924 1251 1963 termino
1294 1923 1387 1977 plus
1421 1923 1777 1977 persolverimus,
1823 1935 1949 1975 quam
1992 1921 2190 1976 superius
2223 1923 2290 1962 est
2321 1933 2397 1960 ex-

209 2005 416 2046 pressum.
452 1997 617 2033 tantum
651 1993 788 2033 minus
822 1993 986 2033 solvere
1021 1993 1263 2033 tenebimur
1295 1992 1497 2046 passagio
1532 1990 1826 2045 subsequenti.
1947 1989 2012 2044 (6)
2045 1988 2226 2036 Quando
2257 1992 2398 2030 autem

208 2074 283 2100 nes
323 2061 364 2100 in
404 2060 487 2101 fine
531 2061 690 2102 biennii
733 2061 785 2101 ad
827 2061 1075 2115 passagium
1109 2061 1374 2115 assignatum
1417 2061 1696 2101 transfretare
1730 2059 1972 2113 continget,
2011 2057 2246 2100 reddentur
2276 2057 2400 2098 nobis

210 2129 323 2169 dicta
357 2135 525 2170 centum
561 2130 680 2170 milia
712 2131 933 2170 unciarum
968 2129 1020 2170 ad
1054 2130 1388 2184 expendendum
1421 2130 1463 2170 in
1497 2129 1671 2170 servitio
1704 2128 1786 2168 Dei
1819 2132 1862 2169 et
1885 2127 2018 2169 Terre
2043 2128 2215 2169 Sancte.
2274 2126 2332 2167 Et
2364 2127 2400 2167 si

210 2212 298 2238 nos.
333 2198 446 2253 quod
479 2198 598 2239 Deus
633 2204 814 2250 avertat,
847 2200 889 2239 in
922 2203 1035 2239 terra
1068 2199 1142 2240 illa
1174 2199 1242 2240 vel
1276 2199 1383 2239 citra
1415 2202 1514 2240 ante
1547 2197 1798 2253 passagium
1830 2200 2113 2237 memoratum
2147 2195 2265 2237 obire
2298 2209 2399 2236 con-

210 2266 355 2320 tigerit
397 2267 463 2307 vel
506 2267 587 2307 alia
628 2281 881 2322 quacunque
924 2267 976 2309 de
1017 2282 1145 2308 causa
1183 2267 1360 2308 forsitan
1400 2281 1485 2307 non
1524 2266 1838 2316 transierimus,
1879 2280 1957 2306 rex
1997 2269 2040 2306 et
2076 2264 2318 2320 patriarcha
2356 2267 2400 2304 et

212 2335 417 2387 magister
450 2336 599 2376 domus
632 2336 965 2377 'I'eotonieorum
998 2336 1180 2391 predicti
1213 2336 1265 2377 ad
1298 2336 1469 2377 laudem
1503 2340 1545 2377 et
1577 2335 1801 2376 consilium
1832 2334 2136 2388 magistrorum
2159 2333 2400 2388 Hospitalis

212 2408 254 2442 et
289 2402 455 2458 Templi
489 2419 536 2445 ae
569 2405 747 2446 aliorum
782 2405 1014 2460 proborum
1049 2405 1268 2445 hominum
1303 2404 1354 2445 de
1388 2410 1503 2445 terra
1537 2402 1783 2458 expendent
1816 2402 1997 2444 eandem
2030 2402 2258 2457 pecuniam
2289 2401 2401 2442 bona

211 2471 313 2511 fide.
355 2473 463 2513 sieut
501 2475 654 2514 melius
688 2473 873 2514 viderint
907 2473 1113 2528 expedire
1146 2473 1323 2513 utilitati
1356 2473 1488 2513 Terre
1523 2471 1704 2523 Sancte,
1748 2471 1789 2512 in
1822 2471 1996 2512 servitio
2029 2471 2132 2512 Iesu
2166 2469 2327 2511 Christi
2359 2473 2402 2511 et

211 2547 321 2580 terre
356 2554 429 2595 pro
465 2543 602 2583 salute
637 2543 775 2583 anime
809 2546 953 2583 nostre
988 2546 1030 2582 et
1063 2546 1385 2582 antecessorum
1418 2544 1676 2582 nostrorum.
1795 2538 1860 2594 (7)
1895 2539 1940 2580 Si
1973 2553 2093 2590 vero,
2127 2538 2240 2594 quod
2273 2538 2400 2590 absit,

212 2608 319 2648 infra
366 2611 647 2665 prescriptum
691 2612 918 2652 terminum
959 2610 1159 2665 passagio
1199 2611 1466 2664 assignatum
1499 2609 1725 2664 quicquam
1765 2609 2012 2649 humanitus
2046 2607 2097 2648 de
2131 2607 2254 2648 nobis
2287 2607 2400 2648 acci-

213 2676 335 2728 derit,
370 2678 436 2719 vel
469 2679 502 2719 si
537 2679 697 2734 ¹aliquid
731 2680 798 2720 vel
831 2680 974 2734 aliqua
1006 2680 1115 2720 forte
1150 2679 1390 2720 defecerint
1422 2678 1474 2719 de
1508 2678 1588 2718 hiis
1623 2692 1703 2732 que
1738 2677 1936 2732 superius
1961 2684 2197 2732 expressal’
2229 2680 2328 2717 sunt
2360 2680 2403 2717 et

211 2747 434 2801 promissa.
468 2762 647 2802 regnum
677 2754 869 2788 nostrum
895 2748 1038 2790 Sicilie
1064 2747 1304 2789 remanebit
1329 2747 1381 2788 ad
1405 2761 1456 2788 ea
1479 2747 1620 2787 omnia
1642 2747 1893 2800 obligatum,
1927 2746 1987 2787 ita
2010 2745 2123 2800 quod
2146 2745 2402 2800 quicumque

213 2816 318 2856 illud
351 2817 530 2857 tenebit.
564 2831 615 2857 ca
647 2817 814 2871 integre
848 2817 1063 2858 tenebitur
1096 2816 1346 2871 adimplere.
1467 2815 1528 2869 (8)
1562 2815 1652 2855 Nos
1677 2819 1822 2855 autem
1845 2814 2130 2869 personaliter
2150 2813 2402 2864 iuravimus,

213 2884 325 2939 quod
368 2885 645 2925 transibimus
687 2885 797 2924 ultra
839 2898 955 2925 mare
998 2885 1040 2924 in
1073 2884 1308 2925 subsidium
1342 2883 1474 2924 Terre
1507 2883 1666 2924 Sancte
1699 2883 1742 2923 in
1780 2883 1982 2937 passagio
2016 2882 2329 2937 suprascripto,
2362 2885 2405 2923 et

214 2953 481 3008 Raynaldum
526 2953 706 2994 ducem‘1
740 2952 907 3008 Spoleti
944 2954 1084 2994 iurare
1126 2953 1307 2995 fecimus
1348 2953 1390 2993 in
1429 2952 1572 2993 anima
1611 2956 1775 3003 nostra,
1818 2965 1895 2992 nos
1936 2951 2113 2991 firmiter
2145 2954 2188 2991 et
2218 2950 2405 2991 fideliter

216 3029 460 3063 servaturos
495 3023 661 3077 reliqua
693 3022 848 3071 omnia,
883 3022 993 3061 sicut
1017 3021 1213 3076 superius
1237 3026 1337 3062 sunt
1359 3034 1586 3076 expressa;
1622 3025 1664 3061 et
1697 3019 1891 3075 predicta
1914 3020 2058 3060 omnia
2080 3019 2403 3060 observabimus

215 3090 324 3130 bona
358 3090 456 3140 fide,
491 3092 577 3131 lata
611 3106 665 3131 ex
698 3105 810 3130 nunc
835 3091 1294 3131 excommunicationis
1319 3090 1547 3141 sententia,
1582 3090 1623 3130 in
1647 3103 1774 3144 quam
1797 3088 2050 3140 incidemus,
2083 3088 2118 3128 si
2140 3102 2225 3129 non
2247 3087 2403 3143 transi-

217 3159 427 3199 verimusr
468 3159 508 3199 iu
553 3160 756 3214 passagio
792 3159 1081 3213 suprascripto
1116 3159 1183 3200 vel
1225 3173 1309 3199 non
1343 3158 1594 3200 duxerimus
1627 3162 1693 3199 et⁸
1726 3157 1992 3198 tenuerimus
2031 3156 2253 3197 nobiscum
2285 3155 2402 3196 mille

215 3227 373 3267 milites
398 3228 465 3268 vel
497 3242 580 3268 non
604 3228 848 3268 miserimus
873 3228 1153 3282 prescriptam
1186 3228 1427 3282 pecuniam,
1463 3227 1575 3267 sicut
1598 3226 1793 3280 superius
1818 3229 1884 3266 est
1907 3238 2178 3279 expressum.
2269 3221 2334 3279 (9)
2358 3222 2403 3264 Si

216 3301 358 3335 autem
393 3296 678 3337 defecerimus
711 3297 751 3336 in
787 3296 1000 3350 aliquibus
1035 3296 1102 3337 vel
1135 3297 1177 3336 in
1210 3296 1353 3350 aliquo
1388 3301 1650 3346 ceterorum,
1685 3295 1870 3336 ecclesia
1901 3294 2094 3334 Romana
2125 3292 2403 3335 sententiabit

356 3421 440 3455 102.
476 3422 505 3464 b)
532 3424 564 3455 in
592 3441 634 3445 -Δ-
660 3424 743 3455 alios
770 3423 837 3455 eles.
856 3421 887 3454 2.
984 3427 1014 3463 0)
1042 3423 1138 3463 Quod
1157 3440 1198 3444 —
1217 3423 1351 3465 negotio
1377 3422 1597 3465 expendenda
1621 3422 1689 3454 des.
1708 3420 1742 3453 2:
1835 3419 1867 3461 d)
1893 3420 2113 3463 sequentibus
2130 3419 2160 3452 2.
2256 3419 2286 3461 θ)
2311 3419 2403 3452 simi-

216 3479 358 3520 literque
384 3481 413 3511 2.
510 3479 540 3520 s)
567 3487 598 3513 et
628 3481 654 3513 1.
681 3480 711 3512 ⁶2.
807 3486 839 3521 13)
866 3480 1019 3518 corr-emi,¹
1045 3480 1180 3512 tandem
1208 3478 1303 3511 1—3.
1416 3478 1449 3520 ¹¹)
1474 3479 1695 3522 expendenda
1721 3477 1759 3517 13
1785 3478 2005 3520 expendendo
2029 3476 2066 3518 23
2092 3477 2344 3520 expendendam
2369 3473 2401 3507 3.

218 3534 239 3574 ί)
268 3547 444 3577 expresum
474 3536 503 3568 1.
643 3535 676 3579 k)
704 3538 979 3579 equivallentiam
1009 3535 1045 3575 13
1081 3536 1327 3579 equipollentia
1352 3536 1383 3568 2.
1522 3534 1546 3577 ¹)
1578 3536 1814 3577 subsequentis
1845 3534 1926 3567 add.
1952 3533 1983 3566 2.
2113 3533 2154 3575 m)
2181 3533 2334 3576 sequenti
2360 3550 2402 3556 —

219 3592 311 3623 milia
337 3593 404 3624 ales.
426 3592 530 3633 1—3;
565 3600 647 3626 recle
673 3595 837 3636 supplerit
865 3594 973 3626 I’ertz.
1114 3595 1147 3634 n)
1173 3594 1325 3635 sequenti
1354 3611 1394 3616 —
1422 3594 1516 3626 milia
1540 3593 1606 3625 des.
1625 3591 1657 3624 2.
1790 3591 1821 3633 0)
1847 3592 1912 3624 alio
1940 3590 1968 3624 1.
1994 3591 2025 3623 2.
2143 3590 2176 3632 P)
2202 3600 2345 3632 expresa
2370 3586 2400 3620 1.

218 3656 248 3688 ¹1)
275 3655 374 3681 natu
385 3661 416 3680 m
442 3651 650 3691 quondam
676 3652 793 3683 ducis
818 3650 848 3682 3.
965 3657 992 3691 Υ)
1020 3651 1348 3683 transfretaverimus
1373 3649 1404 3683 3.
1522 3650 1548 3692 S)
1575 3650 1627 3681 vel
1653 3649 1684 3681 ὅ.

2431 909 2461 932 10

2431 1249 2461 1274 15

2433 1590 2466 1616 20

2437 1935 2469 1961 25

2436 2278 2469 2303 30

2436 2620 2503 2653 35'

2438 2969 2472 2994 40

2437 3297 2468 3324 45

2438 3649 2470 3679 50
