2558 3970
69 888 101 912 10

70 1235 103 1259 15

70 1584 104 1610 20

71 1929 105 1956 25

73 2276 107 2302 30

73 2620 105 2647 35

672 137 913 172 FRIDERICI
940 139 982 173 ΙΙ.
1010 139 1438 176 CONSTITUTIONES.
1491 144 1588 177 12:55».
1640 144 1700 178 Nr.
1724 146 1795 178 1903.
2253 152 2333 190 245

139 254 379 302 mobilium,
420 253 578 297 feodis,
621 254 889 308 proprietate
924 267 974 293 av
1011 254 1252 296 hereditate
1288 258 1341 296 sit
1383 265 1591 313 perpetuo
1626 261 1717 314 ipso
1753 261 1841 300 iuro
1877 263 2092 316 privatus:
2137 264 2189 303 im
2225 264 2335 317 quod

138 336 218 364 nec
252 322 383 377 patris
416 335 493 362 nec
525 322 654 362 ullius
689 321 841 363 iudicis
874 323 1144 363 restitutimw
1180 325 1244 364 vel
1281 326 1490 367 bom—ticio
1525 329 1611 368 ullo
1646 344 1844 383 umquam
1880 336 2099 386 tompore?
2134 334 2334 387 pociantur.

288 393 350 433 16.
390 390 525 432 Filius
557 404 678 438 vero,
719 392 789 446 qui
832 396 1012 432 mortem
1047 393 1181 447 patris
1220 395 1348 435 fuerit
1383 396 1650 438 machinatus
1684 405 1755 438 :iut
1791 400 2052 440 vulin-raudo
2086 407 2158 441 aut
2193 401 2335 441 vincu-

139 459 266 501 lando
299 473 451 500 manus
485 460 696 500 violentas
730 460 772 500 in
805 462 925 501 eumt
958 461 1197 507 inieceritu,
1231 463 1264 502 si
1291 462 1343 503 ‹le
1380 464 1456 503 hoc
1481 480 1624 506 voram
1652 481 1727 506 suo
1755 468 1892 508 iudice
1919 470 2070 509 siu-rw·
2103 471 2336 513 vonvivtus.

140 528 411 584 supradictov
449 528 576 569 modo
619 529 734 569 omni
777 529 867 570 iure
910 530 1110 584 omnique
1144 535 1241 571 actu
1282 532 1474 586 legitimo
1518 540 1762 588 perpetuow
1797 537 1848 577 sit
1884 539 1973 591 ipso
2010 539 2099 578 iun⁸
2134 540 2337 594 privatus.

139 597 251 653 quod
285 597 413 652 vulgo
446 596 604 638 dicitur
635 597 838 638 erenlosx
871 602 914 638 et
948 597 1153 643 rehtloss,
1188 599 1305 640 nulla
1329 601 1440 640 cirea
1476 602 1640 656 ipsumz
1675 606 1949 645 restitucione
1977 608 2112 647 lovum
2139 608 2338 648 hain-uto.

288 668 349 708 17.
392 665 547 707 Testes
584 679 685 707 vero
724 680 1018 722 quoscumque
1059 672 1180 722 pater
1221 682 1363 709 coram
1408 669 1546 710 iudim·
1590 685 1719 726 super
1760 673 1869 712 hiisu
1911 677 2210 718 imminuvvrit.
2256 692 2337 716 uon

138 735 340 777 obstante
374 735 754 789 consanguinitate
789 749 873 790 qua
906 736 1014 790 patri
1051 737 1116 776 vel
1159 737 1245 776 tilio
1280 743 1377 777 sunt
1410 740 1600 789 :isti-imi,
1642 742 1753 781 omni
1796 757 1969 796 prorsus
2004 745 2338 785 euntriulivtimu·

139 809 181 846 et
213 803 498 859 exceptioneb
531 804 840 848 cessantibusc,
872 808 1104 845 teneantur
1137 806 1305 846 veritati
1340 807 1659 848 testimouium·¹
1696 810 1942 864 perbibere:
1981 814 2092 867 quod
2124 815 2156 854 si
2185 829 2336 854 renuv-

142 874 262 925 rint⁰‚
296 871 526 928 coganturs
555 887 580 913 a
611 872 750 914 iudice
784 873 877 914 iure
909 873 1055 914 debito
1090 879 1133 915 et
1166 876 1416 924 eonsuetoh
1451 877 1531 916 nisi
1566 891 1684 918 suam
1710 878 2023 921 ‹lechirzu'erint
2048 883 2336 935 ignorum-ium

139 946 426 984 sacramento.

286 1013 349 1054 18.
389 1011 700 1053 Ministeriales
741 1025 841 1052 vero
885 1017 929 1053 et
969 1012 1139 1054 servilis
1172 1012 1428 1054 conditionis
1464 1014 1656 1055 hominos
1689 1016 1904 1060 eiusdem,
1949 1033 2124 1073 quorum
2162 1021 2338 1060 vonsilio

139 1084 210 1122 et⁸
241 1081 401 1122 auxilio
435 1081 546 1122 filius
570 1080 740 1136 aliquod
774 1081 1038 1136 prefatorum
1062 1082 1275 1123 scelerum
1308 1085 1588 1138 perpetravit,
1623 1100 1766 1126 coram
1803 1101 1878 1126 suo
1911 1087 2080 1127 iu‹li‹·o¹¹
2105 1089 2338 1129 seeundum

139 1150 317 1191 formam
352 1149 662 1205 supradictami
695 1165 719 1190 a
752 1155 875 1205 patre
911 1150 1139 1197 convictik,
1174 1152 1420 1207 supradicte
1456 1167 1581 1208 pene.
1615 1154 1716 1208 qut-¹
1753 1155 1877 1209 vulgo
1911 1156 2065 1196 dicitur
2097 1158 2265 1197 cronius
2300 1168 2339 1197 vt

142 1218 358 1270 rehtlosm,
400 1223 611 1275 perpetuo
655 1233 748 1260 cum
784 1219 962 1260 infamie
996 1225 1096 1261 nota
1129 1221 1409 1262 subiaceant¹¹
1446 1222 1539 1277 ipso
1581 1223 1692 1264 iuro:
1733 1230 1882 1264 eontra
1915 1239 2020 1280 quos
2055 1232 2197 1266 tamen
2233 1234 2342 1266 non⁰

138 1288 199 1329 ita
230 1287 450 1330 districtel’
484 1287 755 1343 procedatur,
788 1288 868 1330 nisi
903 1289 1023 1345 prius
1057 1295 1205 1331 contra
1238 1290 1370 1332 filium
1405 1292 1460 1332 sit
1483 1305 1747 1346 processum.
1782 1298 1827 1334 ut
1851 1296 2032 1336 maliciis
2056 1300 2098 1335 et
2121 1296 2342 1336 fraudibus

139 1361 402 1400 occurratur.

287 1428 351 1469 19.
385 1425 499 1468 Sane
533 1440 681 1468 omnes
715 1427 802 1477 alii,
836 1442 1015 1483 quorum
1039 1429 1218 1470 consilio
1242 1434 1311 1470 et‘1
1345 1430 1508 1470 auxilio
1541 1430 1652 1471 filius
1678 1436 1825 1472 contra
1851 1438 2015 1486 patrem
2042 1434 2341 1475 commiserit'.

140 1496 325 1538 convicti
359 1510 435 1552 per
468 1500 640 1547 testes³‚
673 1496 794 1537 iuxta
825 1497 1006 1538 formam
1028 1497 1288 1553 predictamt
1310 1513 1334 1539 a
1358 1498 1500 1540 iudice
1525 1500 1564 1540 in
1591 1501 1741 1540 cuius¹¹
1766 1501 2062 1542 iurisdictione
2087 1502 2125 1542 id
2152 1503 2343 1543 evenerit

140 1565 485 1621 proscribantur;
519 1579 598 1606 nec
630 1565 909 1607 absolvantur
942 1581 966 1607 a
996 1568 1360 1623 proscripcionev,
1397 1569 1476 1609 nisi
1510 1568 1698 1625 dampna
1731 1584 1879 1611 corum
1915 1572 2093 1612 consilio
2118 1578 2159 1612 et
2183 1573 2342 1612 auxilio

138 1635 259 1677 illata
290 1635 599 1692 persolverint,
633 1636 746 1690 patri
779 1636 821 1676 in
854 1635 1032 1692 duplum
1066 1641 1108 1678 et
1140 1636 1269 1678 iudici
1302 1637 1413 1692 quod
1446 1643 1661 1681 tenentur.
1696 1639 1896 1680 videlicet
1931 1646 2108 1681 wettew.
2173 1641 2216 1681 Si
2251 1642 2343 1695 quis

139 1718 241 1747 vero
274 1704 538 1747 eorundem¹
570 1706 784 1746 vassallus
817 1705 951 1761 patris
984 1706 1123 1757 fuerit,
1158 1706 1459 1748 nichilominus
1493 1708 1584 1762 ipso
1618 1708 1708 1749 iure
1742 1714 1953 1764 perpetuo
1988 1709 2114 1750 cadat
2145 1726 2169 1751 a
2202 1710 2341 1751 feodo.

141 1774 187 1816 Si
218 1788 318 1815 vero
351 1774 549 1816 dominus
581 1774 696 1816 idem
730 1774 905 1816 feodum
939 1776 1006 1817 eiy
1040 1775 1400 1831 quandocumque
1437 1777 1687 1819 restituerit.
1723 1777 1990 1819 tantumdem
2023 1778 2075 1818 de
2110 1779 2232 1819 bonis
2257 1780 2344 1819 suis

139 1844 440 1895 inmobilibus,
487 1843 554 1885 vel
601 1844 636 1884 si
681 1843 762 1886 hec
808 1858 894 1886 non
941 1844 1165 1897 habuerit,
1218 1845 1561 1886 estimationemz
1609 1860 1756 1887 eorum
1806 1846 1933 1888 iudici
1977 1861 2054 1888 suo
2099 1849 2344 1903 persolvero

141 1916 355 1954 teneatur.

285 1984 353 2023 202
385 1981 434 2023 In
469 1981 666 2023 omnibus
698 1986 844 2024 tamen
879 1984 1020 2024 causis
1053 1984 1301 2025 memoratis
1334 1984 1388 2024 sit
1421 1985 1558 2025 omnis
1592 1985 1716 2025 testis
1750 1984 1878 2030 liber,
1913 1986 2067 2040 integri
2102 1990 2270 2026 status‘*
2305 1993 2347 2026 et

141 2052 254 2094 bone
287 2051 400 2092 fame
433 2052 502 2092 inb
536 2050 678 2093 causis
710 2053 904 2107 parium⁰
937 2053 1179 2109 principum
1212 2058 1255 2095 et
1288 2053 1492 2106 aliorum,
1527 2054 1617 2095 sive
1649 2053 1903 2096 inferioresd
1936 2055 2053 2109 ipsoe
2086 2055 2182 2095 sint.
2217 2055 2345 2095 ctiam

140 2119 524 2163 ministerialiumf.
586 2120 896 2163 Ministeriales
930 2136 1029 2164 vero
1061 2123 1104 2164 in
1144 2123 1286 2164 causis
1319 2123 1665 2164 ministerialium
1699 2128 1742 2164 et
1775 2123 2045 2166 inferiorum.
2091 2129 2156 2164 set
2189 2138 2271 2164 non
2307 2124 2345 2163 in

141 2191 284 2233 causis
314 2190 570 2242 liberorum,
602 2190 751 2232 rustici
783 2205 884 2232 vero
918 2196 960 2233 et
993 2192 1161 2234 servilis
1195 2191 1454 2234 conditionis
1488 2192 1712 2233 hominesg
1744 2192 1786 2232 in
1811 2192 1948 2233 causis
1972 2207 2052 2233 non
2079 2194 2345 2248 superiorum

143 2265 210 2302 set
241 2274 415 2302 suorum
446 2259 617 2314 parium
650 2259 946 2301 admittantur.

286 2331 353 2372 21.
390 2329 435 2371 Si
468 2342 570 2370 vero
604 2333 728 2385 pater
761 2334 898 2381 etate,
939 2329 1209 2381 infirmitate,
1245 2331 1497 2386 captivitate
1530 2330 1669 2371 aliave
1703 2344 1836 2371 causa
1869 2330 2064 2384 legitima
2098 2330 2346 2386 inpeditus'¹

141 2413 262 2440 suam
307 2413 392 2440 non
435 2399 592 2454 poterit
641 2399 841 2439 iniuriam
890 2400 1111 2454 prosequi,
1164 2399 1319 2454 aliquis
1361 2400 1783 2454 consanguineorum
1828 2400 1962 2455 ipsius
2008 2399 2344 2454 inpedimentum

140 2469 275 2524 patris
320 2482 576 2524 expressum
630 2468 873 2509 iuramento
922 2468 1147 2510 declarans
1195 2468 1248 2510 ad
1295 2468 1476 2510 eandem
1529 2470 1742 2510 actionem
1786 2468 2127 2524 prosequendam
2173 2468 2346 2509 debeati

141 2542 346 2593 tanquam
377 2541 502 2593 pater
533 2536 716 2589 admitti,
749 2539 865 2579 omni
899 2537 982 2579 sibi
1014 2538 1106 2580 iure
1139 2552 1346 2580 concesso
1379 2538 1492 2593 quod
1525 2539 1635 2594 patri
1669 2537 1961 2594 conpeteretk.
2018 2537 2111 2577 niis
2146 2538 2345 2577 omnibus

144 2605 428 2663 specialibus¹
460 2606 503 2647 in
536 2605 681 2648 odium
706 2612 749 2648 et
771 2606 1114 2649 detestacionem
1139 2608 1363 2649 criminism
1387 2611 1535 2648 contra
1558 2607 1689 2648 divini
1717 2612 1760 2649 et
1782 2607 1955 2648 humani
1979 2607 2082 2646 iuris
2108 2606 2344 2646 naturalem

143 2676 380 2732 equitatem
413 2675 594 2717 admissi
627 2677 892 2731 generaliter
922 2681 1133 2732 perpetuo
1165 2677 1376 2718 valituris.

287 2747 378 2789 22.ιι
414 2744 633 2786 Penarum
681 2749 747 2786 est
792 2759 868 2800 pro
914 2745 1123 2801 qualitate
1168 2746 1446 2787 nocentium⁰
1487 2746 1661 2786 inventa
1701 2744 1944 2786 diversitas.
2007 2743 2131 2783 Unde
2177 2749 2217 2783 et
2251 2757 2345 2797 pro—

144 2815 325 2871 scriptos
356 2818 561 2869 tanquam
593 2813 814 2869 publicum
849 2814 1010 2855 crimen
1043 2815 1358 2870 prosequimur,
1392 2818 1439 2855 ut
1470 2813 1624 2870 quibus
1658 2814 1917 2854 inmanitasv
1950 2813 2132 2866 flagiciiq
2166 2812 2345 2866 patriam

142 2882 380 2934 interdixit,
415 2883 588 2938 inpunis
621 2884 761 2924 eciam
794 2883 1027 2926 inferaturr
1059 2885 1240 2928 offensa.
1302 2884 1508 2925 Firmiter
1540 2883 1669 2938 igitur
1692 2888 1733 2924 et
1767 2882 1959 2923 districte
1994 2881 2256 2936 precipimus
2282 2888 2348 2920 et¹¹

75 3009 110 3034 4ο
285 2997 370 3032 196.
404 2998 431 3041 t)
457 3000 491 3031 in
517 3010 594 3032 eum
620 3000 700 3032 viol.
725 2998 758 3032 2.
877 3000 911 3041 ¹¹)
938 3001 1096 3043 inpeterit
1123 2999 1152 3032 1.
1264 3001 1296 3042 V)
1322 3000 1552 3043 suprascripto
1577 2998 1608 3031 2.
1704 2998 1744 3035 w)
1771 3009 1836 3039 per.
1863 2998 1927 3039 leg.
1957 2997 1984 3029 1.
2079 3003 2112 3033 x)
2139 2997 2292 3028 liei-euius
2318 2996 2348 3027 2.

144 3057 176 3100 5)
200 3058 328 3091 rethlos
354 3056 383 3090 1.
503 3057 533 3099 z)
559 3069 637 3091 eum
662 3057 694 3091 2.
815 3057 847 3100 ³)
873 3069 975 3102 super
999 3059 1065 3091 hiis
1090 3070 1120 3092 c.
1147 3060 1214 3092 iud.
1242 3058 1273 3092 2.
1393 3056 1425 3098 b)
1452 3058 1656 3100 excepcione
1682 3056 1712 3089 2.
1815 3059 1843 3093 c)
1870 3060 2045 3087 cessantur
2074 3054 2103 3086 1.
2199 3052 2229 3092 d)
2258 3054 2349 3085 testi-

143 3116 257 3147 monio
282 3125 371 3147 corr.
398 3116 630 3147 testimonium
659 3115 688 3148 1.
783 3117 813 3156 e)
840 3117 1040 3149 rennuerint
1064 3115 1096 3148 2.
1195 3115 1225 3157 f)
1254 3117 1502 3159 compellantur
1527 3115 1559 3148 2.
1654 3120 1687 3154 8)
1713 3115 1767 3146 uel
1794 3114 1825 3145 2.
1922 3111 1954 3153 ¹¹)
1982 3114 2001 3143 i.
2020 3124 2044 3145 s.
2071 3112 2102 3143 2.
2184 3111 2206 3145 il
2233 3122 2347 3154 supra-

145 3173 304 3216 scriptam
329 3170 360 3204 2.
477 3170 512 3213 k)
538 3173 685 3205 condicti
709 3171 742 3206 2.
882 3171 908 3215 l)
933 3175 1023 3215 quod
1050 3173 1084 3207 2.
1201 3174 1244 3216 ¹1²)
1271 3174 1396 3207 rethlos
1426 3173 1453 3205 l.
1577 3179 1609 3213 ῃ)
1635 3173 1810 3204 subiceant
1840 3171 1866 3202 l.
1986 3174 2016 3209 ⁰)
2042 3181 2126 3210 quos
2153 3180 2218 3200 non
2246 3168 2347 3202 (corr.

145 3241 186 3262 ⁶²⁷
209 3229 263 3271 ffi)
292 3229 322 3263 1·
439 3229 473 3274 p)
499 3231 518 3262 i.
545 3231 577 3263 d.
604 3242 672 3263 non
697 3229 729 3263 2.
849 3230 882 3273 q)
908 3231 965 3264 uel
990 3229 1022 3264 2.
1139 3230 1167 3272 ι’)
1194 3231 1362 3263 commisit
1391 3230 1417 3262 l.
1537 3231 1563 3271 ³)
1590 3230 1638 3261 ἱΙα
1663 3228 1837 3270 distinqui!
1862 3225 1899 3266 2;
1927 3227 2024 3258 nulla
2051 3226 2216 3258 distinctio
2243 3225 2295 3256 lu'c
2321 3231 2348 3256 ot

77 3296 111 3322 45
143 3294 222 3331 post
243 3289 430 3331 predictam
453 3288 490 3320 in
517 3287 546 3322 1.
686 3287 712 3332 t)
747 3290 1009 3332 suprascriptam
1035 3287 1066 3321 2.
1218 3288 1252 3330 ¹¹)
1286 3285 1317 3321 e⁹
1344 3287 1373 3320 1.
1515 3290 1547 3328 v)
1581 3299 1599 3318 a
1634 3297 1758 3329 proscr.
1793 3285 1913 3317 desunt
1939 3284 1968 3316 1.
2111 3286 2149 3323 W)
2176 3273 2292 3315 wedde
2318 3280 2348 3313 2.

146 3344 181 3389 ¹)
206 3346 393 3378 earundem
418 3344 449 3378 1.
566 3345 598 3387 y)
625 3350 657 3378 et
684 3344 712 3378 1.
837 3346 868 3388 z)
894 3347 1150 3379 estimaeionem
1175 3345 1206 3378 2.
1326 3346 1358 3387 ⁸⁵)
1384 3347 1574 3388 integratus
1601 3344 1632 3376 1.
1751 3342 1782 3383 b)
1811 3367 1817 3375 .
1845 3344 1883 3373 In
1910 3341 1942 3374 1.
1969 3340 1999 3373 2.
2100 3346 2130 3381 ⁰)
2156 3346 2291 3383 patrum
2317 3338 2348 3370 2.

147 3400 181 3444 d)
214 3403 334 3436 inferio
371 3403 443 3445 ipso
482 3407 563 3434 sunt
598 3413 684 3435 corr.
723 3403 899 3436 inferiores
937 3404 1010 3446 ipso
1043 3404 1111 3435 sint
1135 3401 1167 3435 2.
1309 3402 1339 3443 e)
1366 3400 1430 3444 sp&
1456 3402 1482 3433 1.
1623 3399 1654 3441 s)
1681 3399 1946 3432 ministerialiter
1974 3399 2003 3430 1.
2145 3396 2178 3440 8)
2205 3398 2235 3429 11.
2264 3408 2290 3429 e.
2318 3395 2349 3428 2.

146 3458 182 3500 h)
207 3460 389 3503 impeditus
413 3458 435 3492 2
461 3465 664 3492 constanter.
819 3458 842 3501 i)
871 3461 970 3493 debet
994 3459 1026 3493 2.
1168 3457 1202 3500 k)
1229 3460 1379 3501 conpetit
1403 3457 1433 3490 2.
1587 3456 1609 3499 ¹)
1635 3457 1845 3499 spiritalibus
1872 3456 1901 3489 1.
2043 3461 2084 3495 ΠἸ)
2111 3455 2291 3487 criminum
2321 3452 2349 3484 1.

146 3517 182 3561 ιι)
208 3519 350 3551 rubrum
373 3518 409 3550 in
433 3516 470 3549 2:
498 3518 554 3549 De
579 3518 1004 3560 proscriptionibus.
1099 3517 1131 3557 0)
1158 3520 1341 3549 nocentum
1369 3516 1397 3548 l.
1492 3516 1524 3555 P)
1552 3515 1746 3547 immanitas
1772 3513 1803 3546 2.
1899 3512 1930 3554 q)
1955 3512 2073 3555 flagiui
2101 3511 2131 3543 1.
2227 3512 2253 3550 r)
2283 3511 2349 3551 inp.

82 3581 115 3606 50
148 3580 182 3608 et
205 3576 366 3609 offeratur
392 3574 422 3608 1.
541 3572 569 3616 Ξ)
594 3586 626 3618 p.
651 3579 686 3608 et
709 3575 831 3608 desunt
856 3575 887 3608 1.

286 3666 321 3709 1)
349 3664 406 3709 Cf.
431 3677 541 3711 ευρ-α
566 3677 593 3701 c.
613 3668 644 3700 3.
