2558 3970
626 146 842 182 HEINRICI
872 147 1009 181 REffls
1035 146 1465 182 CONSTlTU'l'loNEs.
1520 150 1617 183 12:2⁴3.
1667 149 1728 184 Nr.
1747 150 1823 184 ⁶292.
2246 152 2325 190 407

793 410 922 478 292.
966 410 1100 479 293.
1147 407 1658 477 CASSATIO

168 509 648 582 COMMUN
674 511 842 582 [ΑΕ
898 511 1103 583 CIV]
1124 512 1272 582 ΠΜ
1328 512 1544 582 ΟΑΜ
1560 512 1618 582 Ε
1641 511 1695 580 R
1712 512 1806 580 A(
1827 512 1839 575 3
1862 510 1914 580 1⁴]
1931 510 2052 580 NS
2074 512 2088 581 Ι
2114 511 2182 581 U
2201 512 2290 581 M.

1032 637 1174 684 lwss.
1215 636 1338 683 Nov‚
1368 650 1441 683 cx,

411 777 514 820 292.
556 778 999 824 PRIVILEGIUM
1027 779 1293 824 REGIUM
1317 777 1619 821 EPISCOPO
1650 777 1890 820 DATUM.
1946 778 2048 820 Nor.

72 873 88 898 ⁵
270 859 399 902 Dedit
429 861 494 901 vir
524 860 561 901 (Ζ.
584 861 726 902 Arndt
756 876 776 902 0
807 861 964 903 (luobus
990 861 1273 914 aecloglrapleis,
1308 875 1412 913 quac
1434 861 1708 901 asservantur
1741 859 1784 898 in
1817 859 2026 899 tabulari«,
2050 860 2266 908 Insulam»,
2299 861 2334 898 (Ἰ

127 930 289 984 quidem
340 931 379 985 1)
406 929 538 984 fonds
568 929 759 971 Dclattrc
790 944 856 973 ην.
879 932 948 981 25,
987 931 1053 972 ceci
1084 930 1287 985 appendet
1319 930 1454 971 aalma·
1487 929 1576 981 silis
1607 928 1750 969 scricis
1784 928 1901 968 rubri
1941 931 1977 967 et
2012 929 2158 968 m'ride's
2190 929 2336 968 coloris

128 1002 204 1052 (40
236 999 478 1042 centimetra-
511 1000 664 1053 lonfle's)
697 1000 812 1042 bulla
842 1014 974 1042 aurea
1007 1001 1134 1053 reyes.-
1174 1001 1220 1040 ‘in
1252 1000 1373 1041 dorso
1404 999 1600 1052 lcfflmlw·
1633 1010 1762 1037 nectua
1793 1011 1895 1038 saec.
1919 996 2048 1038 XIV:
2092 998 2220 1038 Cives
2257 997 2336 1039 ΙΙΙ.

130 1070 172 1110 in
206 1067 464 1117 Camera003
508 1068 554 1124 2)
588 1068 719 1123 fonds
758 1069 806 1110 (Ie
841 1069 1068 1123 Cambray,
1111 1070 1178 1110 ccci
1217 1067 1422 1121 appendet
1453 1067 1640 1119 se'yillum
1684 1067 1842 1119 rcye'ztm
1880 1080 2039 1106 cereum
2079 1066 2166 1117 silis
2197 1066 2338 1106 scricis

125 1139 262 1191 slavis.
314 1138 440 1180 Perta
460 1138 676 1180 Mdv-acum
697 1141 858 1180 secutus
879 1139 1011 1180 solum
1033 1141 1266 1193 excerptum
1290 1136 1510 1190 privilcqz'i
1531 1149 1621 1177 cum
1643 1135 1708 1176 <lie
1734 1135 1852 1189 salso
1874 1133 1978 1175 Noc.
2004 1138 2029 1174 7
2059 1134 2159 1176 darc
2187 1135 2334 1186 poluit.

61 1218 94 1244 1⁰
132 1232 182 1238 -—
216 1206 672 1251 Huillard-Bre'leolles
702 1207 764 1258 II,
782 1209 878 1250 892.
941 1207 1136 1258 Bo'lemcr,
1168 1207 1268 1260 Rey.
1304 1207 1400 1258 imp.
1433 1205 1477 1256 V,
1500 1206 1624 1246 4025.
1983 1203 2054 1256 (P.
2075 1206 2196 1257 257.)

272 1346 291 1400 {1
320 1344 373 1386 In
404 1346 577 1389 nomine
609 1351 758 1388 sancte
793 1351 835 1388 et
866 1345 1087 1387 individue
1112 1345 1378 1388 Trinitatisfl.
1439 1343 1659 1386 Henricus
1690 1340 1708 1393 ἒξ
1740 1341 1885 1383 divina
1914 1341 2086 1383 favente
2111 1342 2341 1383 clementia

131 1415 427 1458 Romanorum
450 1429 527 1457 rex
550 1420 593 1458 et
617 1430 789 1472 semper
812 1419 1035 1471 augustus.
1141 1415 1208 1457 Ne
1231 1428 1312 1471 que
1345 1414 1388 1455 in
1412 1418 1559 1455 nostra
1584 1411 1814 1467 sollempni
1838 1411 1955 1452 curia
1981 1416 2181 1466 aguntur,
2215 1412 2340 1466 lapsu

132 1486 341 1542 temporis
386 1486 430 1527 in
472 1485 699 1527 oblivionis
746 1486 994 1541 scrupulum
1037 1485 1303 1533 relabantur,
1347 1487 1495 1525 notum
1535 1482 1627 1523 ficri
1661 1481 1858 1522 volumus
1902 1481 2114 1522 universis
2155 1481 2339 1522 Romani

134 1556 302 1612 imperii
342 1555 542 1597 fidelibus
585 1560 671 1596 tam
715 1555 990 1611 presentibus
1030 1569 1159 1610 quam
1200 1554 1377 1604 futuris,
1423 1551 1539 1608 quod
1571 1565 1667 1592 cum
1701 1551 1812 1591 inter
1844 1549 2049 1591 dilectum
2084 1564 2134 1591 ac
2167 1549 2339 1591 fidelem

65 1644 96 1670 ιε»
133 1625 371 1682 principem
404 1629 598 1666 nostrum
631 1624 915 1666 Godefridum
949 1624 1310 1666 Oameracensem
1345 1623 1598 1678 episcopum
1633 1634 1688 1661 cx
1721 1624 1842 1675 parte
1875 1633 1961 1660 una
1994 1624 2036 1661 ct
2064 1620 2180 1660 cives
2206 1619 2340 1674 ipsius

138 1695 331 1751 episcopi
372 1693 710 1737 Cameracenses
760 1708 816 1735 ex
856 1695 994 1736 altera
1038 1708 1168 1749 super
1208 1692 1445 1750 privilegiis
1491 1694 1534 1733 et
1573 1689 1743 1745 scriptis
1786 1703 1810 1730 a
1851 1688 1974 1730 nobis
2017 1689 2084 1729 vel
2124 1688 2176 1729 ab
2219 1694 2340 1730 antc-

135 1764 384 1806 cessoribus
433 1764 589 1806 nostris
629 1764 806 1820 regibus
847 1764 915 1804 vel
953 1763 1288 1819 imperatoribus
1320 1761 1529 1803 Romanis
1572 1759 1626 1800 ab
1665 1763 1849 1813 utraque
1892 1762 2015 1813 parte
2058 1757 2246 1798 obtentis
2290 1757 2342 1798 dc

136 1847 352 1876 consensu
391 1834 579 1889 partium
618 1834 762 1875 taliter
805 1833 1135 1889 compromissio
1177 1836 1293 1874 esset
1337 1832 1472 1881 facta,
1518 1828 1631 1884 quod
1664 1832 1809 1883 partes
1844 1828 2006 1882 scripta
2041 1841 2118 1868 sua
2151 1828 2191 1867 in
2226 1828 2343 1867 curia

137 1903 395 1945 Alemannie
435 1907 689 1959 presentare
723 1903 952 1952 deberent,
996 1908 1043 1944 ut
1079 1917 1156 1958 per
1188 1901 1391 1943 iudicium
1424 1899 1620 1941 eiusdem
1659 1898 1777 1939 curie
1811 1896 2041 1947 diceretur,
2084 1911 2169 1952 que
2202 1897 2344 1952 potius

63 1991 96 2017 20
135 1988 191 2015 ex
230 1974 354 2029 ipsis,
409 1973 591 2015 cassatis
628 1973 742 2024 aliis,
794 1973 1022 2029 prevalere
1071 1972 1302 2017 deberent,
1356 1974 1399 2011 et
1437 1984 1533 2011 cum
1574 1969 1617 2009 in
1667 1968 1785 2009 curia
1826 1966 2092 2008 serenissimi
2135 1965 2345 2020 genitoris

134 2042 271 2084 nostri
310 2041 519 2084 Friderici
555 2041 639 2084 Dei
687 2043 827 2098 gratia
867 2041 1162 2083 Romanorum
1211 2039 1488 2096 imperatoris
1528 2052 1700 2094 semper
1741 2036 1935 2091 augusti,
1988 2035 2260 2077 Iherusalem
2303 2040 2346 2075 et

137 2111 294 2168 Sycilie
335 2112 452 2167 regis
493 2126 570 2168 per
603 2112 861 2153 sententiam
894 2111 1136 2166 principum
1168 2111 1326 2151 fuisset
1360 2107 1660 2163 sollempniter
1693 2105 1983 2155 declaratum,
2019 2104 2130 2160 quod
2163 2103 2345 2145 cassatis

135 2181 306 2222 omnino
328 2180 568 2237 privilegiis
593 2181 751 2223 civium
783 2180 1089 2236 predictorum,
1123 2179 1351 2235 privilegia
1384 2177 1577 2234 episcopi
1610 2177 1651 2217 in
1675 2190 1751 2216 suo
1776 2175 1932 2216 robore
1956 2180 2167 2230 perpetuo
2191 2173 2345 2214 durare

136 2249 363 2302 deberent,
409 2250 685 2306 postmodum
729 2264 825 2292 cum
867 2249 920 2291 ad
961 2250 1213 2290 instantiam
1253 2249 1410 2289 civium
1460 2245 1757 2302 predictorum
1800 2244 1961 2285 dictum
2003 2244 2257 2299 episcopum
2296 2243 2348 2283 ad

70 2335 102 2362 25
139 2320 300 2362 curiam
341 2319 705 2375 Herbipolensem
752 2321 795 2361 in
834 2320 998 2362 octavis
1037 2319 1156 2361 beati
1197 2318 1373 2359 Martini
1414 2317 1535 2358 citari
1576 2315 1853 2365 fecissemus,
1897 2313 2011 2354 dicto
2054 2315 2257 2368 episcopo
2301 2313 2341 2352 in
2383 2325 2516 2351 Noui-‘3-

138 2404 321 2446 persona
358 2390 559 2446 propriab
593 2405 643 2432 ac
677 2390 844 2431 civibus
883 2404 962 2445 per
999 2392 1302 2445 procuratores
1337 2386 1604 2428 sufficienter
1643 2385 1875 2425 instructos
1918 2382 1971 2422 ad
2012 2382 2175 2423 curiam
2208 2382 2342 2436 ipsam

139 2460 502 2515 comparentibus,
536 2465 580 2501 et
612 2474 708 2501 cum
741 2474 798 2502 ex
828 2464 949 2515 parte
984 2459 1141 2500 civium
1173 2471 1198 2498 a
1229 2454 1582 2512 procuratoribus
1617 2454 1811 2509 ipsorum
1845 2454 2006 2493 factum
2031 2465 2154 2491 suum
2187 2464 2345 2505 propo—

139 2534 316 2572 neretur
347 2534 390 2571 et
422 2543 476 2571 ex
509 2534 630 2586 parte
663 2529 857 2585 episcopi
891 2541 1149 2584 responsum
1182 2526 1358 2575 fuisset,
1393 2523 1505 2580 quod
1539 2522 1788 2564 nullatenus
1822 2519 2086 2576 respondere
2118 2519 2348 2560 tenebatur

142 2600 305 2642 eisdem
342 2614 421 2642 nee
462 2599 718 2641 advocatum
751 2613 832 2640 nec
870 2599 936 2639 ius
970 2595 1143 2652 aliquod
1176 2595 1217 2635 in
1251 2595 1369 2635 curia
1401 2593 1596 2635 obtinere
1630 2590 1866 2639 debebant,
1905 2603 2002 2630 cum
2036 2590 2177 2630 banno
2210 2589 2344 2642 impe-

75 2689 108 2714 30
143 2671 239 2712 riali
271 2670 488 2726 suppositi
521 2673 668 2711 essent
700 2673 743 2710 et
774 2667 1015 2724 proscripti,
1050 2666 1238 2707 maxime
1273 2678 1369 2705 cum
1403 2663 1542 2703 dictus
1576 2652 1885 2717 episcopusin
1919 2659 2038 2699 curia
2065 2662 2212 2699 nostra
2235 2656 2347 2712 apud

144 2739 398 2782 Tridentum
432 2738 668 2781 secundum
700 2739 765 2779 ius
799 2742 843 2780 et
872 2738 1018 2792 legem
1051 2735 1168 2776 curie
1203 2738 1348 2774 nostre
1383 2732 1653 2773 sufficienter
1683 2725 1939 2786 probasset,
1963 2727 2077 2783 quod
2107 2727 2209 2768 dicti
2235 2727 2348 2767 cives

144 2824 223 2866 per
254 2823 414 2851 annum
447 2812 490 2850 et
522 2809 634 2850 diem
666 2812 708 2850 et
730 2807 917 2863 amplius
940 2801 1401 2847 excommunicationis
1424 2801 1596 2842 vinculo
1620 2799 1811 2840 innodati
1846 2804 1888 2839 ct
1911 2796 2183 2853 postmodum
2208 2796 2349 2836 banno

143 2879 357 2935 imperiali
388 2893 467 2934 per
500 2878 760 2920 sententiam
793 2876 1036 2932 principum
1069 2872 1261 2929 perculsi
1295 2875 1338 2913 et
1377 2870 1609 2927 proscripti
1642 2869 1849 2919 fuissent,
1892 2881 2019 2922 quem
2052 2880 2128 2921 per
2161 2865 2348 2919 quinque

146 2962 282 2991 annos
315 2954 358 2991 et
389 2948 576 3004 amplius
608 2947 918 2997 sustinuerant,
952 2949 996 2986 et
1029 2943 1281 2984 satisfacere
1315 2955 1401 2982 non
1426 2943 1665 2991 curassent,
1697 2937 1811 2979 unde
1844 2937 1975 2978 nichil
2009 2934 2124 2976 aliud
2158 2932 2351 2975 restabat

11 3069 15 3076 .
78 3035 110 3061 ³⁵
146 3018 226 3060 nisi
270 3017 385 3074 quod
431 3021 580 3059 contra
621 3017 758 3058 dictos
800 3016 917 3056 cives
962 3011 1281 3068 dampnationis
1335 3009 1553 3052 sententia
1594 3008 1872 3064 proferretur,
1921 3011 1963 3047 et
2006 3004 2060 3045 ad
2103 3002 2350 3043 instantiam

146 3090 336 3129 nostram
369 3091 414 3128 et
445 3087 688 3143 principum
721 3091 796 3126 acc
828 3084 1007 3125 aliorum
1040 3081 1250 3123 nobilium
1283 3079 1454 3135 imperii
1488 3078 1764 3119 sustinuisset
1795 3075 1909 3117 idem
1944 3074 2195 3129 episcopuS,
2237 3068 2351 3125 quod

146 3157 245 3198 talis
279 3162 322 3199 et
352 3160 441 3198 tam
474 3169 626 3197 severa
659 3154 876 3196 sententia
907 3152 1153 3194 differretur
1186 3150 1288 3191 ferri
1321 3152 1469 3189 contra
1500 3147 1631 3203 ipsos,
1666 3151 1711 3187 ut
1735 3145 1910 3195 videret,
1945 3143 1979 3183 si
2011 3143 2121 3183 forte
2146 3140 2200 3181 ad
2223 3140 2349 3180 satis-

147 3226 377 3268 factionem
409 3224 620 3273 redirent,
661 3223 835 3265 obtento
869 3222 988 3277 prius
1020 3234 1097 3275 per
1128 3217 1332 3259 iudicium
1365 3216 1627 3271 principum,
1661 3214 1774 3269 quod
1808 3213 1955 3254 dilatio
1989 3208 2350 3267 pronuntiationis

151 3296 247 3336 talis
279 3295 496 3337 sententie
529 3293 581 3334 de
612 3294 705 3334 iure
739 3291 855 3333 curie
888 3294 1034 3331 nostre
1063 3288 1155 3329 fieri
1182 3289 1353 3342 poterat
1385 3299 1466 3326 neo
1496 3284 1631 3325 ullum
1655 3283 1770 3324 dicto
1795 3282 1998 3336 episcopo
2023 3279 2091 3321 vel
2115 3277 2352 3319 successori

20 3388 21 3392 =
83 3381 117 3408 ιο
152 3378 227 3405 suo
266 3363 554 3420 preiudicium
591 3361 850 3417 generabat,
893 3356 994 3414 quia
1026 3357 1079 3399 ad
1120 3356 1201 3397 hoc
1235 3368 1407 3396 eramus
1449 3352 1688 3408 spetialiter
1720 3351 1903 3399 astricti,
1947 3347 2060 3404 quod
2093 3347 2352 3388 sententiam

148 3433 310 3489 ipsam,
343 3432 684 3488 quandocunque
723 3431 777 3471 ab
808 3430 902 3485 ipso
934 3428 1137 3483 episcopo
1172 3425 1240 3466 vel
1274 3423 1600 3465 successoribus
1645 3421 1734 3462 suis
1767 3420 1838 3460 vel
1870 3432 2017 3460 eorum
2051 3422 2169 3458 certo
2202 3415 2352 3456 nuntio

152 3517 347 3544 essemus
370 3502 583 3557 requisiti,
615 3500 808 3557 proferre
830 3504 1093 3548 teneremur,
1127 3494 1244 3536 nulla
1267 3494 1351 3534 alia
1373 3491 1629 3548 probatione
1657 3490 1709 3531 ab
1734 3489 1796 3530 eis
1821 3488 2028 3543 requisita
2051 3486 2140 3526 sive
2164 3488 2351 3538 recepta,

152 3570 338 3627 dictique
371 3571 486 3612 cives
525 3570 659 3611 nichil
691 3584 716 3611 a
747 3569 872 3610 nobis
905 3568 1136 3622 impetrare
1173 3566 1368 3619 possent,
1411 3561 1636 3617 quominus
1669 3559 1785 3600 dicta
1817 3556 2036 3599 sententia
2073 3554 2353 3610 proferretur,

288 3686 376 3722 292.
407 3686 437 3727 ³)
464 3686 634 3729 hucusque
659 3685 778 3718 literae
803 3685 980 3726 elonyatae
1005 3683 1041 3714 in
1064 3680 1097 3713 2.
1215 3677 1248 3720 b)
1276 3677 1413 3721 propria
1437 3686 1583 3720 persona
1608 3673 1638 3707 2.
1758 3673 1788 3715 0)
1817 3684 1858 3705 ac
1883 3671 2075 3715 principum
2100 3675 2134 3702 et
2157 3667 2189 3700 2.
