2558 3970
13 3887 50 3970 ,w-

91 913 123 938 10

89 1251 121 1276 15

88 1945 121 1971 25

92 2289 125 2314 ³0

92 2633 124 2660 35

95 2975 129 3000 40

96 3323 128 3349 4⁵

675 151 884 186 PHILIPPI
911 150 1050 184 Rudis·
1076 149 1506 183 CONs'rl'rU'rloNEs.
1560 151 1656 183 120⁸.
1707 150 1768 183 Nr.
1792 152 1841 184 15.
2307 159 2353 192 19

158 267 436 325 pensionibus
486 266 583 309 inde
625 265 978 321 provenientibus
1020 264 1072 304 ab
1121 264 1198 304 hav
1246 264 1314 304 (lie
1363 265 1402 304 in
1444 270 1592 309 autea,
1642 265 1837 305 deductis
1885 268 2088 321 expensis
2141 269 2264 307 sau-tis
2314 269 2351 307 in

159 336 356 378 custodia
386 340 624 376 castrorum
659 336 770 376 bona
801 335 899 376 fide.
963 333 1105 375 Medio
1139 339 1282 373 autem
1307 340 1502 387 temporo
1528 339 1672 373 utctur
1695 339 1885 388 potestas
1911 337 2168 376 &mensium
2193 344 2233 376 ct
2259 338 2352 376 cius

159 417 436 447 successores
468 404 580 445 bona
611 403 694 444 fide
727 404 925 444 omnibus
958 401 1162 457 predictis
1195 407 1237 442 ct
1271 403 1473 442 comitatu
1500 402 1552 442 ad
1577 403 1805 443 utilitatem
1835 406 2057 445 commmis
2084 407 2211 450 Seno,
2246 406 2353 445 sicut

158 475 369 516 hactenus
407 487 510 514 usus
554 478 632 522 est,
673 478 717 514 et
754 473 827 514 fiet
867 472 1099 526 resignatio
1145 484 1274 525 supra
1317 470 1431 510 dicto
1475 471 1616 512 modo.
1686 474 1761 512 Set
1797 488 1945 513 omncs
1980 475 2282 528 possessiones
2317 483 2353 512 vt

158 547 330 586 tenutas
362 543 558 598 proprias
592 546 635 582 et
665 540 796 582 feuda
828 546 870 582 et
904 535 994 581 iura
1019 545 1061 580 et
1093 540 1333 595 privilegia.
1368 554 1449 594 quc
1484 541 1599 580 cives
1625 542 1844 581 Senensi-s
1875 543 2034 583 liabent
2060 543 2112 583 ‹li›
2141 543 2356 596 aliquibus

157 611 286 654 rebus
319 611 360 651 in
392 611 597 651 comitatu
631 610 829 656 Senensi,
864 610 955 650 sine
989 609 1304 664 inquietatione
1341 608 1474 649 libere
1509 609 1696 650 habeant
1730 617 1771 650 ct
1805 611 2066 665 possideant.

300 682 338 721 2.
371 679 583 720 Dominus
616 683 759 720 autem
798 691 875 719 rex
914 678 1096 733 recipiet
1130 677 1349 718 Senenses
1384 678 1424 717 in
1461 678 1772 732 plenitudinem
1807 681 1944 729 gratie
1979 695 2053 720 suc
2088 687 2128 720 vt
2163 681 2201 720 in
2236 694 2354 720 suam

158 749 469 806 protectionem
503 754 547 790 ct
585 748 778 789 remittet
810 747 1008 788 conmuni
1043 746 1316 795 Senensium,
1361 746 1570 786 universis
1603 753 1644 786 ct
1678 748 1872 798 singulis.
1914 749 2136 789 universus
2169 751 2358 789 offensus

159 823 202 861 et
232 818 380 859 debita
411 822 454 859 et
485 817 647 858 tributa
681 820 723 857 et
754 816 947 866 iniurias,
982 829 1088 871 quas
1123 814 1190 855 vcl
1223 814 1305 870 ipsi
1339 814 1510 855 domino
1545 816 1634 868 rogi
1662 816 1726 855 vcl
1755 817 1933 870 imperio
1960 818 1998 857 in
2024 818 2188 858 nunciis
2213 832 2357 858 eorum

158 887 227 929 vel
265 888 307 928 in
352 886 599 928 hominibus
642 885 695 928 de
733 887 939 927 comitatu
984 885 1180 926 fecerunt
1212 888 1283 924 aut
1321 884 1479 925 fecisse
1513 883 1728 926 dicuntur.
1792 886 1891 926 lura
1924 894 2067 926 autem
2102 892 2144 926 et
2177 902 2356 926 eonsue-

157 955 329 998 tudines
362 961 405 997 et
428 956 733 997 concessiones
756 968 906 996 omncs
930 959 974 995 et
997 952 1335 995 iurisdictiones.
1369 966 1475 1007 quas
1501 953 1735 1008 imperator
1763 953 1994 995 l{‹·inricus
2019 955 2132 995 vlam
2157 956 2359 995 memorio

158 1026 369 1068 concessit
409 1025 609 1066 conmuni
650 1023 924 1069 Senensium,
972 1028 1086 1063 ratas
1119 1028 1162 1062 et
1201 1022 1346 1062 firmas
1386 1022 1561 1062 habebit
1601 1022 1797 1062 dmninus
1834 1038 1906 1063 rex
1951 1029 1991 1063 ct
2025 1037 2101 1063 suo
2137 1024 2359 1078 privilegio

158 1094 464 1137 corroborabit.
503 1099 546 1134 et
583 1108 741 1135 novum
783 1093 1053 1149 privilegium
1097 1092 1220 1133 fatict
1253 1092 1315 1132 eis
1350 1091 1586 1132 secundum
1621 1097 1813 1132 tenorem
1849 1093 2063 1147 privilegii
2099 1093 2198 1132 fau-ti
2234 1107 2362 1148 super

157 1163 236 1204 hoc
269 1177 294 1205 a
323 1162 423 1204 divo
462 1164 723 1219 imperatore
756 1162 812 1203 H.
847 1167 890 1203 ct
921 1161 975 1203 dc
1007 1176 1138 1217 supra
1170 1161 1296 1202 dictis
1330 1160 1543 1202 omnibus.
1606 1161 1813 1201 Prctcrca
1846 1162 2063 1201 vix-itatem
2099 1162 2352 1202 Scucnsium

156 1231 280 1273 fatiet
313 1236 356 1274 et
387 1231 566 1274 habebit
598 1231 796 1273 dominus
829 1245 907 1272 rex
941 1230 1172 1286 specialem
1206 1244 1327 1270 suam
1357 1230 1603 1271 chamcram
1639 1230 1679 1270 in
1712 1230 1873 1270 'ruscia
1907 1236 1948 1270 ct
1981 1235 2177 1286 proteget
2209 1236 2251 1270 ct
2284 1230 2357 1269 de-

154 1300 303 1343 fendet
335 1305 378 1342 et
409 1300 573 1342 iuvabit
605 1299 823 1342 Senenses
857 1306 898 1340 et
930 1300 1072 1355 ipsum
1107 1313 1317 1341 conmune
1343 1298 1601 1340 Senensiuni
1636 1304 1786 1339 contra
1811 1313 1972 1341 omncs.
2006 1299 2076 1353 qui
2103 1298 2361 1339 ‹›ffi·ml‹·rint

155 1374 229 1412 aut
259 1370 533 1425 gravaverint
564 1369 668 1411 illud
703 1369 769 1411 vel
804 1369 914 1421 illos,
947 1370 982 1410 si
1015 1369 1181 1410 nollent
1214 1373 1329 1410 stare
1353 1369 1528 1409 arbitrio
1554 1373 1596 1409 et
1619 1368 1833 1409 mandatis
1857 1367 2015 1408 domini
2046 1369 2159 1422 regis
2184 1374 2225 1408 et
2249 1382 2354 1408 nun-

154 1440 312 1482 tiorum
345 1453 535 1492 suorum,
567 1440 626 1481 ita
658 1439 771 1495 quod
804 1440 997 1494 placeret
1030 1439 1230 1480 conmuni
1255 1438 1524 1479 Senensium.
1579 1437 1624 1479 Si
1649 1451 1749 1479 vcro
1781 1437 1923 1492 aliqua
1947 1438 2109 1478 civitas.
2147 1437 2261 1476 locus
2289 1438 2352 1476 vel

155 1523 342 1565 persona
372 1509 425 1551 de
461 1508 677 1550 Societate
711 1508 869 1549 Tuscie
904 1508 1063 1549 Senam
1103 1512 1178 1548 aut
1210 1507 1431 1549 Senenses
1472 1507 1699 1548 offenderit
1732 1513 1906 1562 propter
1940 1506 2175 1561 predictam
2212 1505 2347 1546 tideli-

157 1581 292 1620 tatem
326 1577 485 1619 factam
518 1577 692 1618 domino
724 1577 829 1632 regi,
863 1576 1062 1617 dominus
1084 1590 1160 1617 rex
1187 1576 1351 1617 iuvabit
1374 1590 1448 1616 eos
1474 1580 1516 1616 ct
1539 1575 1742 1617 defendet
1769 1575 1882 1616 bona
1908 1575 1990 1616 fide
2015 1580 2056 1615 et
2079 1575 2171 1615 sinc
2198 1574 2360 1615 fraudo.

155 1645 266 1689 Item
309 1646 557 1689 Senensesa
600 1646 811 1688 iuvabunt
854 1660 1085 1701 personam
1121 1646 1187 1686 vel
1230 1646 1387 1686 locum.
1437 1646 1506 1699 qni
1543 1650 1719 1699 proptor
1751 1644 2023 1685 adiutorium.
2066 1643 2177 1698 quod
2212 1643 2362 1683 feccrit

158 1715 440 1768 Senensibus‚
476 1717 677 1758 habuerit
708 1729 923 1770 guerram.

300 1788 338 1828 3.
370 1785 467 1827 Hec
499 1785 642 1827 omnia
674 1784 921 1840 supradicta
943 1798 1026 1838 ego
1050 1783 1302 1839 XVolfgerus
1326 1783 1407 1824 Dei
1432 1782 1574 1837 gratia
1598 1782 1905 1837 Aquilegensis
1929 1781 2187 1837 patriarcha.
2222 1781 2360 1821 tocius

154 1855 308 1897 Italiae
340 1856 524 1911 legatus²
563 1855 737 1895 nomine
779 1858 823 1895 et
854 1854 946 1895 vice
979 1853 1141 1894 domini
1184 1852 1299 1908 regis
1331 1851 1410 1894 Ph.
1445 1851 1520 1893 tibi
1554 1851 1735 1892 Iohanni
1769 1846 1908 1891 Striizi
1943 1850 2202 1891 Senensium
2239 1855 2359 1904 potc-

159 1924 273 1977 stati‚
313 1924 539 1980 recipienti
581 1924 752 1965 nomine
793 1922 1085 1964 universitatis
1126 1922 1386 1964 Senensium
1428 1926 1471 1962 ct
1509 1934 1808 1962 successorum
1852 1924 2036 1969 tuorum,
2076 1919 2278 1973 promitto
2321 1924 2363 1958 ct

156 1993 274 2046 satio,
307 1998 351 2036 et
381 1994 529 2035 fatiam
563 1994 705 2035 omnia
737 2007 866 2048 supra
896 1992 1012 2034 dicta
1044 1992 1288 2033 confirmari
1322 1996 1366 2032 et
1397 1991 1489 2032 fieri
1514 1995 1556 2031 et
1587 1990 1816 2044 adimpleri
1847 2003 1872 2029 a
1897 1988 2069 2029 domino
2094 2003 2196 2044 rege
2220 1989 2295 2029 Pli.
2321 1994 2361 2028 et

158 2077 235 2105 suo
267 2063 492 2119 privilegio
527 2063 796 2104 corroborari
830 2061 884 2102 ad
917 2061 1244 2116 inquisitionem
1279 2065 1396 2102 tuam
1430 2060 1498 2101 vel
1532 2060 1593 2100 tui
1627 2059 1782 2100 nuncii.
1846 2057 1901 2098 Et
1934 2058 1986 2099 de
2012 2058 2210 2099 omnibus
2237 2071 2363 2111 supra

158 2131 284 2174 dictis
317 2132 520 2174 fatiendis
555 2137 599 2174 et
629 2131 901 2188 adinplendis
935 2131 1133 2172 osculum
1166 2130 1284 2185 pacis
1317 2129 1392 2170 tibi
1427 2128 1526 2170 dedi
1558 2142 1644 2169 una
1678 2142 1772 2168 cum
1798 2127 2002 2168 Heinrico
2027 2126 2078 2168 de
2104 2126 2362 2179 Smalnecgc

159 2205 203 2243 et
238 2200 494 2243 Eberhardo
543 2201 596 2243 de
641 2198 834 2242 Lfittere.
953 2199 1114 2241 Actum
1160 2200 1202 2240 in
1249 2198 1379 2242 Sena.
1506 2197 1648 2238 Huius
1699 2197 1760 2238 rei
1807 2200 1941 2237 testes
1986 2200 2100 2237 sunt:
2153 2195 2361 2249 magister

161 2269 434 2321 Gernandus,
465 2269 676 2312 Albertus
710 2269 919 2319 Struzius‚
952 2269 1122 2310 Russus
1155 2267 1329 2314 Melluz,
1363 2267 1582 2309 Scolarius
1617 2266 1668 2307 de
1704 2265 1896 2310 Clusino,
1931 2264 2169 2306 Reinaldus
2204 2277 2363 2312 comcs,

160 2339 292 2382 Wido
325 2353 470 2381 comes
503 2338 556 2380 de
590 2338 792 2394 Selenga,
825 2338 956 2380 Wido
990 2338 1042 2379 de
1076 2337 1358 2388 Monasterio,
1392 2335 1794 2378 Hildebrandinusb
1829 2334 1998 2381 Molliiz.
2034 2333 2161 2374 Iacob
2190 2332 2364 2373 Ildibcr.

160 2407 463 2450 Bartolomeus
495 2407 741 2459 Renalffini,
773 2407 915 2449 Maizo
941 2407 1160 2448 Gwidonis
1185 2406 1327 2458 Maizi,
1360 2406 1552 2447 Ubertus
1578 2404 1694 2449 Gilii,
1727 2403 1942 2444 Ranutius
1966 2402 2155 2457 Philippi
2183 2407 2225 2442 ct
2252 2400 2362 2440 lldc-

159 2477 396 2520 brandinus
428 2476 653 2532 Bolgarini
687 2481 730 2519 et
761 2477 1033 2518 Tronbectus
1067 2480 1109 2517 et
1140 2475 1372 2517 Chibertus
1409 2474 1652 2521 Salsidonii,
1686 2478 1728 2514 et
1760 2473 1832 2513 alii
1866 2487 1992 2528 quam
2026 2473 2184 2527 plures.

303 2550 342 2588 4.
374 2545 506 2588 Poste
538 2545 789 2588 fidelitatem
821 2546 980 2587 factam
1014 2560 1039 2587 a
1073 2544 1340 2587 Senensibus
1374 2550 1417 2585 et
1451 2543 1790 2598 resignationem
1821 2541 2110 2597 predictorum
2145 2545 2187 2579 et
2211 2552 2362 2579 eorun-

161 2615 259 2657 dem
295 2616 676 2657 reconmissionem
715 2630 796 2671 ego
834 2615 1055 2657 Iohannes
1099 2614 1294 2656 Struzius
1335 2613 1595 2655 Senensium
1635 2617 1828 2667 potestas
1870 2611 1961 2651 iuro
2001 2608 2052 2650 ad
2093 2613 2239 2649 sancta
2280 2606 2361 2647 Dci

161 2685 414 2740 ewangelia,
447 2684 559 2740 quod
592 2685 707 2726 bona
737 2684 821 2726 fide
855 2689 898 2726 et
931 2685 1023 2726 sine
1056 2684 1199 2739 aliqua
1232 2682 1382 2723 fraude
1418 2683 1641 2724 restituam
1676 2681 1846 2721 domino
1881 2679 1970 2732 regi
2001 2677 2077 2718 Ph.
2104 2677 2170 2717 vcl
2208 2676 2362 2716 nuncio

161 2754 253 2796 eius
286 2754 478 2796 venienti
511 2753 649 2795 Senas
682 2768 779 2795 cum
810 2753 1017 2796 trecentis
1049 2753 1257 2794 militibus
1292 2757 1436 2793 castra
1468 2756 1511 2792 et
1535 2751 1801 2792 comitatum.
1837 2748 1945 2789 sicut
1969 2760 2097 2801 supra
2121 2744 2363 2785 ordinatum

162 2827 229 2865 est
260 2826 304 2865 et
334 2824 377 2864 in
411 2821 614 2878 scriptisd
646 2823 869 2864 redactum
904 2824 946 2864 in
981 2822 1212 2864 concordia
1242 2822 1359 2862 facta
1391 2821 1502 2861 inter
1534 2819 1755 2861 dominum
1790 2831 1937 2871 regem
1963 2815 2038 2856 Ph.
2065 2820 2107 2855 et
2130 2814 2364 2855 Senenses.

163 2896 207 2934 et
237 2892 348 2948 quod
381 2892 530 2933 fatiam
563 2905 861 2934 successorem
894 2906 1037 2933 meum
1070 2892 1131 2932 ita
1163 2891 1319 2942 iurare,
1355 2890 1388 2931 si
1422 2904 1498 2945 per
1532 2903 1600 2930 me
1633 2887 1831 2942 conpleta
1861 2900 1943 2926 non
1979 2884 2150 2925 fuerint.
2204 2881 2258 2922 Et
2282 2881 2362 2921 hoc

165 2965 482 3003 sacramentum
515 2960 597 3002 feci
629 2961 673 3002 in
707 2966 848 3003 castro
881 2961 1005 3003 Podii
1039 2960 1207 3012 Bonici,
1241 2959 1518 3015 presentibus
1551 2957 1723 2999 domino
1756 2955 1938 2996 Alberto
1973 2951 2159 2999 Struzio,
2193 2949 2363 2991 domino

165 3029 459 3086 Stradegotto,
497 3029 671 3071 domino
703 3030 848 3072 Russo
881 3030 1082 3081 Melluze‚
1116 3029 1246 3071 Iacob
1280 3028 1559 3077 Hildebrane,
1598 3026 1784 3067 Ranutio
1817 3022 2020 3077 Philippi,
2056 3020 2364 3061 Bartholomeo

163 3098 445 3150 Reinaldinif‚
492 3097 662 3141 Uberto
703 3099 819 3151 Gilii,
867 3100 923 3142 H.
965 3100 1019 3141 de
1064 3099 1280 3146 Smalnec,
1327 3095 1580 3137 Eberhardo
1623 3095 1675 3135 dc
1717 3093 1936 3142 Luttere“‚
1979 3085 2364 3134 Walterbertoldh,

163 3166 349 3210 Eleazar
379 3168 578 3211 testibus.

306 3236 334 3287 †
365 3237 458 3292 Ego
489 3235 700 3278 Albertus
743 3237 938 3278 notarius
980 3235 1163 3292 predicti
1203 3234 1451 3291 patriarche
1491 3234 1555 3274 his
1595 3231 1792 3273 omnibus
1835 3228 2008 3270 interfui
2042 3232 2085 3267 et
2124 3226 2203 3266 hoc
2236 3225 2365 3279 privi-

165 3304 326 3361 legium
358 3306 512 3361 scripsi
543 3305 596 3347 de
631 3306 834 3348 mandato
867 3305 1030 3347 domini
1061 3304 1146 3345 mei
1178 3302 1250 3345 W.
1283 3302 1595 3358 Aquilegensis
1628 3298 1887 3356 patriarche.

302 3420 364 3456 15.
397 3420 429 3464 ²²)
454 3423 637 3455 senen'e‘ses
663 3433 713 3455 or.
856 3421 887 3463 b)
919 3417 1226 3454 Hildebrand'inus
1253 3431 1302 3451 or.
1444 3422 1474 3457 ⁰)
1507 3416 1628 3449 abhinc
1660 3418 1849 3447 atramento
1883 3411 2071 3453 pallicliore
2102 3409 2213 3451 per-,qil
2244 3418 2366 3439 ‘mamm

165 3479 283 3512 eadem
306 3491 356 3512 or.
496 3476 528 3519 d)
561 3483 595 3511 et
624 3479 797 3522 inscriptis
821 3491 871 3512 or.
1036 3477 1066 3521 ⁸)
1101 3477 1273 3509 Hildeb1¹n
1299 3487 1348 3507 or.
1513 3471 1546 3513 f)
1579 3472 1732 3505 Reinald'
1766 3482 1813 3502 or.
1978 3469 2011 3505 Β)
2045 3468 2109 3499 Eb7
2136 3467 2176 3498 de
2202 3465 2284 3497 Lut7
2313 3476 2363 3495 or.

166 3533 199 3577 h)
222 3534 436 3570 walt⁵b9told
461 3547 511 3568 or.
