2558 3970
204 150 276 188 142
727 141 967 176 FRIDERICI
996 140 1037 175 II.
1066 136 1493 175 CONSTITUTIONES.
1544 137 1642 171 1227.
1692 135 1755 171 Nr.
1774 136 1849 170 110.

196 262 311 301 visio.
347 260 513 300 Cremo.
548 258 743 297 Feri-arie
778 261 821 296 et
855 255 1081 296 comitibus
1114 254 1166 295 dc.
1199 254 1436 295 Blandrato
1470 253 1652 306 aliisque
1685 251 1790 291 locis
1824 255 1866 291 et
1898 249 2090 305 personis
2117 248 2379 303 quibuslibet

199 329 426 368 Societatis
472 326 674 366 ciusdem.
738 325 966 365 Faciemus
1009 324 1136 364 etiam
1172 323 1336 363 restitui
1371 326 1518 376 captos
1551 320 1773 360 occasione
1814 318 2004 373 predicte
2037 317 2250 358 discordie
2285 331 2379 357 cum

196 398 318 437 bonis
352 396 437 435 suis
471 410 518 434 ac
552 395 631 434 alia
667 408 747 448 que
780 393 1006 433 occasione
1038 391 1282 432 huiusmodi
1316 394 1441 445 capta
1473 393 1570 430 sunt
1606 389 1671 429 vel
1705 387 1892 428 detenta.
1953 385 2136 441 Insuper
2168 386 2377 426 faciemus

197 467 286 505 tieri
320 470 518 519 patentes
551 463 720 503 litteras
755 476 808 501 ex
846 466 967 515 parte
1000 460 1074 501 filii
1109 460 1265 504 nostri,
1305 458 1418 513 quod
1451 470 1602 513 pacem
1635 460 1677 496 et
1710 455 1976 496 concordiam
2009 455 2135 495 istam
2167 458 2304 494 ratam
2339 458 2381 495 et

198 535 360 573 tii-mam
404 532 580 572 habebit
613 530 812 586 qnodque
845 530 1035 570 remittet
1068 528 1271 570 Societati
1312 527 1503 582 predicte
1537 539 1708 566 omnem
1739 537 1985 573 rancorem,
2030 523 2380 575 malivolentiam,

198 602 371 642 iniurias
406 608 447 641 et
480 600 677 640 offensas.
738 598 805 638 Ad
842 598 1014 652 plenam
1048 601 1191 638 autem
1226 595 1527 637 certitudinem
1559 594 1683 634 huius
1717 593 1777 633 rei
1810 595 2037 647 presentes
2070 591 2238 632 litteras
2262 591 2384 632 iuxta

197 670 330 724 ipsius
365 669 605 708 sanctitatis
631 672 773 707 vestre
798 666 1117 721 beneplacitum
1140 666 1233 705 fieri
1257 665 1457 705 iussimus
1481 668 1523 703 ct
1546 662 1784 703 maiestatis
1814 664 1958 701 nostre
1984 660 2150 715 typario
2175 659 2384 712 insigniri.

260 897 357 938 110.
401 895 621 938 FORMA
661 892 1012 936 EPISTOLAE
1051 889 1481 934 IMPERATORJS
1509 888 1596 930 AD
1635 885 2018 930 LOMBARDOS
2054 886 2328 931 DANDAE.

1215 959 1312 1001 Ιαη.
1337 960 1395 1010 5.)

346 1044 559 1085 Deam-unt
598 1043 836 1094 Rodcnbcrq
877 1044 902 1084 l.
927 1054 958 1084 c.
991 1054 1057 1082 nr.
1080 1041 1163 1078 330
1193 960 1219 1077 ί
1251 1038 1441 1090 chistro
1478 1036 1659 1077 Honorii-
1685 1036 1773 1077 III.
1814 1036 1883 1078 lib.
1914 1035 1995 1085 XI,
2017 1038 2112 1086 444,
2154 1036 2272 1077 cuins
2301 1036 2385 1078 edi-

204 1115 349 1153 (ioum
384 1113 614 1164 repetimus.
646 1114 683 1150 et
711 1111 1006 1152 ll'e'nkclmann
1041 1109 1067 1149 l.
1090 1122 1118 1148 c.
1145 1121 1188 1158 p,
1210 1108 1294 1148 264
1326 1119 1391 1147 nr.
1414 1107 1499 1146 283
1521 1104 1577 1146 ΙΙ
1603 1117 1621 1145 c
1652 1104 1782 1145 codiee.
1813 1103 2088 1144 Bononiensi.

2012 1171 2082 1226 (P.
2105 1172 2248 1222 deest.)

204 1309 384 1349 Forma
440 1308 734 1347 litterarum
785 1318 909 1359 quas
961 1302 1193 1343 dominus
1240 1301 1551 1343 Fridericus
1606 1300 1906 1355 imperator
1953 1297 2116 1339 debet
2163 1299 2391 1341 mittere

433 1375 733 1416 rectoribus
777 1372 1072 1413 Societatis
1113 1370 1443 1417 Lombardie,
1476 1368 1707 1410 Marchie
1750 1371 1799 1408 et
1840 1367 2163 1409 Romaniole.

347 1454 602 1495 Fredericus
641 1453 724 1494 Dei
769 1453 907 1507 gratia
949 1452 1242 1492 Romanorum
1287 1451 1518 1504 imperator
1565 1462 1736 1502 semper
1787 1451 2016 1501 augustus,
2064 1447 2302 1488 Ierusalem
2345 1451 2388 1488 et

206 1524 349 1564 Sicilie
384 1538 459 1564 rex
492 1523 691 1563 fidelibus
724 1523 810 1562 suis
844 1521 1081 1561 rectoribus
1113 1519 1340 1560 Societatis
1362 1517 1634 1567 Lombardie,
1669 1515 1861 1556 Marchie
1897 1520 1939 1556 et
1959 1515 2212 1557 Romaniole
2245 1519 2287 1556 et
2316 1516 2392 1557 toti

206 1593 345 1634 eidem
380 1592 585 1633 Societati
617 1592 797 1645 gratiam
830 1582 949 1631 suam
983 1594 1025 1630 et
1057 1589 1212 1629 bonam
1248 1588 1529 1628 voluntatem.

350 1660 535 1702 Causam
577 1659 787 1701 discordie
832 1672 969 1713 nuper
1007 1659 1119 1699 inter
1159 1670 1235 1698 nos
1275 1661 1317 1698 et
1355 1670 1428 1697 vos
1469 1660 1584 1706 orte,
1631 1654 1732 1709 quia
1770 1653 1996 1694 videbatur
2038 1652 2393 1708 impedimentum

207 1730 358 1771 afferre
405 1730 578 1784 negotio
619 1729 751 1769 Terre
784 1727 959 1773 Sancte,
1003 1727 1044 1767 in
1077 1725 1345 1781 providentia
1384 1728 1427 1765 et
1467 1724 1749 1779 dispositione
1783 1722 1943 1763 domini
1983 1735 2093 1777 pape
2126 1735 2176 1763 ac
2213 1721 2392 1762 fratrum

208 1812 379 1839 suorum
412 1798 631 1852 posuimus
666 1797 877 1838 absolute.
941 1795 1099 1836 Eorum
1133 1795 1262 1849 igitur
1294 1794 1541 1849 provisione
1573 1806 1701 1847 super
1732 1791 1809 1832 hoc
1842 1791 2011 1845 plenius
2044 1791 2280 1842 intellecta,
2313 1804 2390 1846 pro

208 1867 448 1907 reverentia
494 1866 592 1906 Iesu
631 1865 789 1905 Christi
823 1869 865 1905 et
897 1865 1031 1918 ipsius
1064 1864 1196 1904 Terre
1231 1863 1388 1903 Sancte
1420 1861 1612 1915 negotio,
1658 1860 1778 1900 vobis
1811 1859 2024 1900 universis
2058 1863 2100 1901 et
2132 1859 2310 1914 singulis
2343 1858 2396 1900 de

213 1936 357 1975 innata.
389 1934 509 1975 nobis
542 1934 771 1975 clementia
804 1934 1060 1975 remittimus
1094 1946 1263 1973 omnem
1293 1945 1530 1981 rancorem,
1563 1929 1913 1979 malivolentiam,
1947 1929 2122 1969 iniurias
2145 1932 2188 1969 et
2210 1928 2396 1969 offensas

212 2004 438 2058 omniaque
472 2004 625 2054 banna,
659 2003 997 2049 constitutiones,
1031 2001 1269 2043 sententias
1302 2005 1344 2041 et
1367 1999 1678 2050 ordinamenta,
1712 2011 1795 2052 que
1817 1997 1999 2038 fecimus
2022 1998 2091 2038 vel
2116 1998 2398 2052 imposuimus

211 2087 287 2128 per
324 2086 400 2113 nos
434 2072 500 2112 vel
532 2086 608 2127 per
640 2073 769 2113 alium
801 2072 965 2112 aliusve
996 2085 1071 2125 pro
1110 2071 1234 2111 nobis
1269 2068 1475 2111 Societati
1508 2072 1649 2109 vestre
1693 2081 1769 2108 seu
1800 2067 1927 2107 alicui
1959 2066 2011 2108 de
2044 2066 2260 2108 Societate
2291 2067 2399 2122 ipsa,

213 2141 456 2182 civitatibus
498 2146 540 2181 et
580 2141 774 2195 personis
809 2139 1023 2190 eiusdem,
1064 2143 1106 2180 et
1138 2151 1404 2193 quecumque
1437 2152 1493 2178 ex
1526 2137 1587 2178 eis
1622 2137 1689 2177 vel
1722 2135 1774 2176 ob
1808 2150 1859 2176 ea
1891 2140 2040 2176 secuta
2072 2140 2189 2187 sunt,
2232 2135 2403 2190 penitus

215 2223 477 2259 revocamus,
513 2214 555 2250 et
589 2209 835 2263 specialiter
859 2208 1207 2249 constitutionem
1239 2208 1397 2248 factam
1431 2206 1483 2247 de
1518 2205 1658 2246 studio
1691 2208 1732 2245 et
1761 2204 2034 2245 studentibus
2058 2204 2277 2252 Bononie;
2310 2204 2406 2245 uni-

216 2292 362 2319 versos
408 2284 449 2318 et
495 2278 708 2332 singulos,
753 2278 823 2332 qui
864 2277 1088 2318 occasione
1133 2277 1313 2317 alicuius
1358 2274 1646 2330 predictorum
1677 2272 1758 2314 lesi
1790 2273 2006 2325 videntur,
2053 2273 2332 2314 restituentes
2364 2273 2407 2313 in

215 2347 427 2400 integrum
462 2346 502 2386 in
536 2346 731 2387 omnibus
766 2352 808 2387 et
840 2360 918 2401 per
940 2345 1083 2386 onmia
1115 2358 1190 2386 suo
1225 2345 1355 2385 statui
1378 2348 1505 2398 atque
1539 2342 1665 2393 fame,
1700 2340 1958 2382 remittendo
1989 2341 2210 2382 infamiam
2234 2355 2404 2383 omnem

216 2422 256 2455 et
298 2429 471 2470 penam.
515 2429 595 2469 que
638 2419 785 2456 secute
829 2419 926 2455 sunt
966 2429 1021 2455 ex
1061 2414 1202 2469 aliquo
1245 2413 1554 2468 predictorum;
1599 2412 1657 2451 ita
1695 2410 1806 2465 quod
1846 2423 1897 2450 ea
1930 2423 2010 2464 que
2051 2424 2128 2465 per
2160 2423 2232 2450 eos
2264 2408 2405 2452 medio

217 2495 408 2538 tempore
442 2489 537 2525 acta
570 2488 687 2534 sunt,
726 2497 809 2524 non
844 2482 1114 2524 obstantibus
1148 2481 1423 2537 supradictis,
1466 2480 1595 2521 robur
1627 2479 1849 2520 obtineant
1881 2478 1994 2533 quod
2027 2479 2132 2520 alias
2165 2478 2405 2519 debuerant

217 2553 424 2593 obtinere.
485 2551 552 2592 Ad
587 2551 665 2592 hec
699 2552 908 2601 civitates,
942 2552 1037 2592 loca
1070 2556 1112 2591 et
1146 2564 1351 2606 personas
1385 2554 1548 2591 vestras
1582 2548 1811 2602 recipimus
1845 2547 1889 2587 in
1921 2551 2066 2588 nostre
2099 2547 2235 2602 gratie
2267 2547 2408 2602 pleni-

218 2619 409 2661 tudinem
444 2626 486 2660 et
509 2620 569 2660 eis
593 2619 810 2660 reddimus
835 2620 1000 2660 firmam
1024 2634 1176 2674 pacem
1199 2623 1241 2660 et
1265 2619 1510 2674 specialiter
1533 2616 1767 2659 marchioni
1790 2615 2115 2667 Montisferrati,
2147 2615 2429 2669 Mediolano,·

218 2689 479 2732 Placentiea,
515 2688 739 2739 Vercellis,
773 2688 982 2734 Bononie,
1015 2688 1240 2740 Faventie,
1274 2686 1554 2738 Alexandrie,
1587 2684 1787 2736 Taurino,
1810 2683 1974 2735 Laude,
1998 2684 2224 2739 Pergamo,
2247 2684 2409 2736 Brixie,

220 2757 411 2808 Mantue,
444 2756 628 2808 Verone,
661 2756 825 2807 Padue,
848 2756 1061 2809 Vicentie,
1095 2756 1305 2807 Trevisio,
1340 2754 1510 2805 Creme,
1543 2754 1742 2795 Ferrarie
1777 2757 1820 2794 et
1849 2753 2076 2793 comitibus
2100 2752 2151 2793 de
2173 2752 2409 2794 Blandrato

220 2827 401 2880 aliisque
434 2825 537 2866 locis
569 2830 611 2866 et
643 2826 837 2880 personis
861 2826 1125 2880 quibuslibet
1150 2825 1380 2866 Societatis
1405 2823 1611 2864 eiusdem.
1658 2821 1887 2863 Faciemus
1917 2822 2046 2863 etiam
2069 2821 2238 2862 restitui
2260 2826 2409 2877 captos

223 2895 449 2935 occasione
489 2894 679 2949 predicte
719 2893 931 2935 discordie
975 2908 1068 2935 cum
1110 2893 1233 2934 bonis
1279 2893 1363 2934 suis
1401 2907 1450 2933 ac
1491 2892 1575 2933 alia
1616 2905 1698 2946 que
1738 2891 1962 2951 occasione
2002 2890 2246 2932 huiusmodi
2287 2895 2413 2947 capta

223 2971 319 3003 sunt
351 2963 418 3004 vel
461 2962 647 3004 detenta.
721 2963 906 3017 Insuper
947 2963 1154 3004 faciemus
1195 2962 1286 3003 fieri
1327 2965 1528 3016 patentes
1561 2961 1724 3001 litteras
1756 2973 1811 3000 cx
1842 2962 1964 3014 parte
1997 2959 2072 3000 filii
2104 2959 2258 3010 nostri,
2298 2958 2411 3014 quod

223 3045 371 3086 pacem
413 3038 454 3072 et
497 3030 768 3072 concordiam
812 3031 937 3071 istam
970 3036 1108 3072 ratam
1141 3036 1184 3071 et
1221 3030 1385 3070 firmam
1427 3029 1604 3070 habebit
1635 3028 1833 3083 quodque
1866 3029 2055 3069 remittet
2087 3028 2208 3068 vobis
2242 3040 2411 3068 omnem

224 3113 466 3147 rancorem,
509 3100 867 3149 malivolentiam,
910 3100 1086 3140 iniurias
1127 3103 1170 3140 et
1212 3099 1414 3140 offensas,
1475 3097 1542 3138 Ad
1574 3098 1747 3152 plenam
1780 3100 1922 3137 autem
1957 3096 2256 3137 certitudinem
2289 3095 2413 3136 huius

226 3169 286 3208 rei
323 3174 546 3222 presentes
587 3168 753 3210 litteras
793 3169 913 3209 iuxta
957 3169 1091 3224 ipsius
1124 3168 1283 3209 domini
1316 3168 1450 3223 papeb
1484 3166 1797 3221 beneplacitum
1836 3165 1925 3206 fieri
1967 3165 2166 3206 iussimus
2199 3169 2242 3205 et
2274 3164 2408 3205 maie-

228 3237 349 3276 statis
385 3244 526 3276 nostre
560 3238 724 3291 typario
759 3238 966 3291 insigniri.

374 3304 419 3344 ln
454 3306 634 3347 cundem
669 3306 838 3346 modum
873 3306 1001 3347 (lebet
1034 3305 1161 3346 scribi
1193 3305 1364 3346 domino
1398 3317 1508 3360 pape
1543 3303 1684 3344 verbis
1718 3307 2011 3358 competenter
2043 3301 2219 3343 mutatis
2240 3302 2265 3343 ¹.

372 3441 453 3474 110.
490 3447 517 3474 ³»
548 3442 716 3473 l'lccentie
743 3454 767 3472 c,
886 3440 917 3481 ¹²)
943 3442 1031 3473 deest
1057 3454 1082 3472 c.

370 3545 399 3575 ll
432 3541 470 3575 Γ.
498 3551 609 3584 supra
637 3546 783 3575 nr.1()9.

2423 1051 2457 1076 10

2427 1457 2457 1481 15

2431 1797 2465 1823 20

2443 2145 2475 2172 25

2444 2488 2476 2514 30

2444 2834 2476 2860 35

2445 3176 2479 3201 40
