2558 3970
154 147 205 184 52
708 141 914 176 oTToNIS
941 141 999 175 lv.
1026 140 1451 174 CONSTITUTIONES.
1506 141 1601 174 1218.
1652 141 1713 174 Nr.
1732 142 1787 175 42.

297 258 345 297 In
389 257 559 298 nominc
603 262 750 297 sancte
790 261 831 296 et
863 254 1079 296 individue
1113 254 1352 296 Trinitatis.
1413 255 1495 296 Dei
1529 255 1665 308 gratia
1698 253 1800 295 Otto
1833 260 2008 309 quartus
2042 257 2333 299 Romanorum

155 327 388 380 imperator
421 337 461 366 et
494 339 662 379 semper
695 328 902 379 augustus
937 323 1107 363 dilectis
1140 322 1340 364 fidelibus
1366 324 1452 363 suis
1475 323 1707 363 noim-icon
1739 322 1856 363 fratri
1881 338 1956 364 suo
1980 326 2170 379 palatino
2194 328 2336 368 comiti

154 393 303 434 Rheni.
353 393 732 434 ministerialibusb
780 394 868 433 suis
917 398 957 433 et
1001 393 1215 433 universis
1258 392 1545 447 burgensibus
1586 391 1627 431 in
1662 392 1910 433 Bruneswic
1953 397 1995 434 et
2027 395 2224 436 omnibus
2256 396 2333 436 hoc

155 463 360 516 scriptum
396 462 662 502 intuentibus
698 462 880 502 salutem
916 462 954 500 in
990 475 1040 501 eo
1074 461 1145 515 qui
1179 465 1243 501 est
1275 461 1388 501 salus
1422 461 1622 500 omnium.

307 534 332 571 Ι.
368 532 460 576 Quo
493 531 786 585 temporaliter
819 535 911 569 acta
946 534 1057 577 sunt,
1092 543 1144 569 ne
1178 529 1450 569 instabileme
1483 528 1686 583 temporis
1710 532 1944 582 sequantur
1965 534 2176 573 naturam.
2210 532 2333 572 testi·
2388 544 2402 568 5

154 600 296 638 monio
332 600 546 639 literarum
582 598 816 640 memoried
851 603 947 638 sunt
981 597 1333 638 commendanda.
1386 597 1474 637 Nos
1498 597 1627 650 igitur
1650 596 1703 636 ob
1735 596 1996 637 remediume
2029 599 2170 640 anime
2194 604 2336 640 nostre

155 660 458 708 testamentum
494 672 682 708 nostrum
696 667 713 691 d
746 667 968 708 facientes.
1001 667 1115 706 omni
1140 666 1367 707 affectione
1391 679 1473 720 qua
1495 679 1721 719 possumus
1745 669 1802 716 te,
1835 665 1966 706 frater
1989 665 2194 709 Heinrice
2216 668 2336 723 pala-

154 735 264 775 tinef
295 750 438 777 comes
472 736 625 776 Rheni.
661 751 874 790 rogamuS.
908 740 953 776 ut
987 737 1019 776 si
1043 735 1175 780 Deus.
1209 736 1249 775 in
1274 735 1394 774 euius
1420 734 1580 774 ditione
1604 739 1757 774 cuncta
1780 738 1879 774 sunt
1902 734 2052 788 posita,
2086 740 2336 791 preceptum
2381 760 2385 766 ·

155 818 274 843 suum
311 804 361 845 dc
396 805 519 845 nobis
553 806 722 848 fecerit.
764 810 809 844 ut
841 805 1041 844 universe
1075 804 1213 844 carnis
1246 804 1356 843 viam
1392 801 1696 856 ingrediamur,
1736 803 1935 856 quatinus
1969 817 2044 857 pro
2076 817 2222 845 amore
2255 805 2338 846 Dei

156 881 197 912 ct
230 873 270 912 in
304 887 353 913 ca
386 873 482 914 fide.
516 888 596 927 qua
631 874 752 914 nobis
786 873 971 913 hominio
1006 877 1047 913 et
1078 873 1346 913 fraternitate
1370 873 1571 912 astrictus
1605 885 1666 921 es,
1699 874 1890 911 sanctam
1925 885 2106 923 erucem,
2141 873 2335 914 lanceam
2373 888 2406 913 ιο

155 952 195 981 cr
241 956 461 981 coronam.
510 942 678 982 dentem
722 942 857 982 sancti
893 942 1097 981 Iohannis
1140 941 1327 995 baptiste
1376 945 1418 981 et
1457 939 1701 994 imperialia
1740 939 1944 993 insignia,
1986 945 2132 994 preter
2162 941 2338 996 pallium

155 1009 372 1049 nostrumd
406 1009 517 1063 quod
560 1010 747 1051 dandum
781 1015 847 1050 est
886 1009 937 1050 ad
973 1009 1177 1050 Sanctum
1210 1009 1426 1063 Egidium,
1469 1009 1617 1062 viginti
1650 1007 1914 1061 septimanas
1956 1013 2053 1062 post
2084 1008 2339 1050 decessumg

155 1086 346 1117 nostrum
380 1092 611 1119 conserves
645 1084 686 1119 et
722 1079 825 1118 nulli
847 1078 1064 1118 hominum
1087 1078 1166 1118 sub
1192 1078 1283 1118 celo
1306 1081 1594 1131 representes,
1627 1077 1706 1116 nisi
1730 1077 1768 1116 ei
1791 1090 1916 1130 quem
1949 1078 2163 1132 principes
2185 1080 2338 1120 unani-

155 1146 278 1185 miter
310 1147 520 1200 elegerint
554 1153 595 1188 et
619 1148 740 1194 iuste.
775 1152 846 1187 aut
867 1147 936 1187 eih
970 1147 1040 1201 qui
1066 1160 1178 1186 nunc
1202 1151 1268 1186 est
1292 1145 1485 1195 eleetusi,
1520 1146 1554 1185 si
1587 1145 1803 1199 principes
1826 1146 1870 1185 in
1901 1159 1997 1185 eum
2022 1148 2338 1196 consenserint;

155 1223 196 1253 et
220 1227 294 1267 pro
323 1214 402 1255 hiis
428 1216 790 1270 representaudis.
823 1230 898 1270 pro
922 1216 1080 1256 honore
1104 1214 1213 1256 Deik
1246 1219 1289 1255 et
1311 1218 1454 1254 nostra
1476 1214 1629 1264 salute,
1662 1214 1824 1254 nullam
1846 1214 2064 1269 acceptesl
2095 1217 2335 1270 pecuniam,
2374 1235 2406 1260 15

154 1282 237 1322 nisi
272 1289 458 1324 nostruin
504 1290 546 1325 et
587 1293 704 1325 tuum
745 1286 1048 1340 patrimonium
1081 1298 1158 1338 per
1191 1285 1285 1338 ipsa
1317 1283 1557 1338 imperialia
1588 1283 1726 1337 possis
1759 1284 1997 1337 requirere;
2039 1284 2152 1338 quod
2185 1285 2220 1325 si
2253 1299 2338 1326 non

153 1362 294 1405 potest
334 1352 436 1393 fieri.
480 1368 609 1408 super
646 1355 826 1407 gratiam
859 1354 1005 1408 ipsius,
1048 1354 1119 1407 qui
1161 1353 1384 1393 habiturus
1419 1356 1484 1392 est
1516 1366 1710 1406 regnum.
1754 1365 1836 1406 que
1868 1351 2038 1406 prefata
2070 1358 2169 1394 sunt
2200 1355 2341 1394 omnia

154 1420 362 1473 resignes.
436 1420 654 1475 Rogamus
697 1423 825 1463 etiam
867 1436 942 1463 vos
984 1421 1215 1462 fidissimim
1257 1421 1562 1461 ministeriales
1604 1420 1681 1461 sub
1721 1420 1939 1461 fidelitatis
1982 1420 2139 1472 debito,
2184 1426 2227 1462 et
2264 1435 2340 1463 vos

154 1488 297 1529 dilecti
333 1499 373 1529 ct
405 1489 582 1531 fidelesn
615 1492 728 1532 cives
763 1490 919 1531 nostrid
954 1491 994 1530 in
1031 1490 1296 1541 Bruneswie,
1329 1494 1375 1530 ut
1407 1489 1487 1529 hiis
1520 1489 1717 1529 omnibus
1751 1489 2056 1543 promovendis
2090 1489 2277 1531 fideliter
2299 1495 2341 1531 et

155 1558 401 1599 efficaciter.
436 1560 570 1600 sicut⁰
603 1559 723 1600 vobis
757 1559 1020 1610 confidimus,
1054 1559 1281 1599 assistatis.
2375 1576 2409 1602 20

297 1628 330 1668 2.
369 1627 437 1667 Ad
469 1628 547 1668 hec
581 1629 789 1678 volumus,
823 1635 869 1668 ut
901 1641 1008 1668 uxor
1041 1632 1214 1667 nostrap
1248 1641 1343 1667 cum
1375 1626 1567 1681 dapifero
1601 1626 1844 1667 Gunzelino
1878 1630 1922 1666 et
1952 1625 2150 1666 fidelibus
2183 1627 2341 1667 nostris

155 1704 342 1735 castrum
377 1695 738 1751 Harlungeberch
771 1697 1004 1751 possideat.
1039 1696 1174 1736 donee
1208 1696 1464 1750 quicumque
1497 1709 1574 1735 rex
1596 1695 1665 1735 vel
1698 1695 1930 1749 imperator
1963 1698 2041 1745 est,
2075 1698 2179 1734 autq
2209 1694 2344 1736 frater

156 1774 301 1803 noster
334 1778 409 1805 seu
443 1778 550 1805 uxor
582 1772 727 1805 nostra
761 1765 1017 1806 dominabus
1051 1766 1093 1804 in
1118 1764 1440 1818 NValtingeroth
1463 1763 1515 1804 de
1540 1763 1754 1818 expeditis
1778 1763 1899 1803 bonis
1923 1763 2145 1803 annuatim
2167 1763 2343 1818 triginta

158 1846 323 1873 marcas
362 1834 669 1888 perpetualiter
708 1839 751 1875 et
791 1834 1116 1876 immutabiliter
1148 1833 1353 1886 assignet,
1397 1836 1439 1873 et
1471 1846 1543 1872 eos
1577 1833 1646 1886 qui
1678 1832 1833 1871 montis
1865 1832 2045 1872 heredes
2080 1837 2178 1872 sunt
2209 1846 2234 1872 a
2266 1846 2343 1872 sua
2523 1877 2525 1882 .

156 1902 350 1955 portione
386 1902 537 1942 cedere
569 1903 691 1943 fatiat
723 1917 799 1957 per
831 1909 1071 1943 restaurum
1103 1902 1232 1956 ipsisr
1264 1902 1372 1942 bene
1406 1901 1679 1956 placitum-¹.
1741 1899 1862 1941 Tunc
1886 1914 1994 1940 uxor
2021 1905 2170 1942 nostra
2190 1900 2342 1942 reddat
2377 1919 2409 1944 25
2520 1915 2526 1938 ¹-

158 1980 342 2010 castrum
377 1971 554 2026 imperio
589 1973 683 2012 autt
714 1972 833 2013 fratri
866 1976 1026 2012 nostro.
1090 1970 1176 2012 Sed
1209 1971 1243 2010 si
1265 1983 1514 2024 processum
1536 1983 1619 2010 non
1643 1969 1774 2010 habet
1796 1968 1849 2009 de
1874 1973 2013 2010 castro
2035 1973 2082 2009 ut
2104 1973 2343 2024 pretactum

159 2049 232 2079 est.
269 2039 464 2080 volumus
498 2046 543 2080 ut
577 2045 762 2080 castrum
799 2040 1057 2081 destruatur.

301 2110 337 2147 3.
378 2108 539 2149 Omnes
581 2109 797 2163 reliquias.
839 2122 944 2163 quas
985 2112 1109 2163 pater
1147 2111 1294 2148 noster
1332 2107 1483 2147 habuit
1524 2111 1566 2147 et
1608 2120 1685 2146 nos
1724 2105 1948 2157 habemus,
1988 2106 2084 2147 Deo
2118 2111 2162 2147 et
2194 2110 2344 2147 sancto

158 2175 338 2216 Iohanni
380 2176 563 2231 baptiste
609 2182 650 2218 et
690 2181 837 2217 sancto
870 2177 1017 2217 Blasio
1050 2176 1093 2217 in
1123 2176 1375 2216 Bruneswic
1418 2175 1732 2230 perpetualiter
1764 2175 1996 2226 offerimus,
2039 2178 2186 2229 preter
2217 2189 2348 2215 unum

161 2244 393 2285 brachium.
427 2245 539 2300 quod
571 2246 693 2286 uxori
726 2251 872 2287 nostre
900 2245 1310 2300 representabituru.
1372 2243 1584 2297 Quicquid
1609 2242 1782 2284 autemd
1813 2243 1856 2283 in
1879 2257 1982 2284 auro
2007 2248 2050 2285 et
2072 2243 2142 2283 ind
2165 2243 2348 2298 gemmis
2386 2256 2419 2281 30

162 2313 442 2367 etss'clenodiis
476 2314 698 2364 habemus,
732 2314 882 2354 damus
915 2314 1038 2354 uxori
1068 2318 1230 2354 nostre.
2520 2363 2523 2365 ‚

304 2386 341 2422 4.
385 2382 585 2423 Castrum
624 2385 665 2423 in
704 2382 1104 2437 Quidelingeburch
1149 2382 1311 2422 destrui
1351 2382 1548 2422 volumus
1596 2385 1826 2435 antequam
1866 2380 2082 2421 abbatisse
2125 2380 2350 2427 reddatur;
2519 2381 2530 2418 ό

160 2450 409 2491 destructav
443 2466 544 2491 vero
577 2452 830 2497 munitione.
864 2452 982 2491 locus
1007 2465 1103 2491 eum
1127 2451 1312 2491 ecclesia
1335 2449 1590 2490 restituatur
1612 2449 1844 2501 abbatisse,
1879 2453 1921 2490 et
1942 2453 2135 2490 nostrum
2159 2448 2351 2490 frumen-

161 2528 263 2559 tum.
306 2520 415 2574 quod
455 2520 512 2560 ibi
551 2526 628 2561 est.
672 2525 714 2561 et
758 2519 963 2574 reliquad‚
1007 2519 1162 2574 quibus
1195 2522 1420 2573 argentum
1453 2519 1689 2572 comparari
1731 2522 1886 2572 potest,
1928 2517 2146 2558 abbatisse
2181 2521 2223 2558 et
2255 2517 2349 2558 eius

163 2589 427 2628 conventuiw
451 2588 631 2629 denturx
653 2603 729 2644 pro
748 2588 935 2629 remedio
954 2589 1094 2629 anime
1114 2592 1276 2639 nostre,
1299 2591 1446 2642 preter
1468 2587 1658 2638 balistas,
1681 2600 1761 2641 que
1781 2586 1995 2627 dabuntur
2014 2585 2348 2626 transmarinare
2387 2603 2419 2628 35

162 2657 417 2702 volentibus.
462 2666 508 2697 ut
549 2672 678 2713 super
718 2658 863 2698 hostes
903 2656 985 2697 Dei
1023 2660 1325 2710 torqueantur3
1370 2660 1411 2696 et
1449 2669 1619 2696 annona
1659 2668 1739 2710 que
1772 2654 2063 2695 Aschersleue
2097 2654 2241 2695 ablata
2272 2653 2351 2694 fuit

163 2724 282 2765 reddi
315 2725 446 2766 debet
480 2726 724 2766 hominibus
758 2732 801 2766 et
833 2726 943 2766 inter
976 2726 1089 2780 ipsos
1123 2724 1335 2765 distribui.

307 2797 342 2834 5.
379 2794 587 2836 Iurabunt
609 2793 780 2849 itaqued
805 2794 1068 2835 Gunzelinus
1093 2793 1262 2848 dapifer
1291 2797 1333 2834 et
1355 2792 1571 2833 Ecbertus
1594 2792 1707 2832 filius
1730 2798 1871 2843 suusy,
1902 2796 1949 2832 ut
1974 2795 2161 2832 castrum
2184 2790 2351 2833 Walle-
2527 2831 2529 2834 .

165 2861 301 2901 beke-⁷⁴
335 2868 512 2903 teneant
543 2877 716 2914 annum,
756 2863 893 2903 infraa
927 2876 1053 2917 quem
1086 2861 1316 2902 terminum
1348 2862 1489 2902 mittet
1523 2860 1576 2901 ad
1608 2861 1888 2916 apostolieum
1921 2860 2056 2901 frater
2086 2864 2245 2901 noster.
2307 2859 2354 2900 Si
2517 2873 2528 2889 Α

164 2930 206 2968 in
243 2931 460 2971 voluntate
493 2932 627 2986 ipsius
652 2936 694 2972 et
716 2945 876 2982 eorum,
908 2931 978 2985 qui
999 2929 1181 2971 heredes
1205 2930 1362 2970 montis
1387 2934 1497 2981 sunt,
1531 2934 1717 2970 castrum
1747 2929 1908 2970 habere
1930 2932 2074 2983 potest
2095 2942 2189 2969 cum
2213 2929 2350 2970 salute
2389 2945 2422 2970 40
2516 2935 2542 2978 ᾖ

165 2998 304 3037 anime
339 3004 480 3039 nostre
494 3001 523 3051 b,
567 3000 936 3054 representabitur
975 2999 1095 3040 fratri
1137 3002 1284 3039 nostro
1317 3002 1550 3045 castrum0;
1595 2998 1631 3038 si
1671 3011 1757 3038 non
1788 3001 1931 3052 potest
1962 2997 2054 3038 fieri
2086 3011 2180 3038 eum
2215 2997 2352 3038 salute

2502 2447 2528 2655 ,ΙΚ,...

304 3135 365 3170 42.
398 3143 428 3177 ὃ)
456 3138 499 3169 11.
528 3137 570 3169 N.
689 3137 721 3179 b)
749 3137 1027 3169 ministerialibus
1054 3155 1095 3159 —
1122 3138 1264 3169 salutem
1290 3137 1360 3169 des.
1378 3136 1421 3167 N.
1540 3138 1569 3177 α)
1597 3136 1766 3167 instabilis
1792 3135 1834 3168 N.
1930 3133 1963 3177 d)
1989 3135 2078 3167 deest
2102 3135 2145 3167 N.
2197 3161 2209 3164 -
2240 3134 2270 3176 θ)
2295 3146 2355 3177 pro

168 3195 311 3225 remedio
339 3194 380 3226 X.
517 3193 545 3229 s)
574 3194 723 3236 palatine
749 3195 896 3227 Henrice
923 3194 965 3226 N.
1099 3194 1132 3235 8)
1158 3206 1246 3226 corr.
1271 3205 1311 3226 ecc
1337 3194 1520 3225 discessum
1546 3204 1593 3224 or.
1726 3191 1758 3233 h)
1786 3193 1849 3235 ipsi
1876 3192 1918 3224 N.
2035 3191 2058 3233 i)
2084 3193 2212 3224 electus
2236 3196 2286 3224 est
2310 3191 2354 3224 N.

167 3249 199 3272 k<
226 3252 286 3282 Dei
314 3252 437 3283 honore
464 3251 506 3283 N.
648 3249 671 3292 1)
697 3252 843 3293 accipias
869 3250 912 3283 N.
1053 3252 1094 3292 ¹¹¹)
1121 3251 1307 3284 fidelissimi
1333 3250 1375 3282 N.
1514 3248 1548 3291 n)
1575 3249 1689 3282 fideles
1715 3255 1747 3282 et
1771 3250 1885 3282 dilecti
1911 3249 1954 3282 N.
2079 3250 2110 3290 0)
2135 3249 2175 3281 de
2201 3249 2282 3281 add.
2309 3248 2352 3282 N.

167 3315 197 3347 P}
223 3320 295 3340 inea
320 3310 441 3341 dilecta
469 3310 548 3341 mihi
575 3309 616 3340 N.
711 3309 743 3351 q)
768 3315 829 3341 aut
855 3328 896 3332 —
924 3314 1037 3341 nostra
1062 3309 1130 3341 des.
1150 3308 1192 3340 N.
1293 3307 1322 3350 r)
1348 3319 1408 3351 per
1433 3312 1660 3339 restauratum
1685 3307 1732 3339 eis
1757 3306 1801 3338 N.
1901 3306 1929 3348 s)
1955 3306 2206 3349 beneplacitum
2231 3317 2279 3338 or.
2307 3305 2350 3338 N.
2387 3315 2419 3339 45

167 3367 192 3405 ts»
219 3372 277 3396 aut
304 3367 397 3397 fratri
423 3373 534 3397 nostro
561 3367 628 3397 (7124.
650 3366 692 3397 N.
824 3365 857 3407 u)
882 3366 1133 3408 presentabitur
1158 3364 1201 3396 N.
1337 3364 1369 3406 v)
1395 3365 1567 3396 destructa
1594 3381 1634 3385 ——
1662 3363 1832 3395 abbatisse
1857 3363 1924 3394 des.
1944 3362 1986 3394 N.
2104 3361 2144 3404 w)
2170 3362 2352 3394 conventui
2514 3386 2522 3390 .

168 3423 240 3453 eius
268 3422 309 3454 N.
427 3429 460 3464 x)
487 3423 608 3455 dentur
633 3441 673 3444 —
701 3428 813 3454 nostre
838 3423 905 3454 cles.
924 3422 967 3455 N.
1075 3421 1108 3464 y)
1134 3423 1206 3454 eius
1231 3421 1275 3453 N.
1369 3419 1397 3463 z)
1422 3421 1462 3452 de
1488 3420 1721 3462 Walkenberg
1747 3419 1789 3451 N.
1885 3417 1915 3461 ²)
1941 3420 1975 3450 in
2002 3418 2044 3450 N.
2139 3418 2169 3460 b)
2194 3419 2283 3451 deest
2307 3418 2351 3451 N.
2510 3391 2536 3452 ς.

169 3484 196 3511 0,»
223 3486 369 3511 castrum
398 3481 488 3511 fratri
515 3486 627 3512 nostru
656 3480 696 3512 X.
2511 3466 2523 3486 ⁷

306 3593 338 3624 1,
367 3592 387 3624 i.
406 3603 431 3624 e.
455 3603 518 3633 per
545 3592 885 3634 recompensationem
911 3603 1001 3635 quae
1029 3592 1109 3635 ipsis
1135 3592 1215 3625 bene
1238 3590 1423 3633 placuerit.
