2558 3970
202 179 282 218 432
700 174 914 208 HElNRlCI
943 172 1082 207 REGIS
1109 172 1535 208 CONSTITUTIONES.
1586 173 1681 208 1234.
1732 174 1887 209 N1·.322.

202 289 447 330 statuendo.
492 289 601 343 quod
637 289 785 330 cadem
819 292 959 328 castra¹
993 292 1033 328 et
1066 289 1320 328 munitiones
1362 292 1534 343 propter
1567 287 1750 342 dampna
1782 287 1881 328 data
1914 292 1956 329 et
1988 289 2189 330 incendia
2221 304 2374 345 perpe-

202 366 309 398 trata
342 358 528 398 debeant
561 356 721 398 destrui
757 361 799 398 et
832 356 1022 397 funditus
1055 356 1287 397 demoliri⁸.
1350 356 1405 396 Et
1436 356 1534 411 quia
1567 356 1733 411 singula
1764 357 1857 398 loca
1881 370 1965 397 non
1998 361 2244 413 poteramus
2277 372 2376 413 per-

202 428 410 468 sonaliter
442 427 714 481 per-transire.
749 425 799 466 de
833 425 1059 481 prudentia
1092 426 1257 466 consilii
1292 426 1425 465 nostri
1459 425 1630 466 fidelem
1663 428 1853 466 nostrum
1878 425 2133 467 Heinricum
2156 425 2208 467 de
2231 425 2376 481 Nyfen

201 496 252 536 ad
287 496 583 536 executionem
618 494 905 550 predictorum
940 508 964 535 a.
996 494 1130 535 latere
1164 498 1308 534 nostro
1342 493 1542 534 duximus
1572 493 1886 536 destinandum.
1944 493 2067 542 Quod
2090 495 2274 536 officium
2297 494 2378 535 sibi

201 565 471 604 commissum
506 578 530 604 a
563 563 681 603 nobis
715 577 790 617 pro
824 577 949 617 110550
984 569 1026 603 et
1059 576 1186 604 nosse
1219 562 1404 603 fideliter
1435 567 1659 609 executus,
1693 563 1804 604 inter
1836 567 1980 604 cetera
2013 563 2197 618 quedam
2232 567 2376 604 castra

201 633 408 673 nobilium
443 633 627 672 virorum
661 633 837 672 fratrum
863 631 914 671 dc
939 631 1192 672 Hohenloch
1216 631 1403 672 dictante
1428 632 1644 672 sententia
1668 635 1710 672 et
1731 632 1896 673 iustitia
1917 632 2181 673 destruebat.
2235 632 2375 687 Super

201 701 264 741 his
299 700 495 740 omnibus
529 701 661 755 primo
697 700 779 741 Dei
813 699 1008 740 altissimi
1041 703 1083 740 et
1106 704 1223 740 tuum
1249 713 1297 740 ac
1321 700 1497 740 aliorum
1528 700 1767 755 principum
1797 701 2090 742 testimonium
2111 701 2376 742 invocamus,

202 769 264 821 (61
306 768 465 809 Verum
515 783 608 809 cum
660 783 789 824 super
838 769 900 808 his
948 769 1167 823 premissis
1215 773 1338 822 grata
1380 782 1428 809 ac
1472 768 1618 810 debita
1662 768 1890 810 debuimus
1938 770 2102 824 premia
2145 772 2378 824 reportare,

202 837 371 892 quidam
411 838 537 878 emuli
570 838 723 878 nostri.
767 838 835 892 qui
868 837 1011 877 forsan
1045 851 1119 891 per
1150 837 1234 877 alia
1267 851 1350 877 non
1384 841 1562 892 possent
1601 837 1774 878 servitia
1813 837 2046 878 familiares
2080 842 2122 878 et
2153 842 2298 892 gratos
2332 852 2378 880 se

202 906 378 948 reddere
402 907 676 962 imperatorie
700 906 910 960 dignitati,
936 911 1008 946 aut
1030 906 1129 960 quia
1152 906 1374 960 utriusque
1394 906 1576 961 diligunt
1600 905 1916 947 incommodum
1942 910 1984 947 et
2008 907 2158 947 sitiunt
2174 907 2377 958 105101105,

201 980 458 1030 attemptant
497 981 538 1016 et
577 979 881 1030 attemptarunt
924 975 1034 1015 inter
1073 973 1292 1014 dominum
1335 975 1638 1029 imperatorem
1683 979 1725 1015 ct
1769 989 1845 1015 nos
1878 974 2089 1016 discordie
2129 975 2381 1016 scandalum

203 1045 422 1084 suscitare.
493 1043 683 1090 Quorum
729 1044 927 1098 malignis
976 1043 1324 1098 suggestionibus
1372 1047 1414 1084 et
1454 1043 1679 1084 malitiosis
1728 1043 1922 1085 dominus
1966 1048 2008 1085 et
2051 1048 2175 1099 pater
2221 1048 2383 1096 noster,

203 1114 331 1154 cheu.
371 1113 553 1153 faciliter
592 1113 838 1157 inclinatus,
879 1112 1134 1152 immeritam
1169 1125 1271 1166 erga
1304 1125 1380 1152 nos
1414 1111 1580 1152 videtur
1622 1112 1971 1166 ingratitudinem
2005 1127 2211 1154 exercere
2245 1127 2382 1168 usque

202 1181 307 1223 adeo
341 1181 451 1237 quod
484 1182 650 1222 litteras
684 1181 931 1222 durissimas
966 1185 1007 1221 ct
1040 1180 1239 1221 mandata
1274 1180 1396 1220 nobis
1429 1179 1574 1234 dirigit
1607 1181 1873 1231 inconsueta,
1907 1182 2041 1222 multa
2073 1182 2158 1223 alia
2179 1181 2380 1223 faciendo

202 1264 282 1305 que
316 1264 391 1291 nec
425 1251 463 1290 ei
506 1250 741 1305 expediunt
781 1263 918 1304 neque
961 1249 1096 1290 nobis.
1218 1248 1282 1304 (7)
1324 1248 1435 1290 Nam
1468 1263 1563 1289 cum
1595 1249 1648 1290 de
1681 1249 1844 1304 pietate
1878 1253 1921 1291 et
1952 1249 2091 1304 gratia
2122 1253 2303 1305 paterna
2335 1255 2380 1292 et

203 1319 255 1360 ad
298 1320 521 1360 consilium
569 1318 808 1374 principum
856 1318 1102 1373 sepedictus
1146 1317 1343 1358 dominus
1390 1318 1625 1373 imperator
1671 1322 1932 1373 potestatem
1976 1318 2099 1360 nobis
2142 1319 2383 1374 plenariam

204 1389 448 1429 contulisset
480 1387 726 1429 conferendi
766 1392 807 1428 et
841 1386 1098 1428 concedendi
1140 1387 1349 1428 beneficia
1382 1391 1424 1427 et
1454 1386 1582 1427 feoda
1615 1387 1833 1438 vacantia,
1878 1391 1924 1427 ut
1956 1401 2011 1428 ex
2041 1387 2124 1428 hoc
2155 1393 2381 1443 magnates

203 1463 245 1498 ct
278 1457 443 1498 nobiles
477 1457 528 1497 ad
562 1457 782 1511 utriusque
817 1457 1037 1497 servitium
1069 1456 1354 1510 promptiores
1389 1459 1432 1496 et
1462 1455 1558 1510 plus
1591 1455 1814 1497 benivolos
1847 1456 2126 1509 haberemus,
2158 1456 2273 1498 idem
2303 1457 2385 1498 hoc

203 1528 243 1566 in
278 1526 531 1581 quibusdam
563 1525 832 1580 postmodum
866 1539 949 1565 non
982 1525 1169 1566 servavit
1202 1526 1243 1565 in
1275 1528 1467 1565 nostrum
1500 1524 1782 1580 preiudicium
1814 1528 1855 1566 et
1887 1539 2135 1580 gravamen.
2195 1524 2384 1581 Insuper

204 1600 342 1636 castra
378 1595 585 1635 nobilium
618 1595 669 1635 de
702 1594 958 1635 Hohenloch
991 1595 1186 1649 superius
1219 1597 1473 1644 memorata,
1512 1608 1594 1648 que
1632 1607 1708 1648 per
1748 1595 2007 1635 sententiam
2039 1593 2180 1635 diruta
2212 1594 2383 1635 fuerant

203 1673 244 1705 et
277 1664 506 1715 destructa,
541 1668 685 1704 nostra
718 1677 795 1704 nos
829 1664 1032 1719 compulit
1065 1664 1247 1718 pecunia
1281 1676 1481 1718 reparare
1516 1667 1558 1704 et
1588 1663 1838 1703 nominatim
1870 1666 2057 1704 castrum
2079 1662 2381 1718 Langenberc,

203 1733 313 1788 quod
347 1733 513 1774 cuidam
547 1733 708 1788 pupillo
740 1734 780 1773 in
815 1733 1042 1788 sollempni
1075 1733 1193 1773 curia
1216 1732 1505 1773 Frankenfort
1529 1732 1692 1773 iustitia
1714 1731 1789 1773 1105
1817 1735 2000 1787 cogente
2024 1746 2101 1788 per
2123 1732 2384 1774 sententiam

203 1805 341 1844 fuerat
374 1803 641 1851 restitutum.
687 1817 711 1842 a
750 1806 871 1857 patre
911 1806 1053 1843 nostro
1094 1802 1198 1842 iussi
1242 1801 1398 1841 fuimus
1442 1814 1643 1842 revocare
1685 1805 1727 1841 et
1760 1799 1996 1842 Godefrido
2041 1801 2093 1842 de
2125 1800 2386 1842 Hohenloch

204 1872 439 1925 assignare.
502 1871 624 1918 Quod
657 1886 751 1913 011111
784 1871 836 1912 de
870 1872 959 1912 iure
993 1875 1035 1912 et
1068 1872 1185 1912 salvo
1220 1870 1379 1911 honore
1411 1870 1553 1911 facere
1576 1883 1660 1910 non
1683 1883 1924 1925 possemus,
1957 1870 2151 1912 nolentes
2174 1871 2217 1911 in
2240 1870 2383 1925 aliquo

205 1941 394 1995 paternis
426 1941 708 1996 beneplacitis
743 1941 932 1989 obviare,
967 1940 1105 1981 eidem
1139 1939 1373 1981 Godefrido
1408 1939 1489 1980 duo
1522 1939 1653 1979 millia
1688 1953 1926 1980 marcarum
1959 1939 2012 1980 de
2039 1953 2210 1981 camera
2240 1944 2387 1981 nostra

205 2011 246 2049 in
281 2015 520 2050 restaurum
554 2011 679 2051 castri
712 2009 905 2051 dedimus
938 2010 1173 2050 memorati.
1293 2007 1358 2063 (8)
1391 2008 1599 2049 Preterea
1624 2008 1713 2048 sine
1738 2021 1870 2049 causa
1897 2008 2148 2049 necessaria
2170 2008 2388 2050 civitatem

204 2078 470 2120 Northusen.
513 2093 592 2133 que
635 2079 759 2119 nobis
801 2083 843 2120 et
882 2079 1058 2133 imperio
1098 2079 1194 2133 plus
1227 2081 1343 2119 esset
1374 2078 1510 2126 utilis,
1555 2076 1761 2131 obligavit
1794 2080 1836 2117 et
1868 2076 2050 2118 eandem
2083 2077 2387 2132 obligationem

206 2153 339 2189 ratam
385 2148 590 2203 compulit
634 2161 709 2188 nos
756 2147 930 2188 habere.
1002 2146 1159 2187 Filium
1200 2146 1320 2187 ducis
1363 2146 1580 2195 Bawarie.
1634 2158 1759 2199 quem
1803 2145 1996 2186 obsidem
2040 2144 2267 2186 habuimus
2312 2159 2388 2201 pro

210 2217 429 2271 utriusque
462 2217 648 2257 cautela.
684 2231 731 2257 ac
765 2216 894 2256 filium
927 2215 1181 2256 marchionis
1215 2215 1266 2255 de
1300 2214 1471 2266 Baden,
1505 2228 1631 2268 quem
1665 2217 1816 2268 sponte
1851 2217 1893 2255 et
1924 2214 2032 2254 ultro
2065 2214 2187 2255 nobis
2221 2214 2388 2265 obtulit,

207 2286 333 2326 imme
375 2285 570 2326 devotius
615 2285 870 2340 supplicavit
912 2289 978 2329 ut.
1027 2298 1079 2325 ne
1121 2284 1305 2338 aliquam
1347 2283 1398 2324 de
1441 2284 1533 2338 ipso
1567 2281 1849 2323 diffidentiam
1890 2282 2171 2334 haberemus,
2214 2297 2311 2324 eum
2344 2283 2387 2324 in

208 2354 403 2395 obsidem
446 2354 639 2410 recipere
682 2354 967 2409 dignaremur.
1015 2367 1092 2408 per
1133 2352 1239 2393 dura
1277 2355 1482 2407 precepta
1520 2351 1655 2406 patris
1684 2351 1836 2403 nostri,
1879 2350 2031 2406 quibus
2065 2352 2275 2393 contraire
2308 2365 2386 2393 nec

208 2423 400 2463 volumus
434 2438 512 2464 nec
546 2423 771 2468 debemus,
813 2437 896 2463 non
930 2423 1021 2463 sine
1053 2421 1242 2463 maxima
1274 2420 1534 2462 verecundia
1566 2420 1792 2461 restituere
1825 2419 2095 2475 cogebamur.
2157 2420 2385 2462 Telonium

208 2506 375 2546 quoque
398 2492 440 2532 in
464 2491 727 2533 Bacchei-ab.
764 2491 873 2547 quod
896 2492 938 2532 in
962 2491 1188 2546 sollempni
1212 2490 1329 2531 curia
1351 2489 1652 2540 Frankenfort,
1686 2489 1874 2530 dictante
1898 2489 2113 2530 sententia
2134 2489 2386 2545 principum,

208 2561 434 2601 inhibitum
467 2562 607 2602 fuerat
638 2561 734 2602 duci
767 2561 964 2602 Bawarie
999 2565 1040 2602 et
1073 2559 1227 2601 deinde
1260 2559 1375 2600 idem
1407 2558 1495 2599 dux
1528 2572 1735 2613 expresse
1770 2558 2004 2609 abiuravit,
2046 2562 2196 2599 contra
2226 2558 2386 2599 factum

209 2635 400 2670 nostrum
444 2635 484 2669 et
523 2630 761 2685 principum
795 2630 970 2670 veniens
1011 2628 1170 2670 feodali
1208 2629 1298 2669 iure
1338 2627 1436 2668 duci
1474 2627 1653 2667 contulit
1685 2631 1940 2675 memorat03
1984 2626 2192 2682 siquidem
2222 2627 2387 2668 nobiles

209 2708 251 2739 et
295 2704 536 2753 magnates.
580 2699 766 2739 vasallos
810 2704 852 2740 et
892 2699 1195 2740 ministeriales
1238 2712 1313 2739 seu
1358 2698 1462 2738 alios
1501 2710 1793 2752 quoscumque
1827 2697 2052 2738 venientes
2085 2697 2138 2738 ad
2171 2698 2311 2752 ipsum
2345 2702 2389 2738 et

209 2767 486 2809 detrahentes
531 2768 627 2809 hinc
669 2768 766 2809 inde
808 2768 950 2809 nobis.
998 2768 1059 2809 eis
1107 2767 1304 2809 credulas
1343 2781 1467 2808 aures
1507 2766 1772 2813 adhibendo,
1813 2765 1931 2806 audit
1963 2770 2005 2806 et
2037 2765 2234 2817 exaudit,
2282 2765 2388 2806 dans

210 2837 373 2877 litteras
408 2846 448 2877 et
480 2837 680 2877 mandata
713 2838 983 2878 revocatoria
1015 2837 1065 2877 de
1104 2837 1229 2877 factis
1262 2836 1418 2877 nostris
1452 2836 1493 2876 in
1527 2849 1610 2876 non
1645 2835 1854 2876 modicam
1887 2838 2077 2876 nostram
2109 2848 2158 2875 ac
2190 2848 2312 2876 suam
2345 2838 2388 2875 et

211 2906 376 2960 imperii
408 2906 625 2947 lesionem.
746 2905 811 2961 (9)
843 2906 1054 2947 Predictis
1090 2906 1233 2960 itaque
1265 2905 1478 2946 mandatis
1512 2908 1554 2944 et
1575 2904 1791 2959 preceptis
1815 2902 2012 2944 dominus
2036 2907 2079 2944 et
2099 2906 2222 2959 pater
2243 2906 2388 2944 noster

211 2973 415 3028 quasdam
457 2975 807 3015 comminationes
848 2974 1009 3015 addidit
1055 2975 1349 3024 inconsuetas,
1392 2973 1594 3014 videlicet
1634 2973 1668 3013 si
1705 2973 1749 3012 in
1795 2972 1936 3027 aliquo
1971 2986 2116 3013 eorum
2148 2985 2231 3026 que
2265 2971 2385 3012 nobis

212 3043 457 3097 specialiter
497 3050 595 3083 tune
635 3043 854 3084 mandavit
894 3044 1180 3084 inveniremur
1213 3044 1343 3084 etiam
1382 3043 1424 3082 in
1458 3042 1632 3082 minimo
1663 3041 1953 3096 negligentes,
1996 3040 2108 3095 quod
2141 3039 2313 3081 nuntios
2347 3043 2389 3080 et

212 3111 376 3152 litteras
418 3116 586 3152 nostras
627 3112 678 3152 de
722 3117 864 3153 cetero
904 3127 985 3153 non
1024 3113 1234 3167 reciperet
1265 3112 1333 3153 vel
1375 3110 1555 3152 audiret.
1626 3110 1879 3150 Procuravit
1920 3109 2050 3150 etiam
2089 3108 2201 3164 apud
2243 3107 2390 3149 sedem

212 3180 502 3233 apostolicam.
528 3180 638 3235 quod
662 3195 738 3235 per
761 3180 964 3235 quosdam
984 3180 1254 3221 Allamannie
1277 3180 1496 3235 principes
1520 3179 1759 3219 denuntiati
1783 3177 2068 3219 debueramus
2093 3177 2384 3218 excommuni-

213 3249 392 3289 cationis
426 3249 592 3289 vinculo
635 3249 823 3291 innodari
843 3250 869 3289 ¹.
939 3249 1062 3296 Quod
1095 3255 1213 3290 tanto
1246 3250 1417 3304 gravius
1451 3252 1542 3289 erat
1573 3248 1718 3299 nobis,
1760 3250 1965 3301 quantum
2003 3246 2282 3302 pernitiosius
2317 3250 2383 3287 cst

218 3317 417 3371 exemplo
452 3322 493 3357 et
526 3322 674 3358 contra
706 3319 849 3359 onmia
882 3319 973 3359 iura
1005 3323 1090 3358 tam
1123 3318 1420 3359 ecclesiastica
1443 3330 1568 3371 quam
1600 3315 1830 3366 mundana,
1863 3329 1957 3355 cum
1981 3314 2033 3356 de
2056 3314 2200 3355 nullab
2234 3318 2382 3355 contu-

215 3385 349 3424 macia
384 3385 450 3425 vel
483 3385 638 3426 delicto
673 3387 853 3427 convicti
887 3387 1091 3428 fuerimus
1124 3386 1191 3427 vel
1223 3386 1419 3436 confessi,
1452 3386 1580 3425 immo
1615 3385 1741 3425 etiam
1772 3398 1851 3425 nec
1874 3383 2119 3425 commoniti
2141 3396 2221 3424 1100
2244 3382 2387 3429 citati;

214 3452 322 3492 unde
356 3453 505 3493 merito
547 3453 807 3495 credendum
840 3469 924 3495 non
955 3459 1071 3496 esset
1104 3455 1169 3495 vel
1202 3455 1332 3495 etiam
1364 3448 1723 3508 presumendum,
1753 3467 1778 3493 a
1811 3451 1914 3493 sede
1947 3451 2204 3507 apostolica,
2246 3465 2272 3491 a
2303 3448 2388 3505 qua

215 3520 301 3560 iura
337 3520 502 3574 prodire
536 3521 694 3562 debent
727 3529 768 3563 et
803 3537 883 3563 non
916 3524 1082 3574 iniurie,
1117 3524 1223 3563 tales
1256 3523 1422 3563 litteras
1456 3527 1498 3562 et
1530 3521 1730 3561 mandata
1763 3524 1910 3561 contra
1942 3534 2172 3574 porsonam
2198 3524 2385 3559 nostram

348 3610 432 3644 322.
465 3618 481 3634 a
521 3614 682 3645 demolliri
709 3615 757 3645 ed.
874 3613 906 3654 b,
933 3615 1003 3647 ulla
1027 3615 1077 3647 ed.

352 3691 383 3730 1)
414 3690 465 3731 Cf.
493 3690 671 3733 epistolam
696 3691 785 3735 reyz's
810 3692 857 3724 acl.
886 3691 1096 3736 Greyorium
1122 3691 1194 3725 IX.
1219 3691 1338 3725 datam
1362 3695 1504 3726 a.1233.
1531 3691 1622 3735 Apr.
1642 3695 1684 3725 10
1707 3701 1819 3734 supra
1842 3700 1898 3725 nr.
1915 3694 1989 3724 316.

2418 919 2451 944 10

2418 1261 2450 1286 15

2421 1604 2454 1630 20

2424 1954 2456 1979 25

2425 2298 2458 2323 30

2425 2641 2456 2666 35

2425 2983 2458 3008 40

2423 3325 2454 3350 45

2423 3695 2456 3720 50
