2558 3970
111 919 142 942 10

107 1265 137 1289 15

323 161 603 197 ALEXANDRI
630 164 689 199 IV.
716 164 861 201 EPIS'P.
889 167 949 200 ΑΙ.)
977 167 1259 202 HICHARDUM
1289 169 1390 204 lilio.
1420 170 1477 203 ΗΕ
1506 171 1664 206 blm-:vit
1688 172 1915 207 l’lSCUlllll.
1959 176 2054 208 125⁸.
2097 175 2155 208 Nr.
2178 176 2246 209 1⁰22.
2302 180 2382 217 519

183 278 218 319 si
241 277 352 320 benc
376 279 601 328 consistat,
634 280 825 322 roborari
850 282 902 322 ad
927 296 1196 323 communem
1229 286 1406 326 tutelam
1419 294 1435 316 ¹¹
1459 301 1540 327 nou
1565 288 1722 328 sineret
1749 290 1930 330 consilio
1956 291 2073 345 pacis
2103 297 2208 331 suo?
2268 290 2378 332 (¹011-

186 347 307 388 vulso
350 351 496 388 ccrtc‘³
541 349 735 403 predicto
778 350 956 406 imperio
1005 356 1047 392 et
1088 351 1281 393 disiectis
1325 356 1519 409 partibus
1567 357 1820 401 fluctuante.
1863 373 1955 399 eum
2000 359 2294 400 violentissimi
2339 366 2381 400 et

184 416 398 458 sevissimi
440 416 588 458 hostes
629 418 902 473 ingruerint‘,
943 420 1124 460 aliorum
1160 435 1385 475 regnorum
1423 423 1611 464 fidelium
1647 427 1910 467 continentia
1946 428 2057 468 eirea
2094 436 2378 484 opportunam

183 486 473 527 resistentiam
509 487 741 528 vacillabit.
805 488 848 529 Si
885 502 984 530 vero
1019 492 1176 529 statum
1213 490 1304 530 eius
1340 495 1382 532 et
1415 494 1835 536 reconciliationem⁸
1870 498 2052 551 partium
2077 504 2117 537 et
2141 499 2376 538 vuinnmui-

181 555 417 597 cationemt
448 557 567 611 pacis
602 558 808 605 erexerit,
853 558 1050 599 crudeles
1083 559 1315 599 ferm-iumu
1351 561 1535 615 impetus
1579 562 1762 604 hostium
1798 565 1935 604 tidelis
1971 567 2151 620 populus
2187 568 2377 607 l'nrliterv

181 623 370 679 excipiet
392 628 448 675 et,
472 629 519 665 ut
541 626 807 678 confidimus,
827 627 919 668 Deo
944 627 1115 682 preside
1139 628 1372 683 superabit.
1422 630 1557 682 Igitur
1578 640 1778 673 converte
1796 634 2150 675 considerationis
2171 637 2378 677 ‹›‹·ulumw

179 693 232 734 ad
266 707 439 735 causam
472 695 719 750 publicamx
752 701 928 752 propter
950 696 1091 738 Deum
1123 702 1165 738 et
1190 698 1401 738 miserans
1435 700 1677 741 universale
1702 701 1948 745 discrimen.
1983 704 2093 758 quod
2121 705 2377 745 intrinsecus

179 776 204 803 a
236 761 388 804 diebus
422 764 559 814 malis,
592 765 861 806 extrinsecus
896 780 994 807 vero
1028 766 1081 807 ab
1115 766 1278 807 eisdem
1314 769 1500 808 maxime
1536 769 1726 810 'sartan-is
1761 773 1890 811 statui
1919 773 2098 815 videtur.
2134 775 2260 814 immo
2298 776 2376 815 ium

178 832 308 874 certis
341 833 540 874 sensibus
572 834 853 889 perpenditur
876 835 1052 885 instare,
1086 837 1297 877 communi
1323 851 1540 881 succurre,
1575 839 1646 883 fili,
1681 840 1778 894 quin
1803 856 1977 881 occurre
2004 848 2063 881 tot
2097 844 2218 883 malis
2245 844 2370 884 lwnv-

179 900 273 942 ficio
307 903 425 957 pacis
458 907 544 955 tue,
578 918 660 959 quc
693 909 836 960 potest
868 905 1023 947 efficax
1057 906 1239 961 prebere
1274 906 1506 948 curationis
1539 909 1745 950 auxilium
1782 911 1940 951 morbis
1976 912 2119 952 mundi
2154 920 2196 952 et
2231 913 2371 953 olisia-

178 973 318 1014 culum
361 973 532 1016 obicere
573 975 764 1030 periculo
804 976 1035 1031 ingruenti.
1105 978 1164 1018 'l‘e
1205 992 1390 1033 namque
1434 979 1551 1033 pacis
1595 979 1705 1020 beno
1739 982 1953 1021 coinmuni
1996 982 2065 1036 pia
2100 982 2375 1023 wisel-atium·

176 1041 387 1095 faventey,
428 1042 609 1094 ferrum,
652 1044 764 1100 quod
807 1046 976 1086 acuitur
1017 1046 1057 1087 in
1099 1047 1257 1102 populo
1290 1047 1342 1088 ad
1378 1048 1580 1089 intestine
1617 1049 1735 1090 cedis
1771 1051 2005 1105 piaculum,
2040 1051 2270 1092 salubriter
2313 1068 2373 1092 ri·-

177 1110 393 1165 cludetur,
435 1112 644 1155 adversus
686 1114 832 1156 hostes
874 1115 1192 1157 inmanissimos
1236 1117 1369 1157 multo
1412 1117 1562 1158 melius
1608 1119 1828 1174 multoque
1869 1121 2054 1160 nobilius
2097 1121 2374 1163 exerendum.

176 1179 241 1236 (8)
275 1180 486 1228 Quoniam
529 1187 596 1224 sat
634 1183 734 1235 erit,
780 1183 890 1239 qnod
924 1185 995 1225 vix
1033 1185 1196 1241 absque
1232 1185 1314 1227 Dei
1358 1186 1563 1228 succedet
1596 1189 1775 1230 auxilio,
1821 1189 1904 1229 illis
1939 1190 2142 1230 resistere
2176 1191 2301 1231 etiam
2338 1192 2373 1231 iu

175 1263 400 1292 commune
441 1252 609 1294 collatis
649 1254 864 1295 omniumz
899 1254 1057 1296 viribus
1092 1256 1304 1310 potuisse,
1339 1255 1572 1297 fovendum
1607 1258 1700 1312 paci
1743 1259 1889 1313 procul
1925 1258 2053 1299 (lubio
2087 1259 2300 1300 eredimus
2334 1265 2372 1300 et

174 1333 438 1376 magnopere
473 1320 767 1377 deprecamur,
807 1328 1008 1365 verentes
1042 1324 1292 1379 plurimum,
1335 1339 1386 1365 ne
1420 1340 1487 1367 res
1521 1340 1571 1366 eo
1606 1326 1761 1367 irarum
1798 1342 1949 1368 musas
1983 1328 2109 1368 (lubia
2146 1329 2224 1369 sul»
2258 1335 2372 1369 sort«-

174 1387 395 1443 producat,
429 1395 477 1430 ut
507 1391 629 1445 gravi
663 1391 773 1432 mole
806 1396 1051 1433 tantaruma
1082 1393 1298 1448 utrimque
1333 1394 1486 1435 virium
1521 1395 1683 1449 agitata
1716 1396 1846 1437 dubie
1875 1397 2025 1437 Mau-tis
2060 1398 2237 1438 in‹·erti¹¹
2271 1414 2373 1439 exa-

172 1457 286 1500 mine
330 1457 565 1500 dirimatur.
636 1459 749 1502 IIinc
791 1461 915 1502 nimis
957 1461 1172 1503 credimus
1216 1463 1553 1512 formidandum,
1599 1479 1651 1506 ne
1694 1466 1849 1520 prefati
1895 1467 2062 1521 imperii
2103 1467 2234 1507 ‹leeus
2268 1469 2371 1508 irre-

172 1527 505 1583 cuperabiliter⁰
537 1529 710 1571 decidat
741 1531 929 1572 violenta
963 1532 1149 1586 partium
1181 1532 1377 1574 allisione
1402 1534 1647 1581 contritum,
1683 1550 1759 1576 seu
1784 1535 1883 1576 dum
1907 1536 1989 1577 ‹led
2024 1542 2219 1591 sceptre⁰
2254 1539 2372 1590 regni

103 1611 117 1635 2
172 1596 447 1639 contenditur
492 1598 701 1654 populusf
739 1600 969 1655 affligatur,
1015 1601 1056 1642 id
1095 1601 1276 1642 forsitan
1321 1603 1606 1657 equanimiter
1648 1618 1728 1645 non
1771 1605 1948 1646 laturus.
2019 1605 2136 1647 Nccb'
2178 1608 2287 1647 euim
2334 1608 2370 1647 in

171 1667 494 1723 comparatione
518 1669 672 1710 virium
697 1674 860 1711 certum
886 1671 1069 1712 sumitur
1092 1671 1145 1713 de
1176 1672 1318 1713 futuro
1343 1672 1614 1713 huiusmodi¹¹
1647 1688 1788 1714 rerum
1813 1679 1970 1715 eventu
2005 1674 2221 1716 iudicium.
2257 1676 2371 1730 quiai

170 1737 272 1778 licet
309 1737 404 1792 quis
443 1751 567 1780 omne
610 1753 756 1780 seeum
790 1739 958 1781 virtutis
997 1739 1259 1781 incredibilis
1301 1741 1430 1783 robur
1469 1742 1632 1792 trahat,
1674 1743 1847 1784 fortuna
1888 1748 2030 1785 tamen
2067 1744 2166 1784 belli
2202 1759 2372 1799 semper

169 1806 349 1862 ancipiti
382 1806 477 1848 loco
511 1821 689 1849 manens
723 1808 828 1849 nulli
862 1809 1186 1850 colluctantium
1222 1816 1384 1851 certam
1418 1811 1588 1852 iocundi
1621 1812 1764 1853 exitus
1796 1812 1920 1854 fidem
1952 1814 2069 1855 facit.
2123 1813 2191 1854 Nil
2219 1828 2371 1868 nempe

169 1874 349 1931 pudebit
366 1877 620 1919 alterutrum
640 1878 786 1933 nilque
810 1878 1017 1934 pigebitk,
1043 1879 1106 1920 his
1128 1880 1268 1920 causis
1292 1879 1542 1934 urgentibus
1566 1881 1684 1935 pacis
1706 1881 1980 1923 admisissek·
2005 1883 2247 1932 consilium,
2272 1883 2369 1937 quin

100 1974 114 1982 .
170 1945 312 2001 potius
351 1946 531 2001 gratiam
575 1947 745 2002 publice
779 1947 917 1988 laudis
950 1949 1142 2004 acquiret
1175 1948 1469 1998 discordibus,
1510 1950 1780 2004 acquievisse
1821 1951 1941 1991 nobis
1975 1952 2196 1992 orantibus
2231 1952 2371 1993 divine

168 2014 407 2056 maiestatis
455 2016 630 2058 arbitrio
678 2020 722 2059 et
768 2017 936 2073 private
979 2018 1208 2058 voluntatis
1255 2017 1482 2059 affectum¹
1523 2020 1762 2060 communis
1810 2021 2122 2062 necessitatisfl·
2163 2022 2370 2076 profectui

169 2083 421 2126 subiecisse.
483 2085 637 2141 Neque
681 2086 793 2127 enim
828 2086 1077 2128 videretur-¹¹
1118 2087 1212 2127 filiis
1254 2086 1545 2138 i11decorum0,
1589 2089 1624 2128 si
1664 2090 1793 2129 ctiam
1837 2090 2021 2130 carnalis
2056 2090 2211 2132 nedum
2247 2091 2368 2145 spiri-

167 2154 321 2196 tualisp
354 2159 492 2197 mater
523 2160 622 2197 ante
655 2155 970 2197 inmedicabilis
1003 2156 1160 2197 doloris
1195 2157 1416 2197 incursum
1450 2157 1491 2197 in
1525 2157 1689 2198 medias
1725 2159 1970 2200 exterminii
1998 2160 2189 2201 comunis
2224 2166 2370 2215 partes

167 2223 397 2279 prosiliens
431 2229 503 2266 etq
536 2225 619 2266 iam
654 2226 848 2267 strictum
882 2225 1071 2281 gladium
1107 2225 1159 2267 de
1198 2225 1399 2267 manibus
1432 2227 1735 2268 altercantium
1771 2228 2040 2270 confidenter
2074 2229 2262 2285 cripiens
2296 2244 2371 2284 per

167 2294 467 2335 auctoritatem
500 2295 622 2336 fieret
653 2295 765 2337 inter
796 2303 898 2337 cos‘l
930 2296 1162 2351 imperiosa
1194 2295 1362 2351 placide
1396 2296 1515 2352 pacis
1539 2298 1721 2339 auctrix.
1833 2298 1894 2352 (9)
1929 2298 2113 2354 Propter
2137 2299 2249 2354 quod
2275 2314 2367 2340 eum

168 2363 414 2405 carissimus
447 2365 490 2405 in
524 2364 697 2407 Christo
731 2365 842 2406 filius
875 2370 1020 2406 noster
1043 2398 1051 2406 .
1076 2372 1103 2407 ,s
1136 2380 1213 2407 rex
1247 2364 1440 2406 Castellc
1473 2365 1650 2406 illustris
1683 2372 1783 2421 post
1815 2368 1921 2409 alios
1956 2368 2147 2409 diversos
2185 2369 2368 2413 nuntios,

167 2447 273 2489 quos
306 2448 382 2489 pro
415 2433 565 2476 eodem
598 2436 773 2490 negotio
805 2434 857 2476 ad
893 2439 1081 2476 nostram
1115 2435 1379 2490 presentiam
1413 2435 1631 2485 miseratS,
1665 2450 1776 2476 nunc
1800 2435 1972 2478 demum
1999 2437 2201 2478 dilectum
2237 2438 2367 2478 filium

166 2502 353 2544 nobilem
388 2503 524 2544 virum
558 2503 843 2546 Emanuelem
877 2518 1133 2559 germanum
1174 2518 1298 2545 suum
1332 2503 1457 2545 cum(l
1492 2504 1727 2545 venerabili
1763 2505 1919 2546 fratred
1954 2512 2098 2547 nostro
2133 2508 2197 2548 ..ἴ
2233 2508 2366 2560 Sego-

165 2572 333 2614 biensiu
365 2573 568 2629 episcopo
602 2578 644 2615 et
666 2573 870 2615 dilectum
892 2574 1027 2615 filium
1051 2574 1304 2628 magist-rum
1328 2572 1567 2614 Iohannem
1592 2573 1943 2616 archidiaconum
1970 2575 2365 2631 Compostellanum

167 2655 262 2683 cum
296 2641 446 2683 multis
473 2642 782 2699 sollempnibus
824 2644 991 2684 nunciis
1024 2643 1077 2684 ad
1120 2643 1266 2684 sedem
1311 2643 1592 2698 apostolicam
1627 2642 1893 2693 destinaritl,
1937 2659 2014 2699 per
2047 2660 2120 2686 cos
2155 2645 2367 2686 instanter

163 2711 400 2766 postulans,
433 2715 480 2753 ut
511 2720 636 2754 eumv
668 2712 722 2754 ad
754 2727 951 2754 coronam
985 2727 1264 2754 evocaremus
1297 2712 1466 2767 imperii
1497 2711 1616 2753 etad
1641 2712 1719 2753 hoc
1742 2712 2035 2754 deberemusW
2068 2713 2148 2754 sibi
2173 2718 2361 2755 statuere

163 2785 327 2822 certum
366 2781 503 2834 diem,
547 2796 624 2824 nos
664 2783 707 2823 in
746 2786 832 2823 tam
874 2783 1069 2837 urgentis
1113 2782 1433 2838 competitionis
1476 2782 1680 2822 instantia
1714 2785 1883 2822 tutumx
1916 2782 2102 2823 medium
2138 2783 2364 2837 eligentes.

161 2864 418 2906 responsum
451 2851 506 2892 ad
539 2853 676 2907 petita
708 2852 1038 2908 suspendimus,
1072 2851 1211 2893 donec
1245 2851 1297 2892 ad
1332 2850 1516 2892 eundem
1551 2865 1698 2905 regem
1735 2852 1929 2892 nuntium
1965 2852 2196 2907 specialem
2234 2853 2362 2893 mise-

165 2920 311 2973 rimus,
336 2935 414 2976 per
436 2935 564 2976 quem
589 2921 669 2963 sibi
695 2936 895 2963 curamus
921 2921 1060 2962 studio
1085 2928 1195 2976 quoy
1218 2934 1450 2976 possumus
1474 2920 1590 2975 pacis
1616 2920 1843 2961 consilium
1867 2920 2064 2963 suadere.
2126 2921 2219 2974 (10)
2254 2921 2363 2961 lline

163 2993 228 3030 est
260 2989 405 3046 itaque
439 2990 578 3046 quodz
610 2990 817 3032 dilectum
850 2990 982 3031 filium
1017 2990 1269 3044 magistrum
1303 2989 1532 3030 Albertum
1566 2990 1779 3030 notarium
1815 2993 2019 3033 nostrum.
2055 3003 2180 3043 quem
2215 2990 2361 3044 procul

163 3058 294 3101 dubio
337 3059 553 3101 credimus
587 3060 664 3101 tibi
697 3059 846 3110 fidum,
894 3060 994 3114 quia
1027 3059 1236 3100 bonorum
1271 3063 1441 3099 tuorum
1476 3058 1647 3100 fidelem
1681 3059 1960 3113 cognovimus
1995 3059 2222 3100 zelatorem
2237 3065 2266 3101 ²¹,
2310 3058 2362 3099 de

161 3141 244 3183 quo
276 3129 405 3170 etiam
437 3143 515 3171 nos
548 3133 591 3171 et
622 3129 778 3171 fratres
811 3129 960 3180 nostri,
996 3129 1150 3184 quibus
1184 3128 1377 3170 eiusdem
1411 3132 1454 3169 et
1486 3127 1592 3168 fides
1626 3134 1667 3168 ct
1692 3129 1916 3169 sinceritas
1941 3133 2069 3183 atquc
2106 3127 2362 3182 prudentiab

296 3243 385 3280 402.
418 3246 451 3286 Ρ)
478 3246 632 3279 tutellam
661 3244 688 3277 1.
714 3244 745 3278 2.
841 3244 874 3287 ⁴1)
900 3249 986 3277 terre
1010 3244 1042 3276 2.
1136 3244 1164 3284 r)
1190 3245 1393 3287 ingruerunt
1417 3245 1449 3277 ⁴2.
1545 3244 1574 3285 s)
1600 3245 1834 3277 recrmciliaciu
1859 3246 1890 3277 2.
1986 3245 2011 3284 t)
2038 3246 2302 3277 conminuicaeio
2328 3244 2359 3277 ⁶2.

160 3301 195 3346 ιι)
221 3304 377 3337 sericium
401 3302 432 3337 2.
552 3302 584 3347 v)
611 3305 750 3336 sortitus
778 3302 807 3335 1.
926 3301 967 3345 W)
994 3302 1152 3334 oeculum
1181 3301 1208 3334 1.
1318 3301 1352 3344 x)
1380 3302 1547 3345 puplicam
1576 3301 1604 3334 1.
1721 3307 1750 3339 y)
1778 3302 1920 3334 faciente
1945 3302 1976 3334 2.
2087 3302 2117 3343 z)
2144 3303 2302 3335 omnibus
2334 3302 2360 3334 l.

161 3359 193 3403 a)
219 3366 390 3394 tantorum
414 3360 447 3395 2.
534 3360 566 3404 b)
592 3362 722 3393 incerta
746 3360 777 3393 1.
849 3360 879 3402 c)
906 3360 1174 3403 irreparabiliter
1199 3359 1230 3391 ⁶2.
1303 3358 1336 3401 d)
1363 3360 1453 3392 deest
1480 3359 1508 3391 1.
1581 3360 1611 3399 c)
1638 3364 1751 3402 ceptro
1777 3359 1812 3393 2:
1849 3364 1983 3402 sceptus
2013 3359 2039 3392 l.
2113 3358 2144 3402 s)
2171 3361 2304 3402 populis
2332 3360 2359 3392 1.

159 3416 193 3462 8)
219 3420 285 3452 Det
308 3418 341 3452 2.
412 3417 446 3460 h)
472 3423 506 3451 et
531 3419 613 3451 add.
631 3417 662 3451 2.
742 3416 764 3460 i)
791 3419 880 3461 quod
910 3418 937 3451 1.
1010 3415 1045 3458 k)
1070 3418 1176 3460 piebit
1200 3417 1232 3450 ⁴2.
1311 3415 1367 3458 k‘)
1393 3418 1538 3450 admisse
1564 3417 1591 3449 l.
1610 3416 1641 3449 2.
1715 3415 1740 3457 Ῑ)
1765 3418 1921 3450 effectum
1947 3416 1978 3449 2.
2051 3417 2092 3455 ¹¹¹)
2120 3418 2303 3449 necessitas
2332 3416 2359 3449 l.

159 3474 192 3518 n)
217 3477 351 3509 videtur
374 3476 406 3508 2.
525 3475 557 3515 0)
584 3477 619 3508 in
644 3477 796 3509 decorem
823 3475 853 3508 1.
970 3474 1003 3516 Ρ)
1035 3475 1192 3518 specialis
1221 3475 1248 3507 1.
1368 3475 1400 3516 ¹1)
1433 3480 1465 3507 et
1491 3493 1533 3496 —
1559 3476 1646 3507 inter
1670 3486 1726 3508 eos
1752 3475 1820 3507 cles.
1842 3474 1870 3507 1.
1990 3475 2015 3512 r)
2043 3480 2155 3506 uester
2181 3500 2188 3507 .
2209 3499 2216 3506 .
2242 3474 2310 3507 (lc-3.
2332 3474 2359 3506 1.

159 3533 188 3576 s)
213 3534 342 3567 miserit
363 3532 394 3566 2.
491 3532 517 3576 ι)
543 3538 655 3566 vestro
679 3533 718 3573 :23
753 3559 760 3566 .
779 3558 787 3566 .
813 3528 881 3566 cles.
902 3533 930 3565 1.
1026 3532 1060 3573 u)
1087 3533 1269 3575 Egobieusi
1298 3532 1324 3564 l.
1421 3533 1452 3571 v)
1479 3544 1535 3565 eos
1562 3531 1592 3564 1.
1688 3531 1728 3574 W)
1755 3533 1916 3565 debemus
1945 3532 1980 3565 l:
2014 3533 2079 3564 sibi
2104 3532 2302 3564 deberemus
2327 3532 2357 3563 2.

159 3590 193 3631 Χ)
218 3595 316 3624 tuum
341 3589 372 3624 2.
490 3592 522 3632 θ’)
548 3603 615 3634 qua
639 3591 671 3623 2.
789 3592 819 3633 Ζ)
845 3591 934 3634 quod
959 3592 1075 3632 itaque
1102 3590 1129 3622 1.
1249 3591 1280 3632 ἃ)
1306 3593 1509 3634 agnovimus
1535 3591 1714 3624 relatorem
1740 3591 1771 3622 2.
1891 3591 1922 3633 b)
1949 3590 2115 3634 pudent-ia
2143 3590 2173 3622 L).

302 3692 336 3734 1)
365 3692 425 3727 De
448 3692 514 3726 hac
539 3693 716 3739 lcyationc
739 3694 785 3736 cf.
814 3692 985 3737 Capitale
1011 3692 1152 3734 Alsbnsi
1177 3703 1289 3737 supra
1315 3702 1368 3726 nr.
1386 3697 1454 3728 39?
1473 3703 1499 3727 c.
1519 3696 1570 3727 35.
