2558 3970
116 976 148 1001 10

115 1327 146 1353 15

672 170 904 206 RICHARDI
931 170 1070 206 REGIS
1095 170 1531 206 CONSTITUTIONES.
1583 172 1681 206 1269.
1731 171 1792 206 Nr.
1810 172 1888 206 391.
2294 175 2375 215 489

181 300 248 328 nr.
269 287 338 336 20,
369 298 544 338 quorum
575 285 775 328 editiones
804 284 1081 327 adhibuinms.
1144 286 1208 328 Dc
1235 301 1336 339 pace
1369 288 1413 328 in
1444 288 1565 328 curia
1595 287 1890 330 Wornmtiensa·
1920 290 2144 330 constituta
2174 292 2210 329 et
2234 289 2375 329 iurata

181 353 234 409 cf.
264 354 388 396 etiam
418 355 632 406 epistolam
666 354 887 397 Wernheri
915 354 1212 408 archicpiscopi
1244 356 1489 409 Moyemtini
1519 371 1558 399 ιι.
1584 359 1706 398 1269.
1740 358 1847 409 Any.
1871 364 1898 394 δ’
1928 357 2090 407 thium,
2122 371 2227 410 qmw
2260 357 2375 409 infra

184 425 228 466 ιή
259 422 484 476 appendice
514 423 774 476 Scriptorum
799 423 920 477 pacis
943 424 1142 476 prodibit.
1176 449 1228 454 —
1261 425 1453 475 ΒϋΙιυιεν,
1487 425 1585 478 Rcy.
1612 426 1705 478 imp.
1735 426 1922 476 V,;'›·15‹5'.
2021 426 2232 479 (11382.)

324 550 538 593 Ricardus
570 549 654 592 Dei
686 551 833 606 gracia
864 550 1156 593 Romanorum
1192 564 1269 592 rex
1309 564 1480 606 semper
1512 557 1723 606 augustus
1757 552 1970 593 universis
2003 552 2167 593 civibus
2203 553 2371 607 Argen-

182 620 441 672 tinensibus,
473 620 642 662 dilectis
675 619 873 662 fidelibus
906 621 1009 672 suis,
1041 619 1230 675 graciam
1264 633 1384 661 suam
1418 625 1461 660 ct
1493 634 1618 661 omne
1652 620 1825 662 bonum.

326 689 546 731 Fidelitati
578 694 722 731 vestre
754 688 948 731 districte
981 688 1242 745 precipimus
1275 692 1318 729 ct
1350 688 1628 741 mandamus,
1662 695 1874 744 quatenus
1909 690 2110 745 exemplo
2145 691 2372 731 multorum

181 760 444 817 principum,
494 759 699 800 comitum
747 759 906 809 eciam,
958 762 1232 814 magnatum,
1278 757 1484 799 nobilium
1534 763 1576 799 ct
1624 758 1833 800 baronum
1876 764 1917 799 ct
1961 759 2139 799 aliarum
2191 759 2375 814 plurium

183 829 404 871 civitatum
437 828 688 884 generalem
727 842 878 884 pacem
916 829 958 870 in
991 827 1164 869 civitate
1198 827 1508 882 Argentinensi
1549 828 1765 869 communi
1799 833 1898 869 voto
1943 829 2134 869 iurantes
2168 843 2216 869 ac
2252 829 2375 869 nobis

181 897 235 940 ad
268 897 621 940 observacionem
651 897 842 954 predicte
873 898 992 954 pacis
1023 911 1110 939 una
1141 911 1237 938 cum
1269 897 1366 938 aliis
1399 896 1584 938 fideliter
1614 901 1655 938 et
1679 897 1857 938 viriliter
1889 897 2153 941 inherentes.
2188 897 2377 939 thelonia

184 981 262 1010 seu
292 966 526 1022 vectigalia
567 967 655 1008 sive
696 966 883 1023 pedagia
915 967 983 1009 vel
1025 966 1263 1009 conductus
1297 971 1341 1008 et
1373 966 1650 1008 exaccioncm
1685 966 1946 1022 specialiter,
1987 980 2068 1022 quc
2103 967 2251 1021 ungelt
2284 967 2374 1007 vul-

183 1037 345 1093 gariter
375 1039 659 1092 nuncupatur,
700 1036 811 1078 infra
843 1041 939 1078 octo
980 1035 1073 1078 dies
1107 1050 1132 1077 a
1163 1036 1439 1092 susceptione
1484 1036 1758 1092 presencium
1792 1035 1833 1076 in
1868 1040 2009 1076 vestro
2043 1035 2262 1086 districtu,
2305 1036 2377 1076 illa

182 1105 385 1148 videlicet
427 1119 510 1161 que
554 1105 808 1147 inconsueta
852 1109 895 1147 et
936 1106 1098 1147 iniusta
1139 1106 1353 1157 existunt,
1394 1106 1567 1162 penitus
1611 1104 1836 1160 deponatis
1880 1112 1984 1147 ncc³
2030 1106 2287 1160 permittatis
2322 1105 2375 1146 de

182 1181 328 1220 cetero
361 1175 415 1218 ab
447 1175 590 1231 aliquo
621 1175 943 1217 transeuncium
977 1175 1246 1231 extorqueri:
1279 1189 1332 1216 ne
1366 1175 1415 1227 si,
1448 1173 1562 1230 quod
1594 1173 1718 1225 absit,
1752 1174 1793 1215 in
1828 1174 1907 1215 hae
1940 1179 2061 1230 parte
2096 1188 2221 1215 secus
2255 1175 2374 1215 fece-

182 1246 289 1298 ritis,
321 1245 375 1288 ab
408 1244 652 1286 huiusmodi
683 1258 790 1301 pace
823 1244 875 1287 de
908 1245 1000 1287 iure
1032 1245 1208 1300 possitis
1242 1243 1407 1286 secludi
1440 1244 1639 1300 penitusb
1673 1247 1717 1285 et
1749 1243 1935 1285 excludi.

326 1315 489 1357 Datum
521 1314 850 1367 Franckenfort,
882 1314 986 1357 XII.
1019 1313 1087 1356 die
1121 1314 1238 1366 Maii,
1271 1313 1513 1356 indiccione
1537 1312 1639 1364 XII,
1673 1313 1792 1368 regni
1826 1313 1960 1354 nostri
1993 1327 2103 1353 anno
2127 1312 2249 1353 XIII.

319 1440 406 1476 391.
441 1443 472 1484 a)
499 1455 542 1476 ue
564 1442 611 1474 W.
730 1441 762 1483 b)
789 1442 878 1475 deest
906 1442 951 1474 W.

332 3783 381 3808 u..
409 3781 694 3807 cous'rnunonns
709 3781 744 3804 11.
2070 3758 2115 3791 62
