2558 3970
91 923 125 951 1⁰

698 128 941 166 mmmm!
967 128 1016 165 11.
1040 127 1475 166 cons'rl'rU'rlouss.
1525 129 1626 165 1238.
1674 129 1833 165 Nam.
2281 133 2358 174 231

154 258 208 288 ex
235 243 275 288 Β
311 243 425 288 dedit
451 243 757 289 Winkelmann
797 243 919 287 ‘Acta
955 243 1122 298 imperii
1160 243 1332 287 inedita’
1364 244 1507 295 1,311
1544 258 1612 289 nr.
1633 247 1719 288 350
1741 245 1779 295 Ι,
1820 245 2005 299 exemplo
2043 257 2145 286 usus
2175 245 2365 287 Amdtii.

154 312 331 368 leqibur
367 314 416 356 in
454 313 688 357 adlectione
722 312 993 366 epistolarum
1036 312 1155 355 Pom
1190 312 1241 355 de
1272 313 1414 356 Vincis
1450 314 1521 356 lib.
1554 314 1591 364 I,
1611 315 1682 356 25.
1747 313 1877 357 Verba
1916 314 2138 368 usurpavit
2175 313 2367 355 ηιαηάαἰί

154 381 419 436 principibus
442 381 667 425 Teutomae
695 396 736 424 α.
761 383 885 424 1232.
917 380 1052 424 Mart.
1076 381 1207 432 missi,
1236 395 1369 436 supra
1389 394 1455 424 nr.
1483 383 1574 424 158.
1608 407 1662 413 —-
1694 382 1890 434 Bo'kmer,
1919 382 2020 435 Req.
2043 383 2143 438 imp.
2176 381 2219 433 V,
2239 383 2366 424 2345.

156 452 286 495 2362.
313 452 442 494 2420.
2008 450 2080 496 (P.
2102 453 2224 500 326.)

302 565 579 610 Fridericus·
609 564 693 609 Dei
724 566 867 622 gratia
889 564 1182 608 Romanorum
1215 565 1451 622 imperator
1481 564 1556 607 eth
1587 579 1764 623 semper
1795 573 2018 622 augustus,
2054 566 2292 609 Ierusalem
2325 570 2369 608 et

158 634 308 679 Sicilie
352 648 429 678 rex
470 633 640 678 dilectis
683 633 949 692 principibus
980 634 1092 687 suis,
1132 633 1455 676 venerabilibus
1494 633 1839 691 archiepiscopis
1853 642 1882 687 ⁰,
1929 635 2148 692 episcopis
2186 635 2368 691 aliisque

157 704 338 762 prelatis
369 703 675 755 ecclesiarum,
708 702 932 754 ducibus&
965 702 1308 755 marchionibus,
1340 702 1591 754 comitibus,
1625 702 1883 755 baronibus,
1918 704 2220 761 potestatibus,
2254 704 2366 746 scul-

156 773 271 826 tetis,
310 773 593 831 burgraviis⁸‚
634 772 878 826 advocatis,
919 772 1157 824 iudicibus,
1189 770 1590 822 ministerialibusd,
1625 772 1886 815 officialibus
1931 772 1999 815 et'
2029 773 2231 815 omnibus
2264 779 2371 829 per⁸

159 847 297 886 totum
326 842 555 899 imperium
588 843 835 885 constitutis
869 846 1096 899 presentes
1128 842 1295 884 litteras
1327 841 1604 899 inspecturis,
1638 841 1841 884 fidelibus
1874 843 1979 890 suis,
2011 843 2194 898 gratiam
2219 841 2370 884 suam*

160 916 206 956 et
237 925 364 955 omne
397 910 569 954 bonnm.

307 984 342 1025 1.
385 985 583 1024 Commissi
622 987 730 1024 nobis
767 986 901 1024 celitus
943 998 1033 1022 cura
1075 985 1270 1033 regiminis
1311 980 1377 1022 et’³
1414 986 1639 1034 imperialis,
1684 987 1743 1023 cui
1774 987 1889 1023 dante
1929 987 2089 1023 Domino
2129 987 2372 1033 presidemus,

158 1057 354 1106 fastigium
384 1056 584 1105 dignitatis
615 1057 869 1100 materialem,
901 1068 976 1103 quo
1007 1056 1158 1092 divisim
1190 1068 1212 1092 a
1244 1056 1455 1093 mrdotio
1487 1057 1690 1103 fungimur,
1722 1056 1889 1103 gladium
1919 1057 2096 1093 adversus
2129 1057 2255 1092 hostes
2288 1056 2371 1092 fidei

158 1130 198 1165 et
229 1127 268 1164 in
299 1126 564 1164 exterminium
595 1126 761 1163 heretice
793 1125 995 1172 pravitatis
1027 1125 1185 1172 exigunt
1216 1119 1475 1169 exerendum‘,
1509 1130 1548 1162 ut
1582 1126 1753 1173 vipereos
1785 1127 1939 1173 perfidie
1972 1126 2067 1162 filios
2100 1130 2231 1162 contra
2255 1126 2372 1162 Deum

160 1201 200 1235 et
229 1197 426 1235 ecclesiam
466 1197 712 1241 insultantes,
754 1199 948 1242 tamquam
989 1196 1151 1232 materni
1185 1195 1282 1232 uteri
1315 1207 1544 1239 corrosores,
1588 1195 1625 1231 in
1660 1195 1799 1231 iudicio
1831 1200 1870 1231 et
1903 1195 2051 1231 iustitia
2083 1208 2372 1241 persequamur:

160 1267 348 1305 maleficos
387 1266 512 1303 vivere
558 1277 633 1302 non
676 1266 841 1312 passuri,
882 1277 949 1312 per
989 1278 1149 1312 quorum
1189 1258 1419 1302 scienciam*
1461 1258 1742 1301 seducentem
1783 1265 1942 1301 mundus
1983 1265 2147 1301 inficitur
2188 1269 2225 1300 et
2269 1265 2374 1311 gregi

159 1337 324 1375 fidelium
354 1348 422 1384 per
452 1347 541 1373 oves
571 1328 658 1372 has¹
689 1335 878 1372 morbidas
909 1335 1062 1382 gravior
1092 1334 1277 1382 infligitur
1309 1335 1536 1382 corruptela.

305 1401 343 1443 2.
376 1405 585 1442 statuimus
616 1406 746 1452 itaque
781 1405 1026 1448 sanccientes,
1059 1408 1102 1441 ut
1132 1405 1302 1448 heretici,
1333 1416 1569 1451 quocumque
1602 1404 1753 1440 nomine
1784 1407 2020 1446 ‹senseantun
2055 1404 2277 1449 ubicumque
2310 1416 2377 1450 per

160 1475 359 1523 imperium
390 1474 587 1522 dampnati
617 1474 760 1511 fuerint
790 1474 838 1510 ab
869 1475 1030 1511 ecclesia
1061 1478 1099 1511 et
1131 1475 1290 1511 seculari
1323 1475 1498 1511 iudieio¹¹³
1530 1474 1727 1521 assignati,
1759 1474 2085 1510 animadversione
2108 1473 2237 1509 debita
2269 1473 2374 1519 puni-

161 1548 286 1583 antur.
345 1544 384 1581 Si
414 1544 506 1590 quin
539 1556 626 1581 vero
657 1545 703 1581 de
734 1545 924 1591 predictis,
957 1547 1159 1591 postquam
1191 1545 1333 1581 fuerint
1364 1543 1608 1591 deprehensi,
1641 1543 1766 1580 territi
1798 1546 1899 1580 metu
1932 1543 2064 1579 mortis
2097 1543 2219 1579 redire
2253 1543 2374 1578 volue-

163 1615 267 1652 rint⁰
297 1614 346 1650 ad
376 1613 462 1651 fidei
493 1613 692 1658 unitatem,
723 1614 831 1650 iuxta
861 1614 1062 1650 oenonicas
1093 1614 1310 1650 sanctiones
1333 1614 1381 1650 ad
1403 1614 1590 1660 agendum
1613 1613 1865 1660 penitentiam
1888 1612 2167 1659 imperpetuum
2191 1623 2375 1647 carcerem

162 1677 463 1722 detrudanturl'.

308 1748 349 1790 3.
379 1753 557 1790 Preterea
586 1753 814 1800 quicumque
849 1753 1009 1790 heretici
1039 1753 1182 1800 reperti
1213 1753 1355 1790 fuerint
1386 1753 1424 1789 in
1456 1752 1693 1796 civitatibus,
1736 1751 1859 1798 opidis
1891 1762 1955 1787 seu
1986 1750 2071 1786 aliis
2104 1750 2196 1786 locis
2228 1749 2376 1796 imperii

162 1835 230 1871 per
260 1822 504 1869 inquisitores
535 1823 583 1859 ab
613 1822 825 1870 apostolica
856 1823 943 1860 sede
973 1823 1083 1860 datos
1115 1826 1154 1860 et
1185 1823 1280 1860 alios
1313 1823 1523 1860 orthodoxe
1554 1822 1641 1859 fidei
1672 1822 1866 1863 zelatores,
1899 1821 1951 1856 hii
1985 1820 2050 1866 qui
2081 1819 2378 1856 iurisdietionem

163 1892 301 1930 ibidem
349 1892 551 1930 habuerint
590 1893 639 1928 ad
676 1893 944 1939 inquisitorum
993 1896 1031 1930 et
1072 1893 1230 1930 aliorum
1275 1893 1546 1930 catholicorum
1592 1892 1756 1928 virorum
1800 1890 2094 1927 insinuationem
2143 1902 2207 1926 eos
2248 1901 2381 1935 ‘sapere

163 1964 368 2000 teneantur
397 1965 436 1999 et
467 1970 542 1999 eos
573 1966 705 2010 captos
726 1963 846 1999 artius
868 1963 1068 2006 custodire,
1100 1963 1220 1999 donec
1240 1974 1308 2009 per
1329 1974 1523 1999 censuram
1547 1961 1840 1999 ecclesiasticam
1865 1954 2123 2010 dampnatos
2145 1958 2378 2005 dampnabili

165 2033 315 2070 morte'¹
345 2031 545 2079 perimant,
577 2032 643 2078 qui
674 2032 760 2069 fidei
791 2034 1029 2069 saeramenta
1061 2035 1100 2068 et
1133 2031 1209 2068 vite
1240 2031 1510 2077 dampnabant.

311 2098 349 2139 4.
388 2101 510 2138 Simili
549 2113 700 2148 quoque
742 2113 842 2148 pena
879 2101 996 2148 plecti
1033 2113 1227 2138 censemus
1270 2112 1418 2144 omnes,
1461 2113 1556 2146 quos
1600 2101 1648 2136 ad
1690 2100 1893 2136 fovendum
1933 2098 2186 2135 hereticorum
2219 2108 2381 2133 errorem

166 2171 357 2208 callidus*
386 2171 508 2208 hostis
545 2172 704 2208 suscitat
741 2172 945 2208 advocatos
987 2172 1046 2208 vel
1077 2174 1188 2218 parat
1227 2170 1381 2207 illicitos
1412 2170 1645 2215 defensores,
1686 2169 1849 2205 maxime
1888 2181 1972 2205 eum
2003 2167 2171 2203 facinus*
2202 2178 2295 2212 quos
2328 2165 2380 2200 in-

167 2241 301 2288 quinat
332 2236 475 2288 equet‘,
506 2241 580 2277 nisi
611 2241 821 2278 monitione
851 2241 1064 2288 premissa¹²
1095 2240 1313 2278 destiterint
1341 2243 1379 2276 et
1411 2251 1541 2276 eorum
1573 2239 1650 2276 vite
1683 2239 1859 2276 duxerint
1891 2237 2172 2274 consulendum.

315 2307 354 2348 5.
384 2310 460 2348 Eos
490 2313 664 2358 preterea
694 2311 760 2357 qui
791 2297 1027 2348 convicti'in
1058 2322 1132 2347 uno
1164 2310 1277 2346 1000*
1307 2310 1353 2346 de
1384 2309 1508 2346 heresi
1540 2309 1588 2344 ad
1618 2308 1695 2344 alia
1725 2309 1809 2345 loca
1833 2320 1871 2345 se
1893 2308 2139 2349 transferunt,
2174 2309 2214 2341 ut
2236 2305 2382 2341 cautius

168 2380 318 2428 possint
346 2380 537 2418 effundere
569 2380 670 2417 virus
700 2381 866 2417 heretice
897 2379 1121 2427 pravitatis,
1152 2379 1322 2416 debitam
1352 2391 1545 2416 censemus
1579 2379 1704 2415 subire
1727 2378 1945 2421 vindictam,
1978 2375 2062 2413 ut'r
2094 2388 2204 2423 super
2225 2376 2295 2411 hoc
2317 2387 2384 2421 per

168 2450 269 2488 viros
299 2450 348 2487 ab
379 2451 511 2487 eodem
542 2462 667 2487 errore
698 2462 898 2487 conversos
929 2450 979 2485 ad
1016 2449 1126 2486 fidem
1156 2460 1225 2485 nec
1263 2460 1341 2485 non
1373 2447 1418 2484 et
1448 2460 1516 2495 per
1547 2447 1641 2484 alios
1672 2447 1737 2493 qui
1770 2459 1833 2484 eos
1865 2447 1911 2483 de
1942 2446 2067 2483 heresi
2097 2445 2341 2482 eonvicerunt
2351 2445 2382 2485 ¹,

135 2512 142 2515 ⁷⁷
168 2520 272 2566 quod
301 2522 341 2557 et
369 2520 411 2556 in
438 2520 512 2557 hoc
541 2531 631 2557 oesu
660 2519 899 2557 concedimus
929 2519 1034 2557 licite
1064 2520 1289 2563 faciendum,
1322 2520 1507 2556 evidensy
1538 2519 1801 2556 testimonium
1829 2518 2028 2555 habeatur.

318 2586 358 2627 6.
390 2590 512 2627 Item²
542 2590 677 2627 mortis
707 2589 898 2627 sententie
927 2590 1131 2627 duximus⁸
1160 2589 1400 2633 addicendos,
1433 2590 1466 2626 si
1496 2601 1590 2635 quos
1621 2589 1876 2626 hereticorum
1907 2587 1955 2623 ad
1980 2585 2160 2622 iudicium
2182 2586 2324 2620 tram-os
2346 2583 2385 2619 in

171 2663 341 2697 extremo
371 2660 449 2697 vite
479 2659 647 2706 periculo
677 2660 841 2697 heresim
870 2659 1089 2696 abiurantes
1119 2659 1360 2706 postmodum
1390 2659 1436 2695 de
1468 2659 1564 2695 falso
1585 2659 1798 2695 iuramento
1821 2656 2037 2694 constiterit
2070 2659 2107 2692 et
2129 2655 2200 2691 fide
2223 2653 2383 2690 mentita

170 2723 380 2773 convinci⁶‚
411 2742 457 2766 ac
486 2741 551 2766 eos
581 2729 786 2777 contigerit
816 2730 984 2766 eiusdem
1015 2729 1138 2766 morbi
1169 2731 1420 2776 spontaneam
1451 2728 1642 2765 incurrere
1672 2728 1894 2769 recidivam;
1928 2729 1968 2762 ut
2001 2725 2072 2761 sibi
2104 2722 2383 2770 dampnabilius

170 2799 354 2845 iniqnitas
385 2798 437 2835 sit
465 2799 629 2836 mentita
658 2802 698 2836 et
727 2811 866 2846 penam
894 2799 1066 2836 debitam
1097 2799 1332 2836 mendatium
1362 2810 1439 2835 non
1470 2798 1618 2835 evadat.

317 2863 356 2904 7.
387 2867 507 2906 Omne
535 2869 691 2916 insuper
719 2869 1031 2916 proclamationis
1062 2867 1108 2906 et
1137 2868 1408 2916 appellationis
1449 2867 1673 2905 beneficium
1707 2866 1755 2903 ab
1785 2865 1980 2908 hereticis,
2014 2862 2313 2909 receptatoribus
2345 2863 2385 2897 et

172 2938 385 2975 fautoribus
428 2938 633 2975 eorundem
679 2938 831 2986 penitus
868 2950 1105 2982 amovemus,
1150 2938 1320 2975 volentes
1366 2940 1411 2973 ut
1448 2937 1495 2974 de
1534 2936 1670 2973 finibus
1718 2930 1889 2986 imperii
1899 2936 1928 2981 ⁰,
1974 2934 2014 2970 in
2061 2932 2196 2979 quibus
2239 2942 2386 2977 semper

174 3002 365 3046 existere
396 3001 556 3045 debet‘¹
586 3008 660 3044 fida
689 3008 791 3052 fides,
823 3008 990 3045 heretice
1020 3008 1116 3044 labis
1146 3007 1340 3055 genimina
1370 3007 1491 3044 modis
1524 3006 1697 3043 omnibus
1729 3005 1938 3042 deleantur.

319 3073 358 3114 8.
390 3077 566 3115 Ceterum
594 3078 685 3124 quia
713 3080 859 3124 quanto
889 3078 1035 3114 maiora
1064 3077 1192 3114 divine
1222 3080 1318 3114 nutu
1348 3076 1604 3114 miserationis
1636 3075 1874 3121 aecepirnuse
1905 3076 1942 3109 et
1972 3071 2146 3107 altiorem
2175 3071 2298 3106 locum
2318 3083 2386 3116 pre

176 3147 264 3184 filiis
301 3147 497 3184 hominum
537 3147 769 3192 obtinemus,
809 3150 919 3184 tanto
960 3147 1158 3184 devotiora
1194 3147 1374 3184 debemus
1404 3146 1587 3192 obsequia
1618 3143 1865 3192 gratitudinis
1896 3133 2137 3182 conferentis,
2175 3140 2206 3175 si
2235 3140 2386 3185 quando

313 3255 404 3293 m.
433 3256 464 3299 ⁸)
488 3257 603 3292 Fr-A„
742 3255 778 3301 ι’)
803 3257 895 3291 dem
917 3257 960 3290 B.
1079 3256 1110 3299 θ)
1132 3262 1168 3291 et
1190 3256 1273 3290 aad.
1294 3256 1330 3290 C.
1449 3254 1482 3297 ὅ)
1506 3256 1599 3289 deest
1621 3254 1663 3288 Β.
1782 3253 1813 3295 ⁶)
1845 3251 2027 3296 burganiis
2043 3250 2088 3283 A.
2109 3249 2153 3291 C,·
2186 3250 2387 3283 scultetis

175 3316 429 3360 burgraviis
451 3315 522 3349 des.
538 3314 582 3348 Β.
675 3313 710 3354 ¹)
735 3325 869 3349 necnon
893 3319 928 3348 et
951 3314 994 3347 Β.
1070 3315 1106 3356 s)
1126 3325 1197 3356 pro
1221 3325 1281 3358 per
1303 3319 1413 3348 totum
1437 3313 1620 3357 imperium
1635 3311 1686 3345 B.-
1709 3311 1816 3344 aliis
1841 3320 1912 3354 per
1934 3318 2110 3352 regnum
2134 3307 2387 3340 Arelatense

107 3379 143 3406 4⁵
178 3378 219 3408 et
240 3373 496 3407 Viennense.
609 3371 645 3416 ¹¹)
669 3372 761 3407 deest
777 3372 821 3405 A„
938 3371 965 3414 i)
990 3372 1219 3406 exercendum
1235 3372 1281 3404 A.
1299 3371 1343 3404 B.
1459 3369 1494 3412 k)
1520 3369 1726 3404 sententiam
1755 3368 1792 3401 C.
1907 3364 1934 3408 ¹)
1959 3366 2051 3399 deest
2073 3364 2118 3397 B.
2137 3364 2173 3398 C.
2266 3363 2311 3407 ¹¹¹)
2335 3365 2388 3397 iu-

178 3431 247 3465 diei
271 3431 308 3466 0.
421 3428 459 3474 ΙΙ)
481 3431 560 3474 quis
583 3429 628 3464 B.
766 3430 800 3473 ⁰)
827 3431 974 3464 voluerit
996 3429 1040 3463 B.
1179 3429 1213 3471 P)
1237 3429 1438 3463 detrudatur
1461 3427 1506 3461 B.
1646 3426 1682 3468 q)
1705 3435 1799 3458 more
1825 3424 1862 3458 C.
1976 3423 2006 3462 ι’)
2030 3422 2182 3456 callidi
2198 3422 2251 3460 A,·
2273 3421 2387 3455 mmai

178 3488 611 3523 humamanam-458.
750 3487 1071 3529 ⁸)saeimusA.a
1210 3485 1493 3530 ¹)equatB.C.
1644 3481 1890 3527 u)previac.
2029 3479 2386 3521 ''jfuerintaddA.

177 3545 221 3588 v)
245 3546 304 3580 vel
324 3545 376 3584 B:
399 3546 461 3580 ubi
483 3557 539 3579 nr.
555 3547 631 3580 158.
723 3544 758 3589 x)
781 3546 1030 3579 convincemnt
1046 3546 1098 3584 A;
1121 3545 1359 3579 convincerint
1374 3543 1418 3577 Β.
1513 3542 1548 3585 1)
1573 3548 1614 3576 et
1637 3541 1833 3575 eiusdem
1857 3538 1910 3578 A,-
1931 3543 1979 3572 ut
2001 3543 2154 3571 contra
2177 3537 2318 3569 eodem
2343 3535 2388 3590 Β.

176 3602 211 3646 ¹)
235 3603 329 3637 deest
349 3602 393 3636 Β.
509 3602 542 3644 ⁸)
566 3603 670 3636 finem
693 3603 852 3637 ducimus
875 3602 918 3636 B.
1059 3602 1093 3645 ι’)
1118 3603 1269 3637 oenvicti
1294 3602 1339 3635 A,
1481 3600 1514 3643 ὓ)
1539 3599 1817 3634 Arelatensis
1840 3603 1881 3631 et
1903 3594 2170 3629 Viennensis
2192 3593 2320 3637 regni
2342 3591 2386 3625 Β.

110 3666 147 3692 50
180 3658 217 3703 ³)
241 3660 343 3694 debet
365 3661 513 3694 existere
539 3660 583 3699 C,·
605 3661 831 3694 consuevit
853 3661 1000 3699 existere
1024 3660 1069 3694 B.
1187 3660 1218 3701 θ)
1241 3660 1475 3704 acceperimus
1499 3657 1544 3691 A.
1661 3655 1695 3698 ἴ)
1720 3657 1811 3690 conf.
1835 3659 1926 3699 grat.
1943 3652 1988 3686 Δ.

320 3733 371 3757 υ..
396 3731 680 3758 mmmm
703 3733 738 3757 u.
2069 3712 2114 3746 36
