2558 3970
88 1243 119 1266 10

86 1588 116 1612 15

84 2286 116 2311 25

86 2631 119 2657 30

88 2976 120 3001 35

662 158 876 193 HEINRICI
907 159 1042 195 REGIS
1069 160 1497 195 c(›NS'1‘1'1'[5'1'10NE.<.
1552 162 1646 196 12:34.
1699 162 1758 196 ΝΥ.
1777 164 1854 197 322.
2270 167 2342 205 431

353 420 482 489 322.
538 418 1147 489 ENOYOEAOA
1206 419 1636 489 (ὉΝῚἬΑ
1704 420 2149 492 PATREM.

1039 545 1231 601 (1234.)
1272 545 1403 602 sept.
1430 545 1474 590 ι).

299 687 428 729 Dedit
475 688 689 731 Schamzat
738 691 782 730 in
827 690 1052 730 Vindcmi‘is
1096 690 1298 730 litorariis
1348 690 1381 737 I,
1417 693 1495 729 19⁸
1542 703 1605 730 nr.
1639 695 1693 729 51⁵5!
1739 707 1758 729 υ
1803 691 1932 732 codice
1978 707 2049 731 sem
2093 693 2349 745 Μυῃαηίίιιο,

155 758 182 798 i.
207 772 238 799 e.
271 758 453 810 copim-io
483 758 671 800 ecclesiae
702 759 1090 801 Ililcleshcinimisis.
1134 759 1178 798 in
1209 773 1287 810 qno
1318 759 1424 799 (Ζιιαυ
1458 760 1623 799 inermi!
1656 760 1853 801 Ιαιτιωιας.
1892 775 1997 811 quas
2028 762 2158 802 cclilor
2185 764 2351 814 maneti>-

161 826 371 868 indicavit.
406 851 459 856 -—
491 825 947 870 Huillm-cl-Breholles
971 827 1050 876 IV,
1074 832 1168 868 6³2.
1233 827 1422 876 Biilimcr,
1457 827 1555 880 Itcgs.
1592 829 1683 879 imp.
1722 828 1761 869 l'.
1785 831 1912 871 4348.
1981 829 2050 872 (P.
2073 831 2214 876 (locs-t.)

297 952 570 1008 H(einricus)
608 953 690 994 Dei
723 955 861 1008 gratia
894 955 1188 996 Romanorum
1224 969 1299 995 rex
1335 962 1377 995 et
1412 969 1580 1010 semper
1620 961 1831 1010 augustus
1865 955 2021 996 dilecto
2057 957 2238 1012 principi
2274 973 2348 998 suo

157 1021 395 1077 C(onrado)
428 1023 667 1064 venerabili
701 1021 1076 1065 Hildesheimensi
1110 1023 1312 1079 episcopo
1344 1024 1526 1078 gratiam
1562 1038 1684 1064 suam
1718 1028 1759 1064 et
1795 1038 1918 1065 omne
1955 1025 2124 1066 bonum.

295 1090 360 1147 (l)
400 1091 569 1134 Recolit
609 1092 736 1147 plene
776 1092 1000 1134 sinceritas
1041 1096 1114 1133 tua
1146 1106 1224 1134 nec
1258 1107 1283 1133 a
1316 1093 1521 1134 memoria
1553 1092 1765 1134 credimus
1799 1108 1894 1134 esse
1927 1094 2115 1149 lapsum.
2160 1095 2343 1150 qualiter

156 1160 459 1202 serenissimus
499 1160 696 1202 dominus
735 1161 967 1217 imperator
1005 1167 1129 1217 pater
1170 1167 1316 1203 noster
1355 1161 1407 1202 ad
1441 1162 1606 1217 apicem
1649 1163 1771 1217 regni
1804 1163 2062 1204 Alemannie
2098 1164 2137 1204 in
2172 1164 2348 1220 imperio

156 1230 196 1272 ei
234 1229 419 1272 feliciter
465 1244 743 1272 successuros
786 1230 839 1273 de
880 1235 1062 1286 paterne
1107 1230 1352 1273 dilectionis
1397 1231 1691 1273 benivolentia
1731 1237 1771 1273 ct
1810 1233 2048 1288 principum
2091 1234 2231 1288 gratia
2276 1249 2350 1274 nos

153 1300 380 1356 promovit.
445 1299 639 1356 Cumque
672 1301 790 1342 filiali
820 1302 1089 1351 reverentia,
1131 1305 1176 1341 ut
1209 1305 1421 1345 tenemur,
1464 1301 1785 1343 intenderemus
1822 1302 1903 1342 hnc
1938 1316 2074 1357 usque
2109 1303 2240 1357 ipsius
2275 1318 2351 1358 per

153 1369 295 1410 omnia
341 1368 628 1425 beneplacitis
678 1376 720 1411 et
770 1369 1004 1421 mandatis,
1061 1370 1314 1412 insistentes
1366 1371 1547 1412 sollicite
1589 1403 1896 1412 ..........
1949 1371 2089 1412 cordis
2135 1371 2350 1413 desiderio

154 1437 417 1490 affectando,
460 1439 604 1480 omnia
645 1452 726 1494 que
760 1440 938 1481 fecimus
971 1439 1013 1479 in
1046 1439 1320 1481 Allemannia
1364 1439 1493 1495 digna
1535 1440 1677 1480 relatu
1727 1444 1769 1481 ot
1808 1440 1984 1480 consilio
2027 1441 2265 1495 principum
2308 1447 2350 1481 ot

153 1506 359 1548 baronum
402 1507 455 1549 ad
497 1513 778 1563 augmentum
819 1508 986 1564 imperii
1031 1508 1325 1564 disposuimus
1368 1514 1410 1550 et
1450 1508 1503 1550 ad
1545 1509 1879 1564 promovendum
1921 1509 2186 1551 serenissimi
2219 1511 2349 1564 patris

153 1577 289 1618 nostri
326 1577 597 1618 commodum
635 1582 676 1618 et
716 1577 933 1619 honorem.
1053 1577 1115 1632 (2)
1156 1577 1288 1619 Novit
1332 1579 1443 1620 enim
1486 1578 1714 1634 prudentia
1762 1585 1854 1622 tua,
1896 1578 2106 1634 quomodo
2153 1578 2349 1620 dominus

150 1659 265 1702 papa
310 1651 482 1703 sumpta
532 1648 757 1689 occasione
802 1647 978 1690 volebat
1018 1646 1238 1690 dominum
1280 1662 1328 1689 ac
1381 1652 1546 1704 patrem
1601 1652 1799 1689 nostrum
1845 1663 1928 1689 non
1979 1649 2113 1689 solum
2155 1663 2349 1703 gravare.

151 1728 299 1757 verum
343 1715 475 1758 etiam
515 1715 569 1758 ab
611 1717 846 1772 imperialis
890 1717 1064 1759 honoris
1104 1718 1289 1759 culmine
1333 1717 1571 1773 deponere,
1618 1717 1670 1759 ad
1708 1718 1788 1759 hoc
1823 1718 1937 1758 omni
1970 1718 2143 1772 ingenio
2177 1722 2218 1758 et
2252 1718 2349 1758 totis

151 1783 314 1825 viribus
359 1785 606 1841 aspirando.
676 1785 756 1827 Cui
789 1799 867 1828 nos
910 1791 1110 1842 patenter
1143 1792 1185 1829 et
1217 1791 1416 1842 potenter
1449 1787 1692 1828 resistimus
1735 1791 1778 1828 et
1810 1800 1886 1827 nos
1920 1787 2215 1842 opposuimus.
2250 1787 2346 1828 sub-

149 1852 373 1896 mittentes
414 1855 606 1911 periculo
647 1869 897 1911 personam,
942 1870 1009 1897 res
1048 1856 1210 1911 pariter
1242 1861 1285 1898 et
1323 1856 1544 1898 honorem.
1614 1855 1671 1897 Et
1703 1870 1799 1897 cum
1832 1870 1961 1912 super
1994 1855 2145 1898 eodem
2179 1857 2350 1911 negotio

153 1922 352 1965 dominus
386 1922 468 1965 Oto
502 1924 731 1966 cardinalis
764 1925 991 1981 legationis
1023 1926 1162 1967 officio
1194 1926 1445 1981 specialiter
1480 1926 1521 1966 in
1566 1925 1758 1981 partibus
1796 1911 2053 1967 Alamannie
2086 1926 2350 1980 fungeretur,
2389 1948 2541 1973 ,γέμω

151 1991 595 2050 archiepiscoporum,
639 1995 937 2050 episcoporum
981 2000 1023 2036 et
1066 1995 1243 2036 aliorum
1275 1995 1538 2050 prelatorum
1579 1995 1809 2050 colloquia,
1843 2010 1924 2049 que
1957 1994 2009 2036 ad
2043 1994 2353 2036 incommodum

149 2062 283 2117 patris
324 2063 459 2104 nostri
491 2063 604 2105 idem
643 2063 872 2105 cardinalis
905 2063 1139 2115 indixerat,
1184 2078 1259 2120 pro
1293 2078 1421 2120 posse
1455 2069 1497 2105 et
1530 2078 1658 2106 nosse
1702 2064 1884 2106 fecimus
1918 2064 2139 2120 impediri;
2180 2068 2356 2119 propter

151 2130 263 2187 quod
304 2145 390 2174 non
428 2132 565 2174 solum
608 2133 791 2189 predicti
832 2133 987 2188 legati,
1033 2147 1182 2175 verum
1225 2134 1353 2175 etiam
1395 2132 1558 2174 domini
1598 2146 1709 2190 pape
1754 2138 1796 2175 et
1837 2133 2120 2175 cardinalium
2163 2133 2353 2174 omnium

152 2199 490 2256 indignationem
535 2203 839 2258 gravissimam
884 2202 1161 2254 incurrimus,
1219 2203 1330 2244 sicut
1377 2202 1507 2244 etiam
1556 2202 1824 2258 principibus
1871 2202 2070 2244 omnibus
2120 2217 2203 2244 non
2252 2200 2349 2257 [esti

154 2269 358 2325 ignotum.
451 2269 515 2326 (3)
550 2270 618 2312 Ad
650 2272 730 2313 hec
762 2286 858 2313 cum
882 2271 1140 2313 Ludewicus
1173 2271 1275 2313 olim
1306 2270 1394 2312 dux
1416 2270 1603 2312 Bavarie
1636 2271 1807 2313 domino
1840 2278 1883 2313 et
1912 2273 2023 2327 patri
2053 2276 2196 2314 nostro
2219 2286 2349 2328 oppo-

153 2339 312 2382 suisset
345 2354 391 2381 se
425 2354 519 2381 cum
554 2341 642 2382 suis
675 2340 911 2382 fautoribus
944 2340 1186 2391 manifeste,
1221 2354 1298 2382 nos
1333 2340 1513 2382 collecto
1548 2341 1741 2382 exercitu
1775 2355 1869 2382 cum
1901 2355 1985 2382 non
2018 2341 2183 2383 modico
2210 2356 2347 2383 rerum
2390 2364 2461 2388 1229.
2485 2365 2555 2386 λαμ,

152 2413 396 2451 nostrarum
427 2409 655 2466 dispendio
688 2415 847 2452 terram
880 2424 1002 2452 suam
1035 2409 1256 2451 hostiliter
1287 2409 1567 2465 ingrediendo
1602 2411 1829 2465 coegimus
1864 2425 1981 2462 eum,
2014 2409 2129 2465 quod
2161 2424 2184 2450 a
2218 2424 2348 2451 vexa-

152 2478 266 2520 tione
301 2482 344 2520 et
375 2479 620 2521 resistentia
650 2480 784 2536 patris
817 2480 951 2521 nostri
984 2479 1149 2521 destitit
1181 2484 1225 2521 et
1256 2479 1464 2527 cessavit;
1498 2493 1548 2520 ac
1582 2479 1757 2522 obsides
1797 2479 1897 2522 dare
1930 2481 2190 2536 promiserat
2223 2493 2352 2534 super

153 2561 223 2599 eo,
266 2548 368 2590 licet
409 2548 684 2604 postmodum
732 2549 872 2591 causis
919 2549 1014 2590 aliis
1057 2549 1381 2604 emergentibus
1426 2562 1509 2590 non
1549 2548 1730 2591 dederit.
1803 2548 1896 2596 Quo
1941 2550 2054 2590 facto
2098 2548 2260 2590 reversi
2294 2547 2346 2588 de

153 2615 354 2660 Bawaria
385 2632 480 2660 eum
512 2618 747 2674 triumpho,
787 2618 917 2659 alium
951 2618 1202 2673 collegimus
1236 2618 1474 2659 exercitum
1507 2617 1560 2658 ad
1594 2617 1879 2659 obsidendum
1913 2617 2026 2673 apud
2059 2617 2342 2673 Argentinam
2385 2634 2458 2660 ην).
2481 2636 2552 2659 ιω.

151 2686 391 2741 predictum
425 2687 707 2739 cardinalem,
741 2687 814 2743 qui
843 2692 890 2728 ut
921 2687 1083 2729 dictum
1117 2691 1182 2729 est
1212 2686 1529 2728 Allemanniam
1571 2687 1806 2729 intraverat
1837 2687 1891 2728 ad
1922 2686 2275 2742 impedimentum
2308 2690 2350 2726 et

152 2755 492 2798 humiliationem
534 2757 811 2813 imperatorie
851 2757 1106 2798 maiestatis.
1169 2756 1481 2798 Verumtamen
1522 2756 1575 2797 ad
1618 2757 1867 2797 instantiam
1908 2762 1949 2797 et
1981 2756 2206 2797 consilium
2241 2756 2346 2795 mul—

153 2830 290 2867 torum
331 2826 592 2882 principum,
640 2827 841 2868 videlicet
881 2825 1305 2882 archiepiscoporum
1338 2829 1381 2867 et
1413 2826 1713 2881 episcoporum
1747 2831 1790 2867 et
1822 2825 1952 2866 etiam
1987 2829 2235 2879 magnatum
2269 2824 2344 2863 im-

152 2893 282 2949 perii,
333 2895 540 2937 solvimus
591 2896 829 2938 exercitum
880 2900 1071 2937 nostrum
1124 2899 1167 2936 et
1213 2894 1453 2935 dimisimus
1501 2894 1574 2935 illa
1620 2895 1714 2936 vice
1759 2927 2000 2936 ........
2042 2893 2263 2934 laboribus
2306 2899 2347 2934 et

157 2965 373 3020 expensis.
494 2964 560 3020 (4)
605 2965 720 3007 Sane
760 2979 855 3006 cum
900 2968 1077 3021 propter
1117 2977 1270 3005 causas
1311 2962 1518 3018 quasdam
1563 2964 1700 3005 iunior
1731 2963 1817 3004 dux
1850 2963 2076 3004 Bawarie¹
2118 2962 2344 3003 manifeste

155 3046 202 3074 se
235 3039 474 3090 opponeret
504 3035 615 3090 patri
643 3038 805 3084 nostro,
838 3033 1078 3075 exercitum
1102 3032 1355 3087 collegimus
1387 3032 1543 3073 iterato
1567 3038 1715 3074 contra
1738 3032 1936 3083 eundem,
1970 3037 2184 3072 arctantes
2207 3031 2344 3086 ipsum
2380 3047 2454 3072 123³.
2476 3045 2549 3077 Aug.

153 3102 255 3145 dare
287 3103 484 3145 obsidem
516 3104 651 3146 filium
674 3117 812 3153 suum,
847 3103 923 3144 tali
947 3102 1141 3143 adhibito
1164 3100 1443 3143 laudamento
1468 3101 1579 3157 quod
1603 3116 1822 3157 nunquam
1847 3116 1892 3142 se
1917 3115 2134 3157 opponere
2159 3105 2342 3155 attemp-

154 3175 267 3214 taret
298 3172 575 3229 imperatorie
607 3173 675 3214 vel
707 3173 826 3229 regie
859 3171 1089 3213 maiestati.
1210 3170 1276 3226 (5)
1307 3170 1493 3213 Demum
1519 3171 1665 3213 habito
1691 3172 1767 3212 tali
1789 3170 2004 3225 triumpho
2030 3169 2083 3210 de
2105 3170 2198 3224 ipso
2222 3168 2342 3219 duce,

153 3240 207 3282 ad
239 3242 463 3284 consilium
505 3242 748 3299 principum
781 3246 825 3283 et
857 3244 1106 3296 magnatum
1139 3254 1215 3296 pro
1258 3254 1365 3295 pace
1399 3244 1441 3280 et
1472 3240 1780 3295 tranquillitate
1822 3240 1960 3294 patrie
1994 3237 2270 3280 reformanda
2303 3241 2344 3278 et

155 3323 229 3364 pro
272 3311 370 3352 aliis
411 3311 665 3366 urgentibus
707 3311 901 3367 negociis
948 3325 998 3351 ao
1045 3309 1295 3352 nominatim
1340 3308 1394 3350 ad
1438 3308 1737 3365 extirpandam
1785 3308 2023 3350 hereticam
2068 3307 2339 3362 pravitatem,

154 3378 434 3435 sollempnem
467 3380 628 3422 curiam
659 3380 774 3437 apud
805 3379 1096 3421 Frankenfort
1127 3378 1438 3420 celebravimus
1472 3378 1677 3432 gloriose,
1720 3377 1792 3418 ubi
1825 3380 1946 3418 tanta
1977 3380 2069 3417 erat
2099 3375 2337 3430 principum
2378 3394 2452 3419 123⁴.
2473 3390 2545 3418 Feb.

154 3448 403 3502 multitudo,
445 3449 582 3505 qualis
627 3449 753 3506 longe
795 3464 820 3491 a
861 3448 1085 3491 retroactis
1126 3446 1392 3503 temporibus
1433 3460 1517 3487 non
1557 3451 1623 3487 est
1654 3447 1757 3488 visa.
1829 3446 1880 3486 In
1912 3460 1996 3501 qua
2028 3445 2146 3486 curia
2184 3444 2340 3485 multas

153 3516 445 3560 intelleximus
478 3519 766 3574 querimonias
799 3519 852 3561 de
885 3518 1037 3560 castris
1069 3521 1111 3558 et
1142 3516 1450 3558 munitionibus
1481 3515 1589 3567 aliis,
1622 3514 1675 3556 de
1708 3515 1862 3570 quibus
1895 3515 2041 3570 rapine
2065 3518 2107 3556 et
2138 3512 2339 3554 incendia

154 3586 245 3627 fieri
282 3593 615 3640 consueverunt,
658 3593 701 3630 et
741 3587 931 3629 dictante
972 3586 1187 3628 sententia
1226 3584 1468 3640 principum
1509 3588 1552 3625 et
1583 3584 1765 3625 aliorum
1804 3583 2011 3625 nobilium
2052 3582 2337 3623 deffinivimus

291 3690 325 3732 1)
353 3687 432 3724 Otto
456 3689 510 3725 II.
