2558 3970
107 907 139 932 10

107 1259 138 1284 15

107 1609 141 1636 20

109 1954 142 1982 2⁵

120 3470 153 3494 50

710 151 954 187 FRIDERICI
978 152 1025 188 Il.
1052 152 1490 189 CONSTITUTIONES.
1542 154 1640 189 1245.
1691 153 1753 189 Nr.
1771 155 1849 190 262.
2301 158 2382 198 363

175 269 342 320 dicitur,
376 269 544 324 aliquim
578 272 711 309 testes
748 269 895 323 iniqui,
930 273 1022 310 set¹¹
1056 269 1179 310 valde
1214 272 1433 326 perpauci.
1469 284 1648 325 quorum
1684 278 1844 311 unum0
1878 272 2009 312 veluti
2041 270 2381 313 Calinensen11‘·¹

175 339 448 396 episcopum,
482 338 590 383 suis,
623 337 757 379 fratre
792 337 995 380 videlicet
1028 343 1070 379 et
1101 344 1280 394 nepote.
1322 352 1398 394 per
1430 352 1509 380 nos
1544 354 1597 380 ex
1632 353 1761 380 causa
1796 340 2079 394 proditionisq
2113 340 2167 381 ad
2200 355 2381 397 suspen-

177 407 293 450 dium
324 407 536 463 legittime
559 406 901 462 condempnatis,
935 407 1101 448 offensa
1123 407 1394 448 rationabilis
1418 408 1540 448 nobis
1565 408 1752 449 reddidit
1776 408 1971 449 odiosum
1996 415 2062 450 ctr
2095 410 2228 450 iuste⁸
2254 424 2380 465 prop-

175 481 298 520 terea
330 475 645 532 repellendum,
677 475 867 531 aliquos‘
901 479 1106 531 tanquam
1142 490 1197 517 ex
1222 476 1414 517 ultimisu
1447 477 1641 531 partibus
1666 476 1881 532 Hispanie
1914 478 2192 533 prodeuntes,
2227 478 2382 520 Tarra-

178 545 447 602 gonensem²
481 545 674 586 scilicetv
708 549 751 585 et
784 542 1197 599 Compostelanum³
1230 545 1466 595 antistites,
1507 547 1822 600 negociorumw
1856 545 1999 588 Ytalie
2033 548 2220 588 natalis¹
2253 554 2383 589 zoney

176 615 467 671 longinquitas
501 614 687 656 insciosz
720 618 763 656 et
795 613 995 655 eosdem*
1028 627 1244 655 venenose
1274 613 1594 655 subornationis
1629 614 1817 655 inductio
1853 622 1994 656 nostre
2030 617 2197 657 iusticie
2232 616 2384 657 fecit·'

174 683 369 726 infestos,
489 682 555 739 (5)
587 682 724 724 Estob
756 687 997 739 pretereac,
1032 682 1145 738 quod
1178 682 1380 738 legittimi
1414 683 1573 724 fuerint
1605 683 1944 725 subsistentibus
1983 686 2166 726 testibus
2200 692 2321 726 actor
2343 692 2384 727 et

172 752 326 795 iudex:
371 751 509 795 defuit
549 752 762 802 tertius⁰·,
804 752 877 808 qui
909 752 979 793 vel
1020 766 1201 807 presens
1243 752 1311 794 vel
1345 753 1656 793 contumaciter
1688 752 1845 794 absens
1890 754 2125 795 secundum
2171 755 2382 795 iusticiam

173 821 325 864 debuit
357 821 679 877 condempnari.
743 820 872 862 Citati
905 820 1124 876 namqued
1155 820 1198 861 in
1230 820 1524 876 predicatione
1550 835 1628 861 sua
1653 821 1911 876 Lugdunum
1927 829 1955 865 ⁸.
1990 824 2099 864 sicut
2123 823 2380 866 audivimus.

177 891 278 933 licet
309 904 486 947 prorsus
509 890 753 932 informiter
774 915 829 920 —
852 888 1080 931 videlicetf
1111 889 1225 945 quod
1259 890 1339 946 ipsi
1364 890 1544 931 citanti&
1576 890 1648 931 eth
1673 890 1782 935 aliis.
1817 891 1946 932 nullis
1978 892 2159 932 aliorum
2184 892 2384 933 omnino¹¹

172 961 370 1016 personis
402 965 477 1002 aut
509 959 674 1002 causisi
706 960 948 1016 expressis,
989 958 1145 1000 facturi
1177 960 1393 1001 iusticiam
1428 958 1720 1002 deberemusk
1754 974 1830 1015 per
1863 974 1939 1000 nos
1974 961 2040 1001 vel
2075 961 2171 1016 per¹
2208 976 2384 1016 respon-

174 1030 286 1072 sales
331 1029 527 1085 ydoneos
575 1042 825 1085 comparere
859 1052 913 1059 —
945 1033 1169 1084 presentes
1216 1043 1292 1085 pro
1333 1035 1451 1070 certo
1493 1043 1576 1070 non
1623 1029 1780 1070 fuimus
1823 1029 1898 1070 sed
1945 1044 1998 1070 ex
2043 1031 2205 1070 iustis-¹¹¹
2250 1032 2388 1071 causis

175 1099 397 1149 absentes,
439 1098 522 1140 ad¹¹
553 1112 732 1154 quarum
765 1098 1074 1154 allegationem
1109 1097 1286 1139 admissi
1321 1099 1458 1139 nostri
1492 1099 1767 1154 responsales
1813 1099 2013 1153 legittimi
2048 1113 2131 1140 non
2166 1100 2387 1141 fuerunt¹¹2

174 1182 256 1211 nec
288 1168 494 1211 absentes
537 1168 851 1210 contumaciter
890 1168 1070 1219 fuimus,
1115 1182 1211 1209 cum
1245 1173 1392 1224 preter
1425 1167 1486 1221 id,
1531 1167 1644 1224 quod
1686 1168 1828 1209 null-<2⁰
1863 1168 1994 1209 fuerit
2027 1169 2199 1210 citacio.
2244 1174 2291 1210 ut
2323 1179 2387 1211 est

179 1238 360 1289 dictum,
397 1237 629 1280 terminum
669 1238 1049 1293 peremptoriuml',
1095 1243 1223 1293 prout
1255 1237 1358 1279 ordo
1401 1238 1506 1279 iuris
1549 1238 1839 1293 expostulata.
1884 1237 2036 1278 citacio
2077 1252 2162 1278 non
2196 1237 2388 1279 haberet.

174 1312 325 1364 prout*
357 1306 581 1348 citacionis
620 1306 760 1347 forma
792 1306 1060 1363 principibus
1103 1312 1148 1348 et
1185 1308 1365 1363 prelatis
1406 1307 1539 1348 missa
1579 1320 1655 1363 per
1698 1307 1865 1348 litteras
1902 1306 2126 1348 evidenter
2159 1307 2385 1348 ostenditr.

176 1376 503 1419 Contumaciam
535 1379 728 1417 nostram
760 1380 963 1432 preterea
995 1375 1193 1431 magistri
1230 1375 1364 1416 Tadei
1397 1375 1450 1417 de
1486 1375 1673 1417 Suessa⁸
1706 1389 1863 1431 magne
1899 1376 2017 1416 curie
2052 1382 2196 1417 nostre
2224 1375 2388 1417 iudicis.

175 1446 344 1488 dilectit
374 1446 514 1489 fidelis
546 1447 697 1498 nostri,
731 1445 1057 1502 procuratorisu
1090 1445 1266 1501 plenum
1291 1444 1541 1486 mandatum
1566 1452 1763 1495 excusat,
1798 1446 1918 1486 cuius
1944 1446 2178 1486 auctoritas
2203 1452 2291 1486 exv
2324 1459 2388 1486 e0.

176 1515 288 1572 quod
320 1519 504 1558 contraW
536 1529 615 1558 nos
647 1529 732 1556 non
766 1528 822 1556 ex
854 1514 1053 1556 civilibus
1087 1513 1163 1556 sed
1197 1529 1252 1556 ex
1286 1513 1581 1555 criminalibus
1615 1515 1670 1555 sit
1712 1527 1964 1570 processum
2000 1520 2165 1570 atquew
2198 1514 2389 1555 frustra¹

176 1590 458 1642 procuratory
498 1585 823 1637 intervenerit²‚
863 1584 1114 1626 nullatenus
1148 1588 1391 1634 enervatur,
1435 1597 1530 1625 cum
1563 1584 1702 1640 ipsius
1737 1584 1951 1625 citationis
1985 1589 2122 1626 tenor.
2168 1591 2279 1639 qua⁸
2312 1597 2390 1625 nos

175 1660 250 1697 aut
280 1660 584 1712 procuratores
617 1660 787 1696 nostros
820 1655 1001 1710 exigitb,
1033 1654 1266 1696 manifeste
1293 1654 1557 1695 contrarium
1588 1653 1783 1695 dedisset
1816 1654 2014 1708 intelligi.¹
2050 1653 2253 1694 videlicet
2278 1652 2389 1708 quod

176 1729 322 1766 contra
363 1738 441 1766 nos
487 1738 573 1766 non
619 1724 900 1765 criminaliter
951 1729 1018 1766 set
1070 1723 1281 1765 civiliterc
1328 1723 1484 1764 fuisset
1529 1722 1759 1778 agendum.
1881 1722 1946 1777 (6)
1998 1723 2210 1764 Predictis
2261 1723 2391 1764 etiam

176 1793 375 1836 omnibus
407 1793 572 1849 absque
605 1798 753 1835 nostre
777 1793 946 1835 iusticie
979 1791 1247 1849 preiudiciod
1271 1793 1650 1848 circumscriptise,
1686 1792 1820 1834 datos.
1856 1792 1968 1848 quod
2005 1792 2393 1833 manifestissime&

174 1863 383 1905 fuerimus
434 1868 734 1916 contumaces,
785 1877 871 1905 non
917 1868 985 1905 est
1031 1862 1145 1905 istah
1184 1863 1400 1918 legittima
1447 1863 1719 1904 contumacie
1765 1876 1896 1918 pena,
1945 1862 2058 1918 quod
2101 1861 2272 1903 delatus
2318 1866 2391 1902 aut

178 1937 407 1976 accusatus
440 1939 484 1976 et
516 1938 765 1985 contumaX,
798 1933 986 1990 privatoi
1019 1934 1088 1975 vel
1121 1933 1295 1989 publico
1320 1933 1480 1975 iudicio
1505 1931 1651 1974 nullok
1684 1931 1737 1974 de
1772 1946 1849 1973 sua
1873 1946 2004 1973 causa
2028 1931 2238 1981 discusso,
2273 1930 2393 1972 ante¹

178 2008 350 2060 ceptum
382 2004 463 2045 rite
496 2003 704 2045 iudicium
745 2009 861 2060 pernn
894 2001 1168 2044 diffinitivam
1211 2003 1474 2044 sententiam
1508 2001 1656 2044 debeti
1689 2001 2012 2058 condempnari.
2077 2001 2216 2043 Sunt¹³
2252 2001 2394 2042 enim⁰

177 2072 260 2113 alie
282 2072 326 2114 in
349 2072 538 2114 talibusp
561 2073 879 2114 contumacium
901 2086 1015 2128 pene
1041 2072 1237 2114 civilibus
1254 2080 1272 2103 <³
1295 2072 1468 2128 legibus
1493 2079 1536 2114 et
1559 2071 1801 2113 canonicisr
1826 2071 2085 2113 introducte.
2171 2069 2236 2126 (Ἰ)
2259 2069 2393 2111 Deni-

178 2155 260 2197 que
308 2143 469 2199 posito,
519 2141 632 2198 quod
677 2142 822 2183 omnia
869 2141 1067 2197 predicta
1112 2143 1215 2184 iuris
1261 2141 1490 2198 presidia⁸,
1541 2142 1642 2183 licet
1684 2140 2020 2196 irrefragabilia,
2071 2154 2199 2182 cause
2246 2146 2393 2181 nostre

318 2244 406 2281 262.
438 2246 482 2289 ω)
510 2247 600 2281 deest
617 2246 650 2279 A
667 2246 699 2280 2.
726 2245 758 2280 3.
854 2246 888 2290 ¹²)
915 2247 970 2279 vel
985 2247 1018 2279 A
1038 2246 1068 2279 1.
1164 2247 1194 2287 0)
1220 2257 1310 2279 unus
1331 2246 1372 2284 C,·
1399 2246 1573 2289 aliquos
1592 2244 1634 2277 Β.
1729 2244 1763 2286 1³)
1791 2244 2009 2278 Galinensem
2031 2244 2074 2285 C;
2098 2244 2292 2277 Galiensem
2316 2244 2346 2276 A
2365 2242 2396 2276 2.

180 2305 212 2345 q)
235 2305 439 2349 perdicionis
468 2305 502 2338 Ο.
631 2304 661 2346 r)
693 2310 732 2338 et
758 2323 800 2329 —-
826 2305 1125 2349 repellendum
1151 2304 1216 2337 des.
1238 2302 1320 2337 A4.
1347 2303 1388 2335 Β.
1520 2303 1547 2345 Β)
1580 2304 1654 2336 iure
1681 2301 1713 2334 A
1731 2301 1762 2336 3.
1889 2302 1914 2339 t}
1950 2302 2035 2335 alios
2061 2301 2142 2335 212.
2169 2301 2200 2334 3.
2227 2302 2260 2334 Β
2280 2300 2396 2341 1-3;

178 2363 312 2407 aliquos
336 2363 474 2397 vere‘B
489 2362 522 2396 4.
629 2362 666 2406 u)
693 2363 785 2397 deest
808 2363 841 2395 A
859 2362 892 2396 3.
998 2362 1032 2404 v)
1058 2363 1219 2396 videlicet
1243 2361 1277 2394 B
1297 2360 1419 2403 1-33
1457 2361 1527 2394 scil.
1555 2366 1588 2393 et
1613 2361 1682 2393 des.
1701 2359 1734 2392 B
1750 2358 1782 2392 4.
1890 2360 1929 2401 W)
1956 2371 2041 2402 quos
2067 2361 2284 2403 negociorum
2311 2358 2343 2391 B
2360 2358 2396 2399 33

177 2422 433 2465 negociatorum
459 2420 495 2453 C.
605 2420 639 2462 Χ)
673 2421 746 2454 loco
772 2422 825 2454 Yt.
851 2421 974 2454 natalis
999 2421 1031 2453 A
1049 2419 1086 2453 4:
1114 2421 1354 2464 predictorum.
1466 2417 1500 2460 y)
1532 2419 1613 2452 ro—ne
1640 2418 1672 2450 A
1693 2418 1722 2451 1.
1829 2424 1859 2458 Z)
1892 2418 1927 2450 in
1953 2429 2033 2450 suos
2060 2418 2090 2449 A
2114 2417 2140 2450 1.
2251 2416 2281 2459 a)
2309 2418 2396 2449 eius-

178 2479 254 2512 dem
280 2478 313 2511 A
332 2478 372 2519 3;
410 2490 468 2512 eos
491 2478 525 2510 B
543 2478 573 2511 1.
600 2477 631 2511 3.
727 2479 780 2521 θ’)
806 2490 880 2512 esse
905 2479 988 2512 add.
1007 2478 1039 2510 A
1058 2477 1090 2511 2.
1185 2477 1218 2519 b)
1244 2478 1308 2510 Sed
1336 2483 1407 2510 esto
1432 2476 1465 2509 Β
1483 2476 1513 2510 1.
1610 2477 1639 2517 ο)
1673 2476 1763 2508 sine
1794 2475 2034 2518 prciudicio
2071 2481 2220 2507 nostro
2245 2472 2397 2506 131—3.

180 2535 234 2579 θ’)
266 2547 346 2570 reus
371 2536 452 2569 add.
472 2536 504 2569 A
521 2535 554 2569 2.
673 2533 706 2578 d)
741 2547 801 2579 pro
827 2537 910 2569 add.
929 2536 961 2568 A
981 2535 1010 2569 1.
1131 2536 1160 2576 e)
1199 2535 1288 2568 deest
1313 2535 1364 2574 B‚·
1397 2534 1559 2577 Lugduni
1585 2534 1618 2565 A
1639 2533 1666 2566 1.
1686 2531 1716 2565 2.
1844 2531 1876 2573 f)
1910 2533 2107 2565 asserebant
2132 2532 2290 2564 videlicet
2316 2532 2346 2563 A
2365 2531 2397 2563 4.

181 2593 216 2637 Β)
241 2595 335 2629 citati
352 2594 385 2627 A
404 2594 435 2628 2.
454 2592 492 2633 3;
517 2595 624 2627 citant
652 2594 686 2628 Ο.
775 2593 808 2636 h)
836 2600 869 2627 et
894 2595 971 2627 aliis
997 2595 1109 2627 causis
1135 2594 1310 2627 nonnullis
1336 2594 1474 2625 omnino
1492 2591 1525 2624 Β
1544 2591 1579 2631 1;
1605 2597 1637 2623 et
1663 2591 1740 2624 aliis
1758 2591 1863 2623 nullis
1881 2590 1914 2622 B
1931 2589 1968 2630 2;
1995 2596 2026 2623 et
2044 2591 2120 2622 aliis
2138 2590 2242 2622 nullis
2261 2590 2398 2622 omnino

180 2650 214 2684 Β
228 2649 266 2693 3;
291 2657 325 2685 et
349 2652 426 2684 aliis
443 2652 558 2685 causis
575 2652 679 2685 nullis
698 2653 836 2685 omnino
854 2652 887 2685 Β
905 2652 936 2686 4.
1033 2650 1058 2694 i)
1085 2652 1187 2685 rebus
1204 2651 1238 2684 B
1254 2651 1292 2693 43
1319 2652 1392 2684 loco
1411 2656 1473 2684 aut
1496 2650 1609 2684 causis
1627 2649 1659 2681 A
1678 2647 1714 2682 4:
1743 2649 1784 2680 in
1810 2648 2123 2692 predicatione.
2219 2645 2253 2688 k)
2279 2648 2396 2680 debea-

179 2721 256 2743 mus
281 2710 312 2742 A
330 2709 367 2751 3;
393 2722 453 2754 per
478 2721 540 2743 nos
565 2710 640 2743 deb.
665 2710 699 2742 Β
717 2710 747 2743 1.
773 2709 805 2744 2.
831 2710 863 2744 3.
982 2709 1005 2752 1)
1031 2710 1122 2743 deest
1147 2710 1180 2743 A
1200 2710 1230 2743 1.
1249 2709 1279 2742 ὃ.
1305 2708 1386 2742 Β4.
1497 2708 1539 2749 ¹¹¹)
1567 2708 1669 2741 certis
1694 2706 1727 2739 B
1747 2707 1774 2739 1.
1889 2711 1921 2746 n).
1949 2706 1995 2738 sic
2013 2706 2066 2744 A‚·
2098 2716 2274 2748 quarum
2301 2705 2398 2738 alle-

179 2768 382 2811 gaciones
417 2768 598 2801 admisse
628 2779 701 2811 per
733 2774 906 2802 nostros
936 2769 1216 2811 responsales
1247 2767 1492 2811 legittimos
1523 2777 1603 2799 non
1639 2766 1822 2798 fuerunt
1851 2764 1891 2800 C,·
1923 2774 1944 2796 a
1968 2775 2145 2806 quarum
2171 2763 2398 2806 allegatio-

180 2826 309 2859 nibus
339 2826 479 2859 nostri
510 2826 722 2870 legittimi
756 2827 1027 2869 responsales
1060 2827 1246 2860 fuerunt
1278 2825 1447 2869 repulsi
1472 2822 1631 2864 B2—4;
1669 2835 1689 2856 a
1714 2841 1755 2846 —
1784 2822 2033 2855 contumaciter
2065 2823 2193 2854 fuimus
2219 2821 2287 2853 des.
2315 2819 2347 2852 B
2368 2820 2395 2852 l.

185 2882 216 2924 o)
239 2883 327 2916 nulli
352 2883 385 2916 A
404 2883 435 2917 1.
551 2884 587 2925 P)
613 2894 682 2927 per.
708 2888 804 2917 term.
824 2883 866 2916 A.
894 2883 927 2915 Β
943 2882 980 2925 4;
1007 2883 1075 2917 des.
1094 2883 1127 2915 Β
1147 2881 1244 2916 1-3,
1353 2883 1385 2922 q)
1412 2883 1482 2914 vim
1507 2881 1678 2914 citationis
1704 2880 1786 2913 add.
1806 2879 1838 2911 Β
1858 2878 1886 2910 1.
1997 2878 2025 2921 r)
2052 2885 2152 2922 prout
2179 2895 2220 2900 -
2248 2877 2395 2910 ostendit

182 2941 251 2976 des.
269 2940 420 2976 B2—4.
539 2941 567 2985 Β)
593 2942 699 2975 Suesa
729 2942 763 2975 Ο.
882 2942 908 2982 t)
935 2941 1027 2974 deest
1050 2941 1093 2974 Β.
1212 2941 1246 2983 ¹¹)
1273 2942 1345 2974 loco
1371 2951 1463 2984 proc.
1490 2940 1629 2982 plenum
1657 2939 1853 2971 mandatum
1879 2936 1912 2969 B
1933 2936 1965 2968 1:
1993 2942 2031 2969 et
2055 2937 2178 2979 plene
2203 2946 2399 2978 procura-

182 3000 318 3033 tionis
348 3000 612 3041 mandatum
650 2999 684 3032 Β
706 2998 828 3032 2—4:
868 2999 968 3043 plene
994 2999 1243 3043 procurationis
1269 2999 1480 3031 mandatum.
1599 2997 1631 3039 v)
1657 3008 1717 3040 pro
1742 2995 1775 3028 B
1795 2993 1903 3031 1—3;
1943 2993 2032 3026 deest
2056 2993 2088 3025 B
2106 2991 2137 3026 4.
2256 2998 2297 3033 w)
2324 2992 2397 3024 loco

183 3062 301 3092 contra
327 3076 368 3080 —
393 3062 496 3101 atque
520 3057 570 3091 B:
606 3059 745 3091 fuerat
777 3057 1001 3090 criminale
1026 3057 1230 3090 iudicium
1254 3057 1304 3089 ad
1329 3057 1454 3098 quod:
1494 3056 1566 3088 loco
1591 3060 1694 3096 atque
1720 3053 1751 3084 A
1778 3050 1880 3085 1—3:
1921 3052 1961 3084 ad
1987 3063 2071 3093 que3
2101 3051 2131 3082 A
2155 3049 2185 3083 4.
2213 3050 2250 3084 5:
2277 3050 2399 3091 adque.

181 3113 216 3157 ¹)
250 3115 339 3149 iuste
371 3115 404 3149 B
427 3115 467 3155 13
510 3116 646 3149 sinistre
673 3114 711 3154 vA
735 3115 767 3149 5.
920 3112 951 3158 δ’)
988 3115 1183 3158 procuratio
1218 3114 1253 3147 O.
1279 3113 1313 3146 B
1333 3113 1366 3146 4.
1523 3112 1553 3156 z)
1589 3113 1780 3145 intervente
1816 3109 1858 3147 C',·
1897 3110 2080 3142 intervenit
2106 3109 2135 3140 A
2165 3106 2278 3140 l-—4.
2311 3106 2342 3138 Β
2368 3105 2399 3139 3.

184 3171 216 3216 ὃ)
242 3184 308 3216 que
332 3172 376 3206 A.
395 3172 438 3207 Β.
554 3171 588 3216 b)
614 3174 729 3217 exegit
753 3172 787 3205 A
807 3170 915 3211 2-5;
941 3171 975 3204 B
990 3171 1022 3205 4.
1133 3172 1164 3213 0)
1190 3177 1324 3205 tantum
1351 3171 1497 3204 civiliter
1522 3171 1554 3203 A
1575 3169 1604 3202 1.
1624 3167 1662 3210 2;
1688 3168 1834 3201 civiliter
1858 3173 1991 3200 tantum
2018 3166 2048 3197 A
2068 3165 2099 3199 4.
2126 3165 2158 3197 B
2179 3165 2212 3204 1;
2240 3165 2308 3198 sed.
2335 3165 2400 3197 civ.

185 3229 253 3264 cles.
275 3230 310 3263 Β
330 3229 448 3263 2-4.
591 3229 624 3272 d)
659 3231 790 3273 absque
822 3236 938 3263 nostro
965 3228 1093 3273 (nostre
1111 3228 1143 3262 2.
1162 3228 1198 3271 3>
1224 3229 1412 3273 preiudicio
1438 3228 1471 3261 B
1489 3226 1609 3267 1—-33
1647 3227 1777 3268 absque
1809 3230 1924 3258 nostre
1958 3225 2082 3256 iudicio
2107 3223 2293 3266 preiudicio
2318 3221 2352 3254 B
2368 3221 2399 3254 4.

184 3285 214 3329 θ)
247 3288 520 3332 circumscriptos
546 3288 580 3321 A
605 3288 643 3328 1;
685 3288 1000 3331 circumspectionis
1025 3287 1058 3319 Β
1083 3286 1115 3320 2.
1141 3285 1179 3328 33
1211 3288 1309 3330 forte
1339 3286 1517 3329 legendum
1547 3290 1594 3318 est
1618 3283 1886 3326 circumspectis.
2028 3279 2061 3323 s)
2098 3286 2132 3314 et
2157 3281 2235 3314 dato
2260 3279 2294 3312 B
2312 3279 2342 3312 1.
2368 3277 2400 3312 2.

184 3342 219 3387 8)
243 3344 625 3380 manifesteA1.2.B.
710 3344 743 3387 h)
768 3346 816 3378 ita
835 3344 1026 3385 0.A4.5;
1052 3343 1210 3377 fflaAQ.
1294 3342 1317 3385 i)
1344 3342 1475 3377 A.B4
1500 3344 1562 3376 sic:
1587 3352 1659 3385 per
1684 3340 1978 3374 diffinitivam
2004 3338 2281 3379 sententiam,
2307 3342 2402 3370 ante

185 3407 353 3446 ceptum
388 3403 469 3437 rite
505 3403 732 3446 iudicium,
769 3404 941 3446 privato
970 3402 1040 3436 vel
1076 3402 1254 3446 publico
1292 3402 1460 3434 iudicio
1494 3400 1619 3441 (iudice
1643 3396 1729 3440 A3)
1763 3397 1888 3430 nullo
1921 3397 1968 3429 de
2000 3395 2036 3438 (a
2060 3395 2248 3438 A1)sua
2273 3405 2399 3427 causa

186 3458 382 3493 discusso
408 3460 576 3502 (discussa
593 3460 622 3493 A
639 3459 678 3500 2;
704 3460 802 3493 nulla
823 3461 863 3493 de
880 3471 916 3493 se
933 3470 1039 3493 causa
1055 3460 1211 3492 discussa
1230 3458 1262 3490 A
1280 3457 1312 3492 2.
1338 3458 1380 3491 Β.
1401 3458 1438 3498 4)
1463 3457 1626 3490 debeat.
1696 3453 1731 3496 l¹)
1757 3456 1792 3487 in
1810 3454 1904 3488 nullo
1924 3453 1956 3486 B
1971 3453 2001 3486 1.
2019 3451 2050 3486 2.
2123 3450 2147 3494 l)
2173 3458 2267 3485 ante
2298 3462 2402 3493 usque

186 3517 399 3551 iudicium
423 3518 495 3557 des.
509 3518 544 3551 B
561 3518 661 3552 1-3.
766 3517 810 3561 m)
836 3529 895 3562 per
919 3518 1138 3551 diffinitivam
1164 3517 1287 3550 debeat
1312 3516 1516 3549 sententiam
1534 3514 1568 3546 Β
1587 3511 1686 3546 1-3.
1793 3511 1826 3555 ¹²)
1852 3512 1939 3545 Sunt
1960 3528 2000 3534 ——
2017 3510 2206 3543 introducte
2233 3509 2302 3541 des.
2321 3507 2353 3539 B
2369 3507 2400 3540 4.

186 3572 219 3616 ⁰)
244 3574 344 3608 etiam
369 3574 403 3607 Β
420 3574 451 3608 1.
468 3573 509 3614 2;
536 3576 640 3609 etiam
665 3582 699 3609 et
723 3575 756 3608 Β
773 3575 804 3609 3.
921 3574 956 3619 Ρ)
992 3576 1034 3608 in
1059 3575 1224 3608 talibus
1249 3574 1300 3616 (in
1323 3574 1451 3607 talibus
1476 3573 1544 3606 cles.
1564 3571 1598 3604 Β
1614 3570 1650 3613 3)
1676 3571 1757 3604 alie
1785 3570 1826 3602 A.
1845 3569 1887 3602 Β.
2008 3567 2039 3608 q)
2065 3567 2294 3609 quorumlibet
2319 3564 2351 3597 Β
2371 3563 2400 3596 1.

186 3632 213 3670 ²¹)
237 3633 426 3666 canonibus
450 3633 484 3665 Β
501 3632 601 3667 1-3,
721 3634 748 3675 ³)
775 3633 923 3677 presidio
945 3631 989 3675 C',·
1013 3633 1159 3676 presidio
1184 3632 1371 3665 fulciantur
1396 3631 1484 3663 male
1510 3629 1542 3662 Β
1561 3628 1666 3670 1-3;
1692 3629 1772 3662 licet
1797 3627 1888 3660 deest
1905 3626 1937 3658 A
1955 3624 1987 3658 2.

325 3710 360 3755 1)
385 3710 622 3755 Wscopatus
650 3711 823 3746 Oarinola
842 3722 960 3756 prope
990 3710 1162 3755 Capuam.
1280 3710 1316 3753 2)
1342 3709 1497 3743 Petrum.
1617 3707 1654 3749 3)
1680 3706 1890 3740 Iohannem.
2061 3749 2129 3783 46*
