2558 3970
696 147 928 182 RICHARDI
956 148 1093 184 REGIS
1120 152 1547 189 (:()Ns'r1'1‘['‘rlONE.<.
1600 158 1697 191 12:3⁴3.
1748 158 1903 193 N1·.:38.·3.
2312 166 2392 206 483

199 264 292 320 ipsc
333 263 682 320 archiepiscopus
726 265 954 305 conveniet
987 280 1081 306 cum
1123 268 1325 321 predictis
1359 271 1468 311 sicut
1502 277 1664 326 potest.
1709 280 1750 313 et
1792 288 1866 328 pro
1902 276 1978 315 ha(-
2014 291 2176 318 summa
2212 280 2390 333 pecunie

200 334 290 388 ipse
322 332 373 375 R.
406 347 451 374 se
484 346 561 388 per
593 347 693 373 suas
732 337 932 388 patentes
973 335 1139 376 litteras
1173 338 1400 391 obligabit.
1443 346 1485 380 et
1526 342 1828 383 nichilominus
1870 345 1960 399 ipse
1996 346 2045 386 iz.
2081 347 2217 402 ipsum
2252 348 2391 389 archi·

199 402 450 457 episcopum
491 416 574 442 non
614 401 887 457 derelinquet
927 402 1108 444 durante
1151 405 1382 449 discordia.
1426 414 1467 448 ct
1508 410 1540 449 si
1585 411 1674 464 ipsc
1707 412 2057 469 archiepiscopus
2092 416 2198 456 infra
2232 416 2391 457 dictum

198 470 356 512 festum
388 471 694 526 penthecostes
718 471 783 512 vel
814 476 911 526 post
934 475 1227 528 composuerit
1250 478 1457 529 peccunia
1481 478 1713 526 mediante,
1748 481 1855 522 han(-
1882 484 1968 538 ipsc
1995 484 2044 524 lt.
2071 485 2150 525 sibi
2176 485 2390 526 refundet.

144 555 158 579 5
197 538 260 594 (3)
293 539 402 580 Item
435 540 556 581 dabit
586 541 752 582 litteras
787 554 887 581 suas
920 546 1120 596 patentes
1155 543 1233 598 ipsi
1258 545 1598 602 archiepiscopo.
1634 550 1746 604 quod
1772 552 1983 592 officiales
2010 568 2085 594 seu
2119 555 2391 597 iusticiarios.

127 900 159 924 10

124 1252 156 1276 15

122 1596 155 1621 20

121 1947 152 1972 25

121 2293 154 2319 30

119 2639 151 2666 35

120 2987 154 3012 40

120 3333 153 3359 45

199 623 305 664 quos
337 609 430 664 ipsc
463 608 658 650 dominus
689 609 740 652 R.
777 610 817 650 in
851 624 997 664 regem
1031 617 1254 666 promotus
1289 615 1472 656 volucrit
1505 618 1613 657 infra
1647 618 1886 662 Mosellam.
1923 622 2182 677 Aquisgrani
2218 630 2261 664 et
2284 624 2389 665 'l‘rc-

197 679 384 719 moniam
432 678 654 729 ordinare,
702 679 755 721 de
810 679 987 720 consilio
1036 685 1078 721 et
1121 682 1342 724 voluntate
1393 685 1524 739 ipsius
1576 687 1886 744 archiepiscopi
1941 692 2117 732 idoneos
2166 694 2392 735 ordinabit.

198 748 259 802 (4)
293 748 402 789 Item
436 749 470 789 si
506 763 612 804 quos
645 749 832 797 nobiles,
866 749 1024 790 milites
1056 750 1146 791 sive
1181 752 1297 793 cives
1332 752 1384 793 ad
1424 753 1502 794 hcc
1536 756 1819 811 expedientes
1852 758 1992 800 dictus
2029 761 2078 803 n.
2113 763 2151 802 in
2187 763 2392 804 auxilium

197 817 278 858 sibi
318 818 542 873 acquirere
574 819 777 864 voluerit,
820 818 916 859 illos
950 818 1003 860 de
1035 820 1256 861 voluntate
1298 826 1341 862 et
1384 824 1561 864 consilio
1602 825 1735 880 ipsius
1768 828 2081 884 archiepiscopi
2114 836 2155 870 et
2190 832 2392 874 Iohannis

196 886 250 928 de
282 886 472 928 Auesnis
511 888 718 943 acquiret.
837 887 900 941 (5)
933 887 1043 929 Item
1077 889 1176 943 quia
1218 890 1309 944 ipse
1343 892 1698 949 archiepiscopus
1733 902 1909 951 propter
1952 913 2130 953 presens
2165 902 2389 955 negocium

193 955 362 998 labores
394 971 478 998 non
513 956 703 998 modicos
736 960 779 998 ct
802 970 1020 1012 expensas
1044 957 1195 999 habuit
1219 964 1261 1000 ct
1292 959 1452 1002 habere
1478 963 1712 1018 continget,
1747 964 1944 1007 dominus
1971 968 2019 1008 n.
2046 969 2177 1023 ipsius
2202 971 2390 1011 liberali-

192 1026 294 1067 tatis
335 1026 590 1081 obsequium
633 1026 871 1081 respiciens
911 1027 991 1082 ipsi
1034 1027 1363 1085 archiepiscopo
1407 1031 1514 1072 infra
1548 1037 1745 1075 octavam
1788 1036 2017 1092 epiphanie
2052 1040 2245 1093 proximo
2281 1055 2390 1081 nun(-

193 1095 378 1137 futuram
411 1096 450 1137 in
486 1110 562 1137 suo
586 1096 778 1152 periculo
802 1095 917 1151 apud
943 1096 1162 1138 civitatem
1188 1098 1493 1142 Coloniensem
1519 1107 1614 1142 octo
1637 1104 1755 1144 milia
1779 1106 2049 1148 marcharum
2075 1109 2393 1163 sterlingorum.

193 1165 400 1207 tredecim
434 1165 584 1206 solidis
617 1169 661 1206 et
693 1170 879 1220 quatuor
911 1165 1101 1207 denariis
1135 1182 1211 1222 pro
1246 1183 1391 1210 marca
1423 1171 1617 1225 qualibet
1641 1176 1915 1228 computatis.
1949 1176 2065 1218 dabit
2089 1182 2132 1219 et
2155 1179 2395 1233 assignabit

194 1234 348 1276 eidem.
469 1234 534 1289 (6)
566 1234 676 1276 Item
708 1235 826 1276 mille
860 1249 1004 1277 marce
1039 1238 1359 1292 sterlingorum,
1393 1240 1600 1282 tredecim
1636 1243 1783 1284 solidis
1817 1250 1859 1285 ct
1889 1251 2071 1300 quatuor
2097 1247 2283 1288 denariis
2319 1264 2393 1304 pro

192 1304 385 1352 marcha,
430 1303 702 1359 deponentur
746 1304 859 1360 apud
906 1306 1157 1361 magistrum
1197 1308 1418 1350 Andream
1458 1311 1732 1353 scolasticum
1780 1315 1963 1356 ecclesie
2007 1315 2153 1357 Sancti
2197 1317 2393 1359 Severini

192 1372 466 1415 Coloniensis
507 1374 618 1414 infra
659 1374 847 1429 vigiliam
888 1376 980 1416 sive
1022 1375 1133 1417 diem
1176 1378 1413 1420 nativitatis
1447 1379 1622 1421 Domini
1657 1396 1768 1423 nunc
1801 1384 2057 1433 instantem,
2101 1391 2143 1427 ct
2175 1386 2389 1428 dabuntur

191 1442 366 1484 obsides
404 1457 481 1498 pro
522 1442 686 1484 duabus
727 1444 902 1486 milibus
947 1446 1102 1487 marcis
1137 1448 1440 1503 sterlingorum
1474 1450 1515 1490 in
1550 1453 1871 1507 computatione
1906 1455 2216 1497 consimiliter¹’
2250 1471 2392 1497 marce

189 1526 362 1568 magne,
398 1513 440 1553 in
473 1512 586 1553 hunc
619 1512 807 1565 modum,
841 1513 956 1568 quod
989 1515 1024 1555 si
1059 1515 1151 1571 ipse
1180 1515 1233 1557 R.
1267 1517 1378 1559 infra
1411 1523 1608 1560 octavam
1643 1521 1889 1577 epyphanie
1924 1526 2044 1579 regni
2070 1527 2391 1581 susceptionem

191 1582 384 1623 renuerit
415 1583 482 1623 vel
515 1582 551 1623 si
592 1583 685 1638 ipse
719 1582 871 1624 horum
903 1584 1054 1636 trium,
1094 1584 1299 1627 videlicet
1330 1587 1596 1643 Maguntini,
1632 1589 1905 1633 Coloniensis
1940 1599 1981 1634 et
2015 1595 2180 1635 comitis
2212 1596 2391 1651 palatini

191 1649 323 1702 Reni,
361 1665 446 1692 non
478 1650 608 1693 fuerit
640 1652 852 1693 electione
886 1657 1133 1706 contentus,
1171 1655 1263 1709 ipse
1298 1655 1573 1698 Coloniensis
1606 1659 1957 1717 archiepiscopus
1991 1678 2064 1718 pro
2098 1663 2317 1705 laboribus
2352 1669 2394 1704 et

191 1721 394 1777 expensis
436 1725 536 1762 ante
578 1721 737 1764 habitis
781 1723 898 1764 mille
945 1737 1113 1765 marcas
1152 1724 1267 1780 apud
1309 1726 1450 1780 ipsum
1490 1728 1767 1769 scolasticum
1814 1730 2035 1786 depositas
2082 1733 2305 1784 retinebit,
2352 1738 2395 1774 et

191 1790 365 1833 obsides
406 1791 630 1844 iacebunt,
668 1806 894 1848 quousque
926 1792 1010 1835 duo
1044 1793 1162 1834 milia
1202 1808 1443 1836 marcarum
1488 1796 1649 1838 fuerint
1681 1799 1941 1854 persolute0.
2005 1801 2049 1842 Si
2083 1807 2226 1844 autem
2262 1804 2391 1844 intro-

191 1861 357 1903 miserit
387 1875 433 1903 se
465 1860 519 1903 de
552 1874 705 1917 regno,
748 1862 820 1903 ille
859 1877 1004 1905 marce
1039 1864 1404 1919 computabuntur
1434 1866 1477 1906 in
1511 1867 1772 1910 solutionem
1807 1875 1903 1912 octo
1938 1872 2102 1914 milium
2139 1888 2393 1915 marcarum.

191 1930 316 1978 Quod
357 1931 392 1973 si
431 1930 554 1987 ipsed
592 1936 692 1974 ante
741 1931 853 1973 diem
898 1933 1125 1975 electionis
1167 1948 1250 1975 non
1294 1936 1486 1977 renuerit
1527 1939 1648 1992 regni
1689 1941 2012 1996 susceptionem
2053 1947 2095 1984 et
2136 1956 2212 1998 per
2255 1943 2393 1999 ipsum

191 2000 494 2043 Coloniensem
534 2002 700 2043 electus
741 2002 894 2053 fuerit,
937 2003 1160 2044 tenebitur
1200 2003 1254 2045 ad
1298 2004 1556 2048 solutionem
1595 2012 1762 2063 septem
1804 2011 1968 2052 milium
2003 2026 2264 2058 marcarum,
2311 2027 2394 2053 non

190 2071 391 2113 obstante
425 2071 459 2112 si
489 2071 582 2126 ipse
614 2071 887 2127 postmodum
920 2073 1114 2114 renuerit
1145 2073 1288 2129 ipsum
1318 2088 1514 2129 regnum.
1633 2076 1697 2131 (7)
1731 2078 1813 2119 Pro
1849 2079 2016 2122 duobus
2051 2086 2194 2123 autem
2219 2083 2394 2123 milibus

189 2154 430 2182 marcarum
453 2140 670 2182 solvendis
700 2141 949 2183 iuraverunt
971 2142 1074 2184 dare
1098 2142 1271 2185 obsides
1295 2143 1493 2186 dominus
1516 2147 1743 2202 episcopus
1769 2147 2100 2193 Cameracensis
2126 2156 2169 2193 et
2192 2151 2394 2193 (lominus

189 2209 408 2251 Iohannes
445 2209 498 2251 de
530 2209 721 2252 Auesnis
763 2210 897 2253 filium
935 2211 1095 2253 domini
1128 2212 1180 2254 de
1213 2212 1468 2255 Moritaniae
1500 2219 1543 2257 et
1574 2216 1669 2271 ipse
1701 2216 1734 2260 I.
1767 2218 1901 2260 filium
1936 2234 2060 2261 suum
2094 2222 2314 2277 proprium
2348 2221 2389 2262 in

191 2279 496 2321 circoncisione
536 2279 712 2322 Domini
749 2280 864 2337 apud
902 2281 1102 2323 Bonnam
1141 2282 1259 2337 ipsos
1300 2284 1659 2338 presentandum,
1703 2291 1746 2328 et
1778 2288 2082 2332 nichilominus
2114 2304 2190 2346 pro
2224 2290 2389 2333 eisdem

187 2349 354 2391 duobus
387 2349 558 2391 milibus
589 2350 632 2391 in
656 2351 846 2392 crastino
870 2351 1103 2408 epiphanie
1126 2351 1326 2393 Bonnam
1359 2367 1442 2395 non
1476 2355 1665 2397 monitus
1689 2357 1782 2412 ipse
1807 2357 2135 2402 Cameracensis
2159 2361 2385 2416 episcopus

187 2418 381 2470 intrabit,
426 2422 469 2461 et
506 2420 599 2475 ipse
631 2419 869 2472 Iohannes,
910 2425 1141 2477 postquam
1174 2421 1226 2463 de
1259 2422 1420 2477 Anglia
1459 2423 1655 2476 redierit,
1698 2426 1880 2469 intrabit
1911 2443 1994 2470 non
2027 2430 2217 2471 monitus
2250 2430 2393 2471 locum

186 2488 342 2544 ipsum.
406 2487 585 2531 Dabunt
628 2490 760 2532 etiam
801 2490 958 2546 prefati
997 2491 1226 2547 episcopus
1266 2496 1310 2534 et
1340 2492 1560 2535 Iohannes
1602 2499 1645 2536 et
1683 2495 1784 2537 dare
1830 2497 2080 2539 iuraverunt
2119 2500 2160 2539 in
2203 2499 2393 2541 eiusdem

187 2557 418 2614 epiphanie
442 2559 627 2601 crastino
651 2559 825 2602 obsides
848 2559 970 2613 alios,
1001 2560 1080 2602 hos
1104 2560 1326 2603 videlicet:
1351 2561 1570 2604 dominum
1595 2563 1856 2607 Balduinum
1881 2566 1934 2608 de
1958 2568 2163 2620 Auesnis,
2188 2568 2392 2610 Iacobum

188 2627 241 2669 de
273 2627 497 2681 Bailliolo,
540 2628 744 2684 Egidium
777 2629 830 2670 de
861 2629 1193 2679 Berlainmontf,
1235 2645 1340 2687 quos
1383 2632 1584 2674 similiter
1615 2633 1811 2675 Bonnam
1845 2637 2179 2691 presentabunt;
2222 2642 2264 2679 et
2298 2652 2392 2679 cum

186 2697 331 2752 primis
364 2696 532 2739 duobus
567 2698 787 2741 obsidibus
825 2700 1090 2742 tenebuntur
1130 2699 1292 2742 ibidem
1334 2715 1411 2756 pro
1444 2702 1631 2758 quinque
1665 2703 1839 2746 milibus
1873 2720 2136 2757 marcarum,
2181 2711 2223 2748 et
2254 2707 2389 2747 nichi-

186 2766 370 2808 lominus
407 2767 533 2823 primi
577 2767 660 2810 duo
702 2769 896 2819 obsides,
942 2774 1170 2826 postquam
1208 2770 1303 2827 ipse
1335 2770 1386 2814 R.
1419 2772 1585 2813 electus
1628 2773 1776 2826 fuerit,
1822 2789 1918 2816 cum
1961 2776 2057 2817 aliis
2101 2775 2238 2817 tribus
2270 2780 2391 2817 tenc-

186 2834 345 2877 buntur
387 2850 462 2892 pro
503 2841 596 2879 tota
636 2852 824 2890 summa,
866 2838 1071 2881 videlicet
1113 2843 1281 2895 septem
1313 2840 1487 2882 milibus
1520 2856 1773 2884 marcarum.
1836 2844 2024 2900 Insuper
2056 2845 2149 2900 ipse
2184 2844 2387 2887 Camera-

188 2905 329 2947 censis
363 2910 406 2947 et
436 2906 652 2949 Iohannes
686 2907 889 2949 iacebunt
918 2912 967 2949 ut
997 2908 1272 2951 fideiussores
1303 2923 1398 2951 cum
1429 2911 1628 2953 omnibus
1653 2912 1874 2955 obsidibus
1908 2915 2231 2969 prenominatiS,
2266 2915 2389 2955 etita

190 2973 412 3028 iacebunt,
446 2990 670 3032 quousque
703 2977 796 3033 ipsa
827 2981 993 3033 septem
1026 2979 1142 3019 milia
1173 2992 1416 3020 marcarum
1449 2980 1608 3022 fuerint
1640 2981 1755 3023 dicto
1789 2982 2116 3038 archiepiscopo
2152 2983 2389 3038 persoluta.

189 3042 254 3098 (8)
286 3043 397 3085 Item
428 3045 463 3085 si
500 3046 696 3101 prefatus
726 3045 776 3088 R.
810 3046 922 3087 infra
962 3047 1252 3102 supradictam
1294 3052 1491 3090 octavam
1531 3049 1760 3105 epiphanie
1802 3052 1924 3106 regni
1965 3053 2283 3107 susceptionem
2317 3066 2386 3093 rc-

188 3113 342 3167 nuerit,
373 3118 420 3155 ut
453 3116 648 3171 superius
681 3119 746 3157 est
776 3120 1034 3171 pretactum,
1066 3117 1160 3172 ipse
1191 3115 1465 3159 Coloniensis
1499 3119 1862 3176 archiepiscopus,
1897 3120 2051 3162 habitis
2083 3121 2386 3163 nichilominus

188 3185 232 3223 et
261 3184 434 3238 pagatis
467 3184 547 3226 sibi
577 3184 714 3226 tribus
748 3184 918 3227 milibus
951 3200 1206 3238 marcarum,
1240 3186 1294 3228 ab
1327 3187 1462 3243 ipsius
1496 3187 1546 3229 R.
1581 3188 1849 3244 obligatione
1883 3191 2054 3246 penitus
2090 3190 2200 3232 liber
2232 3191 2314 3232 erit
2347 3194 2389 3231 et

189 3251 346 3306 quitus.
466 3252 528 3309 (9)
561 3253 671 3295 Item
705 3255 885 3296 consilio
925 3255 1059 3310 ipsius
1098 3255 1413 3312 archiepiscopi
1446 3256 1665 3298 dabuntur
1694 3258 2008 3314 quadringente
2043 3274 2201 3301 marce.
2264 3258 2390 3301 Hecss

190 3325 234 3362 et
270 3321 355 3363 alia
392 3323 552 3374 omnia,
595 3337 678 3379 que
716 3325 930 3380 promissa
970 3329 1069 3366 sunt
1108 3325 1354 3366 hominibus
1398 3325 1717 3382 archiepiscopi
1758 3330 1845 3367 tam
1890 3328 2058 3369 clericis
2095 3342 2221 3384 quam
2252 3328 2387 3380 laicis,

189 3389 300 3432 infra
330 3395 526 3433 octavam
559 3393 789 3448 epiphanie
821 3393 1124 3448 persolventur
1155 3393 1339 3445 eisdem,
1383 3398 1426 3435 et
1457 3408 1534 3449 pro
1568 3395 1629 3436 eis
1675 3400 1802 3436 erunt
1834 3396 2002 3438 obsides
2037 3402 2079 3439 et
2111 3397 2383 3439 fideiussores

188 3459 493 3502 nichilominus
526 3461 720 3517 obligati.
782 3462 838 3503 Et
879 3462 915 3504 si
947 3463 1101 3518 aliquis
1141 3463 1446 3505 fideiussorum
1480 3468 1522 3504 et
1564 3463 1759 3505 obsidum
1792 3464 2030 3507 decesserit
2061 3466 2128 3507 vel
2159 3466 2289 3507 fuerit
2321 3466 2384 3506 in-

188 3527 404 3583 firmatus,
451 3531 561 3573 alter
605 3535 788 3587 ponetur
825 3545 935 3588 eque
976 3532 1128 3574 bonus.
1248 3531 1342 3588 (10)
1379 3532 1470 3574 Nos
1512 3533 1797 3588 prenominati
1836 3533 2072 3576 Nicholaus
2115 3534 2197 3576 Dei
2240 3535 2387 3589 gracia

325 3631 412 3668 383.
442 3632 477 3678 b)
502 3636 670 3668 consimili
694 3635 735 3668 L.
753 3635 796 3668 B.
814 3636 859 3668 K.
947 3637 977 3679 c)
1001 3637 1174 3680 persoluta
1198 3636 1241 3668 Β.
1330 3634 1363 3679 d)
1389 3636 1436 3668 sic
1461 3635 1502 3668 L.
1520 3635 1563 3669 B.
1582 3635 1635 3674 K;
1659 3647 1763 3680 prope
1789 3636 1836 3669 W.
1925 3638 1956 3679 e)
1983 3638 2029 3670 sic
2046 3637 2095 3677 L‚-
2119 3639 2176 3670 Mo
2191 3664 2213 3671 ..
2228 3638 2317 3670 tania
2340 3637 2387 3675 Πῖ-

123 3695 156 3723 50
190 3688 360 3725 Mortavia
383 3692 417 3724 B
424 3703 435 3731 ;
460 3693 632 3726 Mortania
656 3693 702 3726 K.
819 3691 851 3735 f)
877 3694 924 3727 sic
942 3694 990 3733 L;
1015 3695 1210 3728 Blainmont
1235 3694 1284 3733 W;
1308 3694 1501 3727 Blammont
1524 3694 1566 3726 B.
1586 3693 1632 3726 K.
1751 3694 1783 3736 g)
1810 3700 1843 3727 et
1868 3695 1929 3728 hec
1954 3695 1995 3728 L.
2014 3695 2055 3729 B.
2074 3695 2120 3728 K.

2042 3757 2114 3792 61*-

2423 1049 2479 1074 lan⁴
2501 1052 2540 1075 13.

2416 1398 2482 1425 lisw.
2496 1403 2536 1426 2⁴.
2557 1407 2558 1411 ¹

2417 2304 2476 2331 lan.
2497 2308 2519 2331 1.

2415 2374 2474 2400 lan.
2496 2378 2520 2401 ῖ.
