<?xml version="1.0" encoding="UTF-8"?>
<!DOCTYPE html PUBLIC "-//W3C//DTD XHTML 1.0 Transitional//EN"
    "http://www.w3.org/TR/xhtml1/DTD/xhtml1-transitional.dtd">
<html xmlns="http://www.w3.org/1999/xhtml" xml:lang="en" lang="en">
 <head>
  <title>
</title>
<meta http-equiv="Content-Type" content="text/html;charset=utf-8" />
  <meta name='ocr-system' content='tesseract 3.04.00' />
  <meta name='ocr-capabilities' content='ocr_page ocr_carea ocr_par ocr_line ocrx_word'/>
</head>
<body>
  <div class='ocr_page' id='page_1' title='image "./monumentager02geseuoft_0474.png"; bbox 0 0 2558 3970; ppageno 0'>
   <div class='ocr_carea' id='block_1_1' title="bbox 230 172 1963 218">
    <p class='ocr_par' dir='ltr' id='par_1_1' title="bbox 230 172 1963 218">
     <span class='ocr_line' id='line_1_1' title="bbox 230 172 1963 218; baseline -0.003 -8"><span class='ocrx_word' id='word_1_1' title='bbox 230 180 308 218; x_wconf 74' lang='lat'>426</span> <span class='ocrx_word' id='word_1_2' title='bbox 673 174 887 209; x_wconf 81' lang='lat' dir='ltr'>HEINRICI</span> <span class='ocrx_word' id='word_1_3' title='bbox 916 173 1053 208; x_wconf 67' lang='lat' dir='ltr'>neeis</span> <span class='ocrx_word' id='word_1_4' title='bbox 1081 172 1507 208; x_wconf 80' lang='lat' dir='ltr'>CONSTITUTIONES.</span> <span class='ocrx_word' id='word_1_5' title='bbox 1559 172 1655 206; x_wconf 81' lang='lat'><em>1233.</em></span> <span class='ocrx_word' id='word_1_6' title='bbox 1704 172 1765 205; x_wconf 84' lang='lat' dir='ltr'>Nr.</span> <span class='ocrx_word' id='word_1_7' title='bbox 1783 172 1860 206; x_wconf 82' lang='lat'>315.</span> <span class='ocrx_word' id='word_1_8' title='bbox 1885 172 1963 206; x_wconf 79' lang='lat'>316.</span> 
     </span>
    </p>
   </div>
   <div class='ocr_carea' id='block_1_2' title="bbox 228 429 2401 606">
    <p class='ocr_par' dir='ltr' id='par_1_2' title="bbox 228 429 2401 606">
     <span class='ocr_line' id='line_1_2' title="bbox 912 429 1727 500; baseline -0.001 -1"><span class='ocrx_word' id='word_1_9' title='bbox 912 434 1038 499; x_wconf 75' lang='lat'>315.</span> <span class='ocrx_word' id='word_1_10' title='bbox 1096 429 1727 500; x_wconf 73' lang='lat' dir='ltr'><strong>MANDATUM</strong></span> 
     </span>
     <span class='ocr_line' id='line_1_3' title="bbox 228 530 2401 606; baseline -0.002 0"><span class='ocrx_word' id='word_1_11' title='bbox 228 536 367 606; x_wconf 82' lang='lat' dir='ltr'>DE</span> <span class='ocrx_word' id='word_1_12' title='bbox 421 532 1319 606; x_wconf 67' lang='lat' dir='ltr'><strong>CONSERVATIONE</strong></span> <span class='ocrx_word' id='word_1_13' title='bbox 1371 530 1902 603; x_wconf 79' lang='lat' dir='ltr'>BONORUM</span> <span class='ocrx_word' id='word_1_14' title='bbox 1956 530 2401 601; x_wconf 78' lang='lat' dir='ltr'><strong>IMPERII.</strong></span> 
     </span>
    </p>
   </div>
   <div class='ocr_carea' id='block_1_3' title="bbox 1122 656 1515 704">
    <p class='ocr_par' dir='ltr' id='par_1_3' title="bbox 1122 656 1515 704">
     <span class='ocr_line' id='line_1_4' title="bbox 1122 656 1515 704; baseline -0.003 -1"><span class='ocrx_word' id='word_1_15' title='bbox 1122 657 1262 704; x_wconf 65' lang='lat'><em>1233.</em></span> <span class='ocrx_word' id='word_1_16' title='bbox 1302 656 1440 703; x_wconf 81' lang='lat' dir='ltr'>Mart.</span> <span class='ocrx_word' id='word_1_17' title='bbox 1470 658 1515 702; x_wconf 77' lang='lat'>6.</span> 
     </span>
    </p>
   </div>
   <div class='ocr_carea' id='block_1_4' title="bbox 226 797 2474 1124">
    <p class='ocr_par' dir='ltr' id='par_1_4' title="bbox 226 797 2474 1059">
     <span class='ocr_line' id='line_1_5' title="bbox 375 797 2407 852; baseline -0.001 -12"><span class='ocrx_word' id='word_1_18' title='bbox 375 801 548 841; x_wconf 64' lang='lat' dir='ltr'>Iz&#39;de&#39;mus</span> <span class='ocrx_word' id='word_1_19' title='bbox 580 815 650 852; x_wconf 73' lang='lat' dir='ltr'>ope</span> <span class='ocrx_word' id='word_1_20' title='bbox 681 801 901 841; x_wconf 71' lang='lat' dir='ltr'><em>editionum</em></span> <span class='ocrx_word' id='word_1_21' title='bbox 954 798 990 841; x_wconf 61' lang='lat' dir='ltr'>ll</span> <span class='ocrx_word' id='word_1_22' title='bbox 1027 799 1194 840; x_wconf 57' lang='lat' dir='ltr'>(iudom</span> <span class='ocrx_word' id='word_1_23' title='bbox 1234 800 1276 839; x_wconf 77' lang='lat' dir='ltr'>in</span> <span class='ocrx_word' id='word_1_24' title='bbox 1315 798 1457 842; x_wconf 83' lang='lat' dir='ltr'>Codice</span> <span class='ocrx_word' id='word_1_25' title='bbox 1488 798 1747 850; x_wconf 74' lang='lat' dir='ltr'>diplomatico</span> <span class='ocrx_word' id='word_1_26' title='bbox 1778 797 2031 850; x_wconf 67' lang='lat' dir='ltr'>,Maynntino</span> <span class='ocrx_word' id='word_1_27' title='bbox 2064 798 2127 849; x_wconf 86' lang='lat' dir='ltr'>II,</span> <span class='ocrx_word' id='word_1_28' title='bbox 2148 801 2187 848; x_wconf 73' lang='grc'>,2,</span> <span class='ocrx_word' id='word_1_29' title='bbox 2211 800 2304 848; x_wconf 73' lang='grc'>939,</span> <span class='ocrx_word' id='word_1_30' title='bbox 2335 798 2407 850; x_wconf 75' lang='lat' dir='ltr'>qai</span> 
     </span>
     <span class='ocr_line' id='line_1_6' title="bbox 230 865 2474 922; baseline -0.002 -12"><span class='ocrx_word' id='word_1_31' title='bbox 230 869 484 922; x_wconf 71' lang='lat' dir='ltr'>‹zu-loyrapho</span> <span class='ocrx_word' id='word_1_32' title='bbox 517 870 719 911; x_wconf 78' lang='lat' dir='ltr'>tabulari-i</span> <span class='ocrx_word' id='word_1_33' title='bbox 751 868 1108 909; x_wconf 76' lang='lat' dir='ltr'>Landscronensis</span> <span class='ocrx_word' id='word_1_34' title='bbox 1141 882 1238 909; x_wconf 72' lang='lat' dir='ltr'>usus</span> <span class='ocrx_word' id='word_1_35' title='bbox 1268 871 1343 917; x_wconf 81' lang='lat' dir='ltr'>est,</span> <span class='ocrx_word' id='word_1_36' title='bbox 1383 870 1421 909; x_wconf 82' lang='lat' dir='ltr'>ct</span> <span class='ocrx_word' id='word_1_37' title='bbox 1460 867 1501 921; x_wconf 79' lang='lat'>2)</span> <span class='ocrx_word' id='word_1_38' title='bbox 1535 866 1690 919; x_wconf 71' lang='lat' dir='ltr'>Beyeri</span> <span class='ocrx_word' id='word_1_39' title='bbox 1720 866 2123 907; x_wconf 68' lang='lat' dir='ltr'>‘Mittelrleeinisehes</span> <span class='ocrx_word' id='word_1_40' title='bbox 2161 865 2407 907; x_wconf 76' lang='lat' dir='ltr'>Urknnden-</span> <span class='ocrx_word' id='word_1_41' title='bbox 2461 878 2474 901; x_wconf 80' lang='lat'>5</span> 
     </span>
     <span class='ocr_line' id='line_1_7' title="bbox 229 933 2408 989; baseline -0.001 -11"><span class='ocrx_word' id='word_1_42' title='bbox 229 937 338 979; x_wconf 78' lang='lat' dir='ltr'>lmch&#39;</span> <span class='ocrx_word' id='word_1_43' title='bbox 378 938 465 987; x_wconf 77' lang='grc' dir='ltr'><em>ΙΙΙ,</em></span> <span class='ocrx_word' id='word_1_44' title='bbox 488 942 570 978; x_wconf 76' lang='grc'>371</span> <span class='ocrx_word' id='word_1_45' title='bbox 614 952 675 978; x_wconf 78' lang='lat' dir='ltr'>nr.</span> <span class='ocrx_word' id='word_1_46' title='bbox 699 940 792 978; x_wconf 61' lang='lat'><em>4713.</em></span> <span class='ocrx_word' id='word_1_47' title='bbox 836 937 906 989; x_wconf 70' lang='lat' dir='ltr'>qni</span> <span class='ocrx_word' id='word_1_48' title='bbox 944 936 1134 977; x_wconf 74' lang='lat' dir='ltr'>adhibuit</span> <span class='ocrx_word' id='word_1_49' title='bbox 1170 937 1335 978; x_wconf 77' lang='lat' dir='ltr'>schedas</span> <span class='ocrx_word' id='word_1_50' title='bbox 1372 935 1645 987; x_wconf 61' lang='lat' dir='ltr'>Kindtinyseri</span> <span class='ocrx_word' id='word_1_51' title='bbox 1685 933 1750 975; x_wconf 91' lang='grc' dir='ltr'>ΙΙ.</span> <span class='ocrx_word' id='word_1_52' title='bbox 1780 936 1873 976; x_wconf 78' lang='grc'>138.</span> <span class='ocrx_word' id='word_1_53' title='bbox 1904 936 1942 983; x_wconf 79' lang='grc'>3,</span> <span class='ocrx_word' id='word_1_54' title='bbox 1982 936 2054 986; x_wconf 76' lang='lat' dir='ltr'>qni</span> <span class='ocrx_word' id='word_1_55' title='bbox 2091 937 2128 975; x_wconf 84' lang='lat' dir='ltr'>et</span> <span class='ocrx_word' id='word_1_56' title='bbox 2166 935 2252 986; x_wconf 76' lang='lat' dir='ltr'>ipse</span> <span class='ocrx_word' id='word_1_57' title='bbox 2293 936 2408 975; x_wconf 73' lang='lat' dir='ltr'>auto-</span> 
     </span>
     <span class='ocr_line' id='line_1_8' title="bbox 226 1002 2190 1059; baseline -0.002 -12"><span class='ocrx_word' id='word_1_58' title='bbox 226 1007 409 1059; x_wconf 69' lang='lat' dir='ltr'>qrapleon</span> <span class='ocrx_word' id='word_1_59' title='bbox 442 1006 669 1058; x_wconf 68' lang='lat' dir='ltr'>descripsit.</span> <span class='ocrx_word' id='word_1_60' title='bbox 703 1031 756 1035; x_wconf 88' lang='lat'>—-</span> <span class='ocrx_word' id='word_1_61' title='bbox 787 1004 1235 1046; x_wconf 73' lang='lat' dir='ltr'>Hm&#39;llard-Breholles</span> <span class='ocrx_word' id='word_1_62' title='bbox 1257 1005 1287 1045; x_wconf 93' lang='grc' dir='ltr'><em>Ι</em></span> <span class='ocrx_word' id='word_1_63' title='bbox 1292 1005 1336 1055; x_wconf 74' lang='lat' dir='ltr'>V,</span> <span class='ocrx_word' id='word_1_64' title='bbox 1360 1006 1456 1046; x_wconf 68' lang='lat'><em>604.</em></span> <span class='ocrx_word' id='word_1_65' title='bbox 1516 1003 1708 1054; x_wconf 67' lang='lat' dir='ltr'>Bonum,</span> <span class='ocrx_word' id='word_1_66' title='bbox 1740 1003 1838 1056; x_wconf 67' lang='lat' dir='ltr'>Ray.</span> <span class='ocrx_word' id='word_1_67' title='bbox 1869 1003 1964 1054; x_wconf 71' lang='lat' dir='ltr'>imp.</span> <span class='ocrx_word' id='word_1_68' title='bbox 1997 1002 2041 1053; x_wconf 87' lang='lat' dir='ltr'>V,</span> <span class='ocrx_word' id='word_1_69' title='bbox 2064 1005 2190 1045; x_wconf 70' lang='lat'><em>4271.</em></span> 
     </span>
    </p>

    <p class='ocr_par' dir='ltr' id='par_1_5' title="bbox 2035 1071 2265 1124">
     <span class='ocr_line' id='line_1_9' title="bbox 2035 1071 2265 1124; baseline -0.004 -11"><span class='ocrx_word' id='word_1_70' title='bbox 2035 1071 2103 1124; x_wconf 88' lang='lat' dir='ltr'>(P.</span> <span class='ocrx_word' id='word_1_71' title='bbox 2125 1071 2265 1121; x_wconf 87' lang='lat' dir='ltr'>deest.)</span> 
     </span>
    </p>
   </div>
   <div class='ocr_carea' id='block_1_5' title="bbox 230 1174 2478 1644">
    <p class='ocr_par' dir='ltr' id='par_1_6' title="bbox 232 1174 2478 1299">
     <span class='ocr_line' id='line_1_10' title="bbox 376 1174 2406 1231; baseline -0.001 -13"><span class='ocrx_word' id='word_1_72' title='bbox 376 1178 604 1218; x_wconf 87' lang='lat' dir='ltr'>Heinricus</span> <span class='ocrx_word' id='word_1_73' title='bbox 638 1177 717 1217; x_wconf 91' lang='lat' dir='ltr'>Dei</span> <span class='ocrx_word' id='word_1_74' title='bbox 751 1177 888 1231; x_wconf 83' lang='lat' dir='ltr'>gratia</span> <span class='ocrx_word' id='word_1_75' title='bbox 920 1176 1210 1217; x_wconf 82' lang='lat' dir='ltr'>Romanorum</span> <span class='ocrx_word' id='word_1_76' title='bbox 1246 1190 1323 1217; x_wconf 88' lang='lat' dir='ltr'>rex</span> <span class='ocrx_word' id='word_1_77' title='bbox 1356 1181 1399 1217; x_wconf 89' lang='lat' dir='ltr'>et</span> <span class='ocrx_word' id='word_1_78' title='bbox 1432 1189 1605 1230; x_wconf 81' lang='lat' dir='ltr'>semper</span> <span class='ocrx_word' id='word_1_79' title='bbox 1628 1178 1837 1230; x_wconf 82' lang='lat' dir='ltr'>augustus</span> <span class='ocrx_word' id='word_1_80' title='bbox 1860 1175 2058 1216; x_wconf 87' lang='lat' dir='ltr'>fidelibus</span> <span class='ocrx_word' id='word_1_81' title='bbox 2084 1175 2170 1215; x_wconf 89' lang='lat' dir='ltr'>suis</span> <span class='ocrx_word' id='word_1_82' title='bbox 2194 1174 2406 1215; x_wconf 84' lang='lat' dir='ltr'>universis</span> 
     </span>
     <span class='ocr_line' id='line_1_11' title="bbox 232 1243 2478 1299; baseline -0.001 -12"><span class='ocrx_word' id='word_1_83' title='bbox 232 1246 581 1288; x_wconf 80' lang='lat' dir='ltr'>ministerialibus</span> <span class='ocrx_word' id='word_1_84' title='bbox 614 1246 665 1286; x_wconf 89' lang='lat' dir='ltr'>de</span> <span class='ocrx_word' id='word_1_85' title='bbox 699 1245 909 1286; x_wconf 86' lang='lat' dir='ltr'>Sinzeehe</span> <span class='ocrx_word' id='word_1_86' title='bbox 943 1245 1127 1299; x_wconf 82' lang='lat' dir='ltr'>gratiam</span> <span class='ocrx_word' id='word_1_87' title='bbox 1162 1259 1283 1286; x_wconf 85' lang='lat' dir='ltr'>suam</span> <span class='ocrx_word' id='word_1_88' title='bbox 1316 1249 1358 1285; x_wconf 88' lang='lat' dir='ltr'>et</span> <span class='ocrx_word' id='word_1_89' title='bbox 1391 1258 1516 1285; x_wconf 89' lang='lat' dir='ltr'>omne</span> <span class='ocrx_word' id='word_1_90' title='bbox 1549 1243 1718 1284; x_wconf 89' lang='lat' dir='ltr'>bonum.</span> <span class='ocrx_word' id='word_1_91' title='bbox 2448 1261 2478 1285; x_wconf 80' lang='grc' dir='ltr'>ιυ</span> 
     </span>
    </p>

    <p class='ocr_par' dir='ltr' id='par_1_7' title="bbox 230 1313 2478 1644">
     <span class='ocr_line' id='line_1_12' title="bbox 375 1313 2409 1368; baseline -0.001 -13"><span class='ocrx_word' id='word_1_92' title='bbox 375 1316 580 1357; x_wconf 68' lang='lat' dir='ltr'>Volentes</span> <span class='ocrx_word' id='word_1_93' title='bbox 619 1315 816 1355; x_wconf 84' lang='lat' dir='ltr'>universa</span> <span class='ocrx_word' id='word_1_94' title='bbox 860 1313 971 1355; x_wconf 87' lang='lat' dir='ltr'>bona</span> <span class='ocrx_word' id='word_1_95' title='bbox 1015 1319 1056 1354; x_wconf 91' lang='lat' dir='ltr'>et</span> <span class='ocrx_word' id='word_1_96' title='bbox 1100 1328 1168 1355; x_wconf 91' lang='lat' dir='ltr'>res</span> <span class='ocrx_word' id='word_1_97' title='bbox 1213 1313 1362 1354; x_wconf 88' lang='lat' dir='ltr'>ditioni</span> <span class='ocrx_word' id='word_1_98' title='bbox 1405 1316 1549 1354; x_wconf 88' lang='lat' dir='ltr'>nostre</span> <span class='ocrx_word' id='word_1_99' title='bbox 1593 1313 1824 1354; x_wconf 80' lang='lat' dir='ltr'>attinentes</span> <span class='ocrx_word' id='word_1_100' title='bbox 1866 1317 1950 1353; x_wconf 90' lang='lat' dir='ltr'>tam</span> <span class='ocrx_word' id='word_1_101' title='bbox 1986 1313 2027 1353; x_wconf 93' lang='lat' dir='ltr'>in</span> <span class='ocrx_word' id='word_1_102' title='bbox 2059 1313 2409 1368; x_wconf 84' lang='lat' dir='ltr'>possessionibus</span> 
     </span>
     <span class='ocr_line' id='line_1_13' title="bbox 230 1380 2410 1439; baseline -0.001 -14"><span class='ocrx_word' id='word_1_103' title='bbox 230 1399 354 1439; x_wconf 84' lang='lat' dir='ltr'>quam</span> <span class='ocrx_word' id='word_1_104' title='bbox 403 1386 443 1425; x_wconf 93' lang='lat' dir='ltr'>in</span> <span class='ocrx_word' id='word_1_105' title='bbox 491 1384 637 1425; x_wconf 86' lang='lat' dir='ltr'>fermis</span> <span class='ocrx_word' id='word_1_106' title='bbox 677 1384 820 1424; x_wconf 89' lang='lat' dir='ltr'>illesas</span> <span class='ocrx_word' id='word_1_107' title='bbox 859 1382 982 1423; x_wconf 91' lang='lat' dir='ltr'>nobis</span> <span class='ocrx_word' id='word_1_108' title='bbox 1023 1386 1066 1423; x_wconf 89' lang='lat' dir='ltr'>et</span> <span class='ocrx_word' id='word_1_109' title='bbox 1108 1382 1287 1437; x_wconf 88' lang='lat' dir='ltr'>imperio</span> <span class='ocrx_word' id='word_1_110' title='bbox 1329 1382 1576 1423; x_wconf 84' lang='lat' dir='ltr'>conservari</span> <span class='ocrx_word' id='word_1_111' title='bbox 1624 1395 1789 1423; x_wconf 82' lang='lat' dir='ltr'>necnon</span> <span class='ocrx_word' id='word_1_112' title='bbox 1832 1382 2010 1423; x_wconf 89' lang='lat' dir='ltr'>fermam</span> <span class='ocrx_word' id='word_1_113' title='bbox 2052 1385 2240 1423; x_wconf 88' lang='lat' dir='ltr'>nostram</span> <span class='ocrx_word' id='word_1_114' title='bbox 2280 1380 2410 1422; x_wconf 89' lang='lat' dir='ltr'>banni</span> 
     </span>
     <span class='ocr_line' id='line_1_14' title="bbox 231 1449 2410 1504; baseline -0.002 -10"><span class='ocrx_word' id='word_1_115' title='bbox 231 1453 424 1495; x_wconf 84' lang='lat' dir='ltr'>custodie</span> <span class='ocrx_word' id='word_1_116' title='bbox 459 1453 703 1502; x_wconf 72' lang='lat' dir='ltr'>subiacere,</span> <span class='ocrx_word' id='word_1_117' title='bbox 737 1451 851 1492; x_wconf 91' lang='lat' dir='ltr'>fideli</span> <span class='ocrx_word' id='word_1_118' title='bbox 884 1455 1027 1492; x_wconf 87' lang='lat' dir='ltr'>nostro</span> <span class='ocrx_word' id='word_1_119' title='bbox 1063 1450 1285 1492; x_wconf 86' lang='lat' dir='ltr'>Gerhardo</span> <span class='ocrx_word' id='word_1_120' title='bbox 1319 1450 1370 1491; x_wconf 90' lang='lat' dir='ltr'>de</span> <span class='ocrx_word' id='word_1_121' title='bbox 1406 1450 1591 1492; x_wconf 83' lang='lat' dir='ltr'>Sinzech</span> <span class='ocrx_word' id='word_1_122' title='bbox 1623 1449 1820 1491; x_wconf 84' lang='lat' dir='ltr'>dedimus</span> <span class='ocrx_word' id='word_1_123' title='bbox 1852 1450 1894 1491; x_wconf 93' lang='lat' dir='ltr'>in</span> <span class='ocrx_word' id='word_1_124' title='bbox 1926 1449 2161 1501; x_wconf 87' lang='lat' dir='ltr'>mandatis,</span> <span class='ocrx_word' id='word_1_125' title='bbox 2194 1454 2241 1490; x_wconf 88' lang='lat' dir='ltr'>ut</span> <span class='ocrx_word' id='word_1_126' title='bbox 2272 1450 2307 1491; x_wconf 88' lang='lat' dir='ltr'>si</span> <span class='ocrx_word' id='word_1_127' title='bbox 2339 1450 2410 1504; x_wconf 90' lang='lat' dir='ltr'>qui</span> 
     </span>
     <span class='ocr_line' id='line_1_15' title="bbox 231 1518 2410 1575; baseline -0.002 -12"><span class='ocrx_word' id='word_1_128' title='bbox 231 1522 418 1564; x_wconf 78' lang='lat' dir='ltr'>mandati</span> <span class='ocrx_word' id='word_1_129' title='bbox 464 1523 596 1563; x_wconf 84' lang='lat' dir='ltr'>nostri</span> <span class='ocrx_word' id='word_1_130' title='bbox 637 1526 980 1575; x_wconf 85' lang='lat' dir='ltr'>transgressores</span> <span class='ocrx_word' id='word_1_131' title='bbox 1025 1521 1263 1565; x_wconf 72' lang='lat' dir='ltr'>extiterint.</span> <span class='ocrx_word' id='word_1_132' title='bbox 1308 1520 1481 1562; x_wconf 91' lang='lat' dir='ltr'>eosdem</span> <span class='ocrx_word' id='word_1_133' title='bbox 1522 1520 1643 1561; x_wconf 80' lang='lat' dir='ltr'>iuxta</span> <span class='ocrx_word' id='word_1_134' title='bbox 1683 1520 1888 1561; x_wconf 88' lang='lat' dir='ltr'>honorem</span> <span class='ocrx_word' id='word_1_135' title='bbox 1930 1523 2122 1560; x_wconf 89' lang='lat' dir='ltr'>nostrum</span> <span class='ocrx_word' id='word_1_136' title='bbox 2164 1522 2206 1559; x_wconf 89' lang='lat' dir='ltr'>et</span> <span class='ocrx_word' id='word_1_137' title='bbox 2243 1518 2410 1575; x_wconf 86' lang='lat' dir='ltr'>imperii</span> 
     </span>
     <span class='ocr_line' id='line_1_16' title="bbox 231 1588 2478 1644; baseline -0.001 -13"><span class='ocrx_word' id='word_1_138' title='bbox 231 1591 384 1632; x_wconf 88' lang='lat' dir='ltr'>debeat</span> <span class='ocrx_word' id='word_1_139' title='bbox 418 1589 660 1632; x_wconf 86' lang='lat' dir='ltr'>emendare.</span> <span class='ocrx_word' id='word_1_140' title='bbox 722 1589 834 1631; x_wconf 84' lang='lat' dir='ltr'>Hine</span> <span class='ocrx_word' id='word_1_141' title='bbox 867 1594 945 1641; x_wconf 64' lang='lat' dir='ltr'>est,</span> <span class='ocrx_word' id='word_1_142' title='bbox 980 1589 1092 1644; x_wconf 92' lang='lat' dir='ltr'>quod</span> <span class='ocrx_word' id='word_1_143' title='bbox 1125 1589 1398 1631; x_wconf 86' lang='lat' dir='ltr'>universitati</span> <span class='ocrx_word' id='word_1_144' title='bbox 1420 1594 1561 1630; x_wconf 87' lang='lat' dir='ltr'>vestre</span> <span class='ocrx_word' id='word_1_145' title='bbox 1595 1588 1846 1630; x_wconf 85' lang='lat' dir='ltr'>mandamus</span> <span class='ocrx_word' id='word_1_146' title='bbox 1878 1603 1956 1644; x_wconf 88' lang='lat' dir='ltr'>per</span> <span class='ocrx_word' id='word_1_147' title='bbox 1987 1588 2171 1642; x_wconf 86' lang='lat' dir='ltr'>gratiam</span> <span class='ocrx_word' id='word_1_148' title='bbox 2193 1591 2409 1629; x_wconf 67' lang='lat' dir='ltr'>nostrama</span> <span class='ocrx_word' id='word_1_149' title='bbox 2447 1599 2478 1624; x_wconf 83' lang='lat'>1⁵</span> 
     </span>
    </p>
   </div>
   <div class='ocr_carea' id='block_1_6' title="bbox 230 1655 2408 1783">
    <p class='ocr_par' dir='ltr' id='par_1_8' title="bbox 230 1655 2408 1783">
     <span class='ocr_line' id='line_1_17' title="bbox 230 1655 2408 1715; baseline -0.002 -14"><span class='ocrx_word' id='word_1_150' title='bbox 230 1660 405 1701; x_wconf 85' lang='lat' dir='ltr'>firmiter</span> <span class='ocrx_word' id='word_1_151' title='bbox 436 1660 737 1715; x_wconf 67' lang='lat' dir='ltr'>precipientes,</span> <span class='ocrx_word' id='word_1_152' title='bbox 771 1664 981 1713; x_wconf 87' lang='lat' dir='ltr'>quatenus</span> <span class='ocrx_word' id='word_1_153' title='bbox 1013 1659 1091 1713; x_wconf 89' lang='lat' dir='ltr'>ipsi</span> <span class='ocrx_word' id='word_1_154' title='bbox 1126 1659 1237 1699; x_wconf 87' lang='lat' dir='ltr'>cirea</span> <span class='ocrx_word' id='word_1_155' title='bbox 1259 1657 1450 1713; x_wconf 88' lang='lat' dir='ltr'>predicta</span> <span class='ocrx_word' id='word_1_156' title='bbox 1473 1658 1679 1699; x_wconf 86' lang='lat' dir='ltr'>auxilium</span> <span class='ocrx_word' id='word_1_157' title='bbox 1704 1656 2022 1713; x_wconf 79' lang='lat' dir='ltr'>impendenteS,</span> <span class='ocrx_word' id='word_1_158' title='bbox 2056 1655 2247 1712; x_wconf 91' lang='lat' dir='ltr'>inpedire</span> <span class='ocrx_word' id='word_1_159' title='bbox 2270 1656 2408 1698; x_wconf 89' lang='lat' dir='ltr'>nulla-</span> 
     </span>
     <span class='ocr_line' id='line_1_18' title="bbox 232 1729 660 1783; baseline -0.002 -14"><span class='ocrx_word' id='word_1_160' title='bbox 232 1740 355 1770; x_wconf 84' lang='lat' dir='ltr'>tenus</span> <span class='ocrx_word' id='word_1_161' title='bbox 388 1729 660 1783; x_wconf 85' lang='lat' dir='ltr'>presumatis.</span> 
     </span>
    </p>
   </div>
   <div class='ocr_carea' id='block_1_7' title="bbox 378 1794 1804 1852">
    <p class='ocr_par' dir='ltr' id='par_1_9' title="bbox 378 1794 1804 1852">
     <span class='ocr_line' id='line_1_19' title="bbox 378 1794 1804 1852; baseline 0.001 -14"><span class='ocrx_word' id='word_1_162' title='bbox 378 1797 535 1838; x_wconf 85' lang='lat' dir='ltr'>Datum</span> <span class='ocrx_word' id='word_1_163' title='bbox 570 1797 681 1852; x_wconf 82' lang='lat' dir='ltr'>apud</span> <span class='ocrx_word' id='word_1_164' title='bbox 714 1797 987 1852; x_wconf 63' lang='lat' dir='ltr'>Bopardiam,</span> <span class='ocrx_word' id='word_1_165' title='bbox 1020 1796 1077 1836; x_wconf 83' lang='lat' dir='ltr'>H.</span> <span class='ocrx_word' id='word_1_166' title='bbox 1108 1796 1251 1836; x_wconf 84' lang='lat' dir='ltr'>Nonas</span> <span class='ocrx_word' id='word_1_167' title='bbox 1285 1795 1442 1847; x_wconf 64' lang='lat' dir='ltr'>Martii„</span> <span class='ocrx_word' id='word_1_168' title='bbox 1477 1794 1707 1836; x_wconf 81' lang='lat' dir='ltr'>indictione</span> <span class='ocrx_word' id='word_1_169' title='bbox 1730 1795 1804 1839; x_wconf 88' lang='lat' dir='ltr'>Vl.</span> 
     </span>
    </p>
   </div>
   <div class='ocr_carea' id='block_1_8' title="bbox 383 2201 2558 2378">
    <p class='ocr_par' dir='ltr' id='par_1_10' title="bbox 383 2201 2558 2378">
     <span class='ocr_line' id='line_1_20' title="bbox 437 2201 2211 2274; baseline -0.001 -1"><span class='ocrx_word' id='word_1_170' title='bbox 437 2206 565 2273; x_wconf 79' lang='lat'>316.</span> <span class='ocrx_word' id='word_1_171' title='bbox 622 2202 1145 2274; x_wconf 76' lang='lat' dir='ltr'><strong>EPISTOLA</strong></span> <span class='ocrx_word' id='word_1_172' title='bbox 1190 2203 1332 2273; x_wconf 74' lang='lat' dir='ltr'>AD</span> <span class='ocrx_word' id='word_1_173' title='bbox 1378 2201 2043 2273; x_wconf 72' lang='lat' dir='ltr'>GREGORIUM</span> <span class='ocrx_word' id='word_1_174' title='bbox 2087 2201 2211 2272; x_wconf 88' lang='lat' dir='ltr'>IX.</span> 
     </span>
     <span class='ocr_line' id='line_1_21' title="bbox 383 2303 2558 2378; baseline -0.001 -2"><span class='ocrx_word' id='word_1_175' title='bbox 383 2307 521 2376; x_wconf 84' lang='lat' dir='ltr'>DE</span> <span class='ocrx_word' id='word_1_176' title='bbox 575 2306 1230 2378; x_wconf 77' lang='lat' dir='ltr'><strong>[URAMENTO</strong></span> <span class='ocrx_word' id='word_1_177' title='bbox 1281 2305 1604 2376; x_wconf 81' lang='lat' dir='ltr'>PATRI</span> <span class='ocrx_word' id='word_1_178' title='bbox 1654 2303 2265 2375; x_wconf 75' lang='lat' dir='ltr'>PRAESTITO.</span> <span class='ocrx_word' id='word_1_179' title='bbox 2450 2333 2482 2358; x_wconf 77' lang='lat'>20</span> <span class='ocrx_word' id='word_1_180' title='bbox 2517 2316 2558 2356; x_wconf 40' lang='grc' dir='ltr'><strong><em>Α</em></strong></span> 
     </span>
    </p>
   </div>
   <div class='ocr_carea' id='block_1_9' title="bbox 1120 2430 1527 2489">
    <p class='ocr_par' dir='ltr' id='par_1_11' title="bbox 1120 2430 1527 2489">
     <span class='ocr_line' id='line_1_22' title="bbox 1120 2430 1527 2489; baseline -0.002 -12"><span class='ocrx_word' id='word_1_181' title='bbox 1120 2431 1262 2477; x_wconf 56' lang='grc'><strong>1933.</strong></span> <span class='ocrx_word' id='word_1_182' title='bbox 1301 2430 1419 2489; x_wconf 81' lang='lat' dir='ltr'>Apr.</span> <span class='ocrx_word' id='word_1_183' title='bbox 1454 2431 1527 2476; x_wconf 88' lang='lat'>10.</span> 
     </span>
    </p>
   </div>
   <div class='ocr_carea' id='block_1_10' title="bbox 235 2573 2485 3247">
    <p class='ocr_par' dir='ltr' id='par_1_12' title="bbox 235 2573 2485 3247">
     <span class='ocr_line' id='line_1_23' title="bbox 378 2573 2415 2631; baseline -0.001 -14"><span class='ocrx_word' id='word_1_184' title='bbox 378 2576 549 2629; x_wconf 69' lang='lat' dir='ltr'>Leyitnr</span> <span class='ocrx_word' id='word_1_185' title='bbox 582 2578 624 2618; x_wconf 75' lang='lat' dir='ltr'>in</span> <span class='ocrx_word' id='word_1_186' title='bbox 674 2578 711 2631; x_wconf 85' lang='lat' dir='ltr'>l)</span> <span class='ocrx_word' id='word_1_187' title='bbox 748 2578 1018 2618; x_wconf 77' lang='lat' dir='ltr'>Transsumto</span> <span class='ocrx_word' id='word_1_188' title='bbox 1051 2575 1321 2629; x_wconf 71' lang='lat' dir='ltr'>Lnydnnensi</span> <span class='ocrx_word' id='word_1_189' title='bbox 1351 2589 1388 2616; x_wconf 88' lang='lat' dir='ltr'>a.</span> <span class='ocrx_word' id='word_1_190' title='bbox 1414 2576 1521 2616; x_wconf 76' lang='lat'><strong><em>1245</em></strong></span> <span class='ocrx_word' id='word_1_191' title='bbox 1553 2574 1688 2629; x_wconf 82' lang='lat' dir='ltr'>facto,</span> <span class='ocrx_word' id='word_1_192' title='bbox 1727 2573 1835 2627; x_wconf 74' lang='lat' dir='ltr'>quod</span> <span class='ocrx_word' id='word_1_193' title='bbox 1863 2576 2102 2616; x_wconf 77' lang='lat' dir='ltr'>asservatur</span> <span class='ocrx_word' id='word_1_194' title='bbox 2131 2574 2178 2615; x_wconf 87' lang='lat' dir='ltr'>in</span> <span class='ocrx_word' id='word_1_195' title='bbox 2209 2574 2415 2616; x_wconf 75' lang='lat' dir='ltr'>tabulario</span> 
     </span>
     <span class='ocr_line' id='line_1_24' title="bbox 246 2641 2415 2697; baseline -0 -14"><span class='ocrx_word' id='word_1_196' title='bbox 246 2645 458 2695; x_wconf 72' lang='lat' dir='ltr'>Vaticano,</span> <span class='ocrx_word' id='word_1_197' title='bbox 498 2646 618 2687; x_wconf 78' lang='lat' dir='ltr'>Arm.</span> <span class='ocrx_word' id='word_1_198' title='bbox 650 2647 685 2687; x_wconf 94' lang='grc' dir='ltr'>Ι.</span> <span class='ocrx_word' id='word_1_199' title='bbox 730 2661 760 2687; x_wconf 82' lang='lat' dir='ltr'>c.</span> <span class='ocrx_word' id='word_1_200' title='bbox 791 2646 844 2687; x_wconf 90' lang='lat' dir='ltr'>X.</span> <span class='ocrx_word' id='word_1_201' title='bbox 883 2659 949 2686; x_wconf 80' lang='lat' dir='ltr'>nr.</span> <span class='ocrx_word' id='word_1_202' title='bbox 981 2647 1019 2694; x_wconf 79' lang='lat'>2,</span> <span class='ocrx_word' id='word_1_203' title='bbox 1066 2645 1293 2697; x_wconf 70' lang='lat' dir='ltr'>eoeemplato</span> <span class='ocrx_word' id='word_1_204' title='bbox 1341 2657 1368 2683; x_wconf 87' lang='lat' dir='ltr'>a</span> <span class='ocrx_word' id='word_1_205' title='bbox 1415 2643 1503 2684; x_wconf 82' lang='lat' dir='ltr'>viro</span> <span class='ocrx_word' id='word_1_206' title='bbox 1549 2642 1588 2683; x_wconf 91' lang='lat' dir='ltr'>d.</span> <span class='ocrx_word' id='word_1_207' title='bbox 1620 2642 1757 2692; x_wconf 72' lang='lat' dir='ltr'>Kelir;</span> <span class='ocrx_word' id='word_1_208' title='bbox 1813 2641 1857 2697; x_wconf 80' lang='lat'>2)</span> <span class='ocrx_word' id='word_1_209' title='bbox 1899 2642 2029 2684; x_wconf 83' lang='lat' dir='ltr'>codiee</span> <span class='ocrx_word' id='word_1_210' title='bbox 2074 2642 2274 2684; x_wconf 80' lang='lat' dir='ltr'>Parisino</span> <span class='ocrx_word' id='word_1_211' title='bbox 2303 2643 2415 2683; x_wconf 80' lang='lat'><em>8990</em></span> 
     </span>
     <span class='ocr_line' id='line_1_25' title="bbox 235 2711 2415 2768; baseline 0 -15"><span class='ocrx_word' id='word_1_212' title='bbox 235 2726 339 2755; x_wconf 80' lang='lat' dir='ltr'>saec,</span> <span class='ocrx_word' id='word_1_213' title='bbox 368 2714 542 2755; x_wconf 84' lang='lat' dir='ltr'><em>XVIII.</em></span> <span class='ocrx_word' id='word_1_214' title='bbox 586 2715 850 2768; x_wconf 66' lang='lat' dir='ltr'>apoyraplzon</span> <span class='ocrx_word' id='word_1_215' title='bbox 891 2715 1137 2756; x_wconf 77' lang='lat' dir='ltr'>Rotaloram</span> <span class='ocrx_word' id='word_1_216' title='bbox 1172 2713 1506 2755; x_wconf 81' lang='lat' dir='ltr'>Cluniacensinm</span> <span class='ocrx_word' id='word_1_217' title='bbox 1546 2712 1774 2754; x_wconf 69' lang='lat' dir='ltr'>continente</span> <span class='ocrx_word' id='word_1_218' title='bbox 1814 2711 1927 2765; x_wconf 89' lang='lat' dir='ltr'>(Rot.</span> <span class='ocrx_word' id='word_1_219' title='bbox 1950 2712 1981 2752; x_wconf 93' lang='grc' dir='ltr'><em>Ι</em></span> <span class='ocrx_word' id='word_1_220' title='bbox 1986 2711 2070 2765; x_wconf 78' lang='lat' dir='ltr'><em>V.),</em></span> <span class='ocrx_word' id='word_1_221' title='bbox 2111 2726 2161 2753; x_wconf 75' lang='lat' dir='ltr'>ex</span> <span class='ocrx_word' id='word_1_222' title='bbox 2198 2725 2276 2764; x_wconf 78' lang='lat' dir='ltr'>qno</span> <span class='ocrx_word' id='word_1_223' title='bbox 2306 2712 2415 2753; x_wconf 88' lang='lat' dir='ltr'>edita</span> 
     </span>
     <span class='ocr_line' id='line_1_26' title="bbox 235 2780 2484 2834; baseline 0 -12"><span class='ocrx_word' id='word_1_224' title='bbox 235 2785 292 2822; x_wconf 82' lang='lat' dir='ltr'>est</span> <span class='ocrx_word' id='word_1_225' title='bbox 317 2782 492 2824; x_wconf 65' lang='lat' dir='ltr'>‘Notio-es</span> <span class='ocrx_word' id='word_1_226' title='bbox 513 2786 549 2824; x_wconf 82' lang='lat' dir='ltr'>et</span> <span class='ocrx_word' id='word_1_227' title='bbox 571 2784 756 2824; x_wconf 70' lang='lat' dir='ltr'>eaetraits&#39;</span> <span class='ocrx_word' id='word_1_228' title='bbox 783 2783 908 2833; x_wconf 87' lang='lat' dir='ltr'><strong><em>XXI,</em></strong></span> <span class='ocrx_word' id='word_1_229' title='bbox 930 2785 968 2833; x_wconf 74' lang='lat'>2,</span> <span class='ocrx_word' id='word_1_230' title='bbox 991 2783 1074 2823; x_wconf 80' lang='lat'>356</span> <span class='ocrx_word' id='word_1_231' title='bbox 1095 2796 1161 2825; x_wconf 78' lang='lat' dir='ltr'>nr.</span> <span class='ocrx_word' id='word_1_232' title='bbox 1177 2782 1314 2823; x_wconf 90' lang='lat' dir='ltr'>XXX</span> <span class='ocrx_word' id='word_1_233' title='bbox 1325 2782 1354 2832; x_wconf 83' lang='lat'>¹,·</span> <span class='ocrx_word' id='word_1_234' title='bbox 1374 2780 1429 2834; x_wconf 77' lang='grc'>’3)</span> <span class='ocrx_word' id='word_1_235' title='bbox 1453 2781 1498 2822; x_wconf 88' lang='lat' dir='ltr'>in</span> <span class='ocrx_word' id='word_1_236' title='bbox 1521 2781 1722 2822; x_wconf 82' lang='lat' dir='ltr'>Platinae</span> <span class='ocrx_word' id='word_1_237' title='bbox 1744 2780 1873 2821; x_wconf 81' lang='lat' dir='ltr'>Libro</span> <span class='ocrx_word' id='word_1_238' title='bbox 1894 2780 2207 2834; x_wconf 74' lang='lat' dir='ltr'>privileyiormn</span> <span class='ocrx_word' id='word_1_239' title='bbox 2227 2781 2416 2822; x_wconf 81' lang='lat' dir='ltr'>ecelesiae</span> <span class='ocrx_word' id='word_1_240' title='bbox 2452 2797 2484 2822; x_wconf 77' lang='lat'>25</span> 
     </span>
     <span class='ocr_line' id='line_1_27' title="bbox 238 2848 2419 2905; baseline -0 -14"><span class='ocrx_word' id='word_1_241' title='bbox 238 2851 450 2892; x_wconf 78' lang='lat' dir='ltr'>Romanae</span> <span class='ocrx_word' id='word_1_242' title='bbox 490 2864 592 2894; x_wconf 83' lang='lat' dir='ltr'>saec.</span> <span class='ocrx_word' id='word_1_243' title='bbox 620 2851 744 2892; x_wconf 89' lang='lat' dir='ltr'><strong><em>XVI.</em></strong></span> <span class='ocrx_word' id='word_1_244' title='bbox 774 2852 832 2894; x_wconf 81' lang='lat' dir='ltr'>in.</span> <span class='ocrx_word' id='word_1_245' title='bbox 875 2854 967 2893; x_wconf 84' lang='lat' dir='ltr'>tom.</span> <span class='ocrx_word' id='word_1_246' title='bbox 995 2852 1031 2901; x_wconf 87' lang='lat' dir='ltr'>I,</span> <span class='ocrx_word' id='word_1_247' title='bbox 1064 2850 1140 2905; x_wconf 80' lang='lat' dir='ltr'>fol.</span> <span class='ocrx_word' id='word_1_248' title='bbox 1165 2853 1228 2901; x_wconf 85' lang='lat'>16,</span> <span class='ocrx_word' id='word_1_249' title='bbox 1266 2851 1338 2903; x_wconf 75' lang='lat' dir='ltr'>qui</span> <span class='ocrx_word' id='word_1_250' title='bbox 1374 2852 1508 2892; x_wconf 73' lang='lat' dir='ltr'>exstat</span> <span class='ocrx_word' id='word_1_251' title='bbox 1545 2850 1592 2891; x_wconf 88' lang='lat' dir='ltr'>in</span> <span class='ocrx_word' id='word_1_252' title='bbox 1629 2849 1837 2890; x_wconf 77' lang='lat' dir='ltr'>tabulario</span> <span class='ocrx_word' id='word_1_253' title='bbox 1867 2848 2087 2898; x_wconf 83' lang='lat' dir='ltr'>Vaticano,</span> <span class='ocrx_word' id='word_1_254' title='bbox 2126 2862 2147 2890; x_wconf 85' lang='lat' dir='ltr'>e</span> <span class='ocrx_word' id='word_1_255' title='bbox 2183 2861 2262 2902; x_wconf 78' lang='lat' dir='ltr'>qao</span> <span class='ocrx_word' id='word_1_256' title='bbox 2291 2848 2419 2890; x_wconf 79' lang='lat' dir='ltr'>edidit</span> 
     </span>
     <span class='ocr_line' id='line_1_28' title="bbox 237 2916 2418 2974; baseline -0.001 -14"><span class='ocrx_word' id='word_1_257' title='bbox 237 2919 506 2961; x_wconf 79' lang='lat' dir='ltr'>Huiltardus.</span> <span class='ocrx_word' id='word_1_258' title='bbox 578 2919 641 2961; x_wconf 91' lang='lat' dir='ltr'>De</span> <span class='ocrx_word' id='word_1_259' title='bbox 683 2934 726 2961; x_wconf 81' lang='lat' dir='ltr'>re</span> <span class='ocrx_word' id='word_1_260' title='bbox 761 2921 854 2974; x_wconf 77' lang='lat' dir='ltr'>ipsa</span> <span class='ocrx_word' id='word_1_261' title='bbox 894 2923 930 2961; x_wconf 86' lang='lat' dir='ltr'>et</span> <span class='ocrx_word' id='word_1_262' title='bbox 967 2923 1141 2972; x_wconf 73' lang='lat' dir='ltr'>tempore</span> <span class='ocrx_word' id='word_1_263' title='bbox 1182 2921 1233 2971; x_wconf 80' lang='lat' dir='ltr'>ef.</span> <span class='ocrx_word' id='word_1_264' title='bbox 1273 2919 1479 2971; x_wconf 71' lang='lat' dir='ltr'>imprimis</span> <span class='ocrx_word' id='word_1_265' title='bbox 1526 2919 1661 2959; x_wconf 68' lang='lat' dir='ltr'>virum</span> <span class='ocrx_word' id='word_1_266' title='bbox 1708 2918 1754 2959; x_wconf 82' lang='lat' dir='ltr'>el.</span> <span class='ocrx_word' id='word_1_267' title='bbox 1784 2916 1935 2959; x_wconf 75' lang='lat' dir='ltr'>Ficker</span> <span class='ocrx_word' id='word_1_268' title='bbox 1975 2917 2309 2970; x_wconf 76' lang='lat' dir='ltr'>‘Mittheilnnyen</span> <span class='ocrx_word' id='word_1_269' title='bbox 2349 2916 2418 2959; x_wconf 88' lang='lat' dir='ltr'>des</span> 
     </span>
     <span class='ocr_line' id='line_1_29' title="bbox 238 2985 2416 3042; baseline -0.001 -13"><span class='ocrx_word' id='word_1_270' title='bbox 238 2988 432 3029; x_wconf 76' lang='lat' dir='ltr'>Instituts</span> <span class='ocrx_word' id='word_1_271' title='bbox 457 2988 538 3042; x_wconf 66' lang='lat' dir='ltr'>fiir</span> <span class='ocrx_word' id='word_1_272' title='bbox 569 2987 796 3029; x_wconf 68' lang='lat' dir='ltr'>osterreich.</span> <span class='ocrx_word' id='word_1_273' title='bbox 824 2987 1291 3041; x_wconf 67' lang='lat' dir='ltr'>Geschiehtsforschnnq’</span> <span class='ocrx_word' id='word_1_274' title='bbox 1327 2988 1360 3037; x_wconf 89' lang='grc' dir='ltr'>Ι,</span> <span class='ocrx_word' id='word_1_275' title='bbox 1384 2989 1466 3028; x_wconf 83' lang='grc'><em>606·</em></span> <span class='ocrx_word' id='word_1_276' title='bbox 1495 2990 1532 3028; x_wconf 87' lang='lat' dir='ltr'>et</span> <span class='ocrx_word' id='word_1_277' title='bbox 1560 2986 1773 3041; x_wconf 76' lang='lat' dir='ltr'>epistolam</span> <span class='ocrx_word' id='word_1_278' title='bbox 1798 2986 1991 3039; x_wconf 72' lang='lat' dir='ltr'>Greyorii</span> <span class='ocrx_word' id='word_1_279' title='bbox 2019 2986 2102 3028; x_wconf 87' lang='lat' dir='ltr'>IX.</span> <span class='ocrx_word' id='word_1_280' title='bbox 2133 2985 2190 3027; x_wconf 89' lang='lat' dir='ltr'>ad</span> <span class='ocrx_word' id='word_1_281' title='bbox 2217 2985 2416 3038; x_wconf 76' lang='lat' dir='ltr'>arehiepi-</span> 
     </span>
     <span class='ocr_line' id='line_1_30' title="bbox 238 3053 2415 3108; baseline -0 -13"><span class='ocrx_word' id='word_1_282' title='bbox 238 3070 398 3108; x_wconf 74' lang='lat' dir='ltr'>scopum</span> <span class='ocrx_word' id='word_1_283' title='bbox 427 3057 705 3098; x_wconf 73' lang='lat' dir='ltr'>Trevirensem</span> <span class='ocrx_word' id='word_1_284' title='bbox 727 3071 764 3097; x_wconf 90' lang='lat' dir='ltr'>a.</span> <span class='ocrx_word' id='word_1_285' title='bbox 790 3059 912 3098; x_wconf 70' lang='lat'><em>1234.</em></span> <span class='ocrx_word' id='word_1_286' title='bbox 947 3057 1032 3098; x_wconf 70' lang='lat' dir='ltr'><em>Iul.</em></span> <span class='ocrx_word' id='word_1_287' title='bbox 1057 3058 1080 3097; x_wconf 83' lang='lat'><strong><em>5</em></strong></span> <span class='ocrx_word' id='word_1_288' title='bbox 1113 3056 1254 3097; x_wconf 83' lang='lat' dir='ltr'>datam</span> <span class='ocrx_word' id='word_1_289' title='bbox 1276 3056 1504 3108; x_wconf 66' lang='lat' dir='ltr'>(Heaaard</span> <span class='ocrx_word' id='word_1_290' title='bbox 1524 3055 1605 3105; x_wconf 87' lang='lat' dir='ltr'>IV,</span> <span class='ocrx_word' id='word_1_291' title='bbox 1625 3057 1731 3104; x_wconf 74' lang='lat'><em>473;</em></span> <span class='ocrx_word' id='word_1_292' title='bbox 1762 3053 1952 3095; x_wconf 71' lang='lat' dir='ltr'>Pottleast</span> <span class='ocrx_word' id='word_1_293' title='bbox 1973 3055 2116 3108; x_wconf 73' lang='lat'><em>9487),</em></span> <span class='ocrx_word' id='word_1_294' title='bbox 2147 3067 2271 3106; x_wconf 76' lang='lat' dir='ltr'>qnam</span> <span class='ocrx_word' id='word_1_295' title='bbox 2291 3053 2415 3095; x_wconf 83' lang='lat' dir='ltr'>etiam</span> 
     </span>
     <span class='ocr_line' id='line_1_31' title="bbox 240 3122 2485 3178; baseline 0 -14"><span class='ocrx_word' id='word_1_296' title='bbox 240 3125 295 3165; x_wconf 86' lang='lat' dir='ltr'>ad</span> <span class='ocrx_word' id='word_1_297' title='bbox 336 3125 580 3166; x_wconf 79' lang='lat' dir='ltr'>Heinricum</span> <span class='ocrx_word' id='word_1_298' title='bbox 628 3139 756 3178; x_wconf 66' lang='lat' dir='ltr'>reyem</span> <span class='ocrx_word' id='word_1_299' title='bbox 806 3126 975 3166; x_wconf 67' lang='lat' dir='ltr'>medatis</span> <span class='ocrx_word' id='word_1_300' title='bbox 1016 3125 1228 3166; x_wconf 75' lang='lat' dir='ltr'>mutandis</span> <span class='ocrx_word' id='word_1_301' title='bbox 1272 3125 1412 3166; x_wconf 82' lang='lat' dir='ltr'>datam</span> <span class='ocrx_word' id='word_1_302' title='bbox 1458 3137 1541 3165; x_wconf 83' lang='lat' dir='ltr'>esse</span> <span class='ocrx_word' id='word_1_303' title='bbox 1581 3123 1815 3165; x_wconf 70' lang='lat' dir='ltr'>Bo&#39;limeras</span> <span class='ocrx_word' id='word_1_304' title='bbox 1855 3122 2065 3164; x_wconf 79' lang='lat' dir='ltr'>iudicavit.</span> <span class='ocrx_word' id='word_1_305' title='bbox 2103 3147 2156 3152; x_wconf 84' lang='lat'>-</span> <span class='ocrx_word' id='word_1_306' title='bbox 2192 3123 2415 3164; x_wconf 82' lang='lat' dir='ltr'>Huillard-</span> <span class='ocrx_word' id='word_1_307' title='bbox 2452 3144 2485 3169; x_wconf 75' lang='lat'>30</span> 
     </span>
     <span class='ocr_line' id='line_1_32' title="bbox 241 3191 2273 3247; baseline -0.001 -13"><span class='ocrx_word' id='word_1_308' title='bbox 241 3193 452 3234; x_wconf 77' lang='lat' dir='ltr'>Bre‘lzolles</span> <span class='ocrx_word' id='word_1_309' title='bbox 482 3193 562 3243; x_wconf 84' lang='lat' dir='ltr'>IV,</span> <span class='ocrx_word' id='word_1_310' title='bbox 587 3195 679 3235; x_wconf 75' lang='lat'>952.</span> <span class='ocrx_word' id='word_1_311' title='bbox 742 3194 933 3244; x_wconf 64' lang='lat' dir='ltr'>Belimer,</span> <span class='ocrx_word' id='word_1_312' title='bbox 972 3194 1069 3247; x_wconf 59' lang='lat' dir='ltr'>Rea.</span> <span class='ocrx_word' id='word_1_313' title='bbox 1102 3195 1198 3246; x_wconf 72' lang='lat' dir='ltr'>imp.</span> <span class='ocrx_word' id='word_1_314' title='bbox 1235 3193 1274 3243; x_wconf 86' lang='lat' dir='ltr'>V,</span> <span class='ocrx_word' id='word_1_315' title='bbox 1297 3195 1421 3234; x_wconf 72' lang='lat'><strong><em>4278.</em></strong></span> <span class='ocrx_word' id='word_1_316' title='bbox 2042 3191 2110 3243; x_wconf 90' lang='lat' dir='ltr'>(P.</span> <span class='ocrx_word' id='word_1_317' title='bbox 2133 3191 2273 3245; x_wconf 87' lang='lat' dir='ltr'>deest.)</span> 
     </span>
    </p>
   </div>
   <div class='ocr_carea' id='block_1_11' title="bbox 242 3328 2414 3511">
    <p class='ocr_par' dir='ltr' id='par_1_13' title="bbox 242 3328 2414 3511">
     <span class='ocr_line' id='line_1_33' title="bbox 384 3328 2413 3386; baseline 0 -15"><span class='ocrx_word' id='word_1_318' title='bbox 384 3330 664 3373; x_wconf 79' lang='lat' dir='ltr'>sanctissimo</span> <span class='ocrx_word' id='word_1_319' title='bbox 698 3331 739 3371; x_wconf 88' lang='lat' dir='ltr'>in</span> <span class='ocrx_word' id='word_1_320' title='bbox 773 3330 942 3372; x_wconf 87' lang='lat' dir='ltr'>Christo</span> <span class='ocrx_word' id='word_1_321' title='bbox 975 3331 1084 3386; x_wconf 86' lang='lat' dir='ltr'>patri</span> <span class='ocrx_word' id='word_1_322' title='bbox 1120 3336 1162 3372; x_wconf 85' lang='lat' dir='ltr'>et</span> <span class='ocrx_word' id='word_1_323' title='bbox 1194 3329 1362 3371; x_wconf 89' lang='lat' dir='ltr'>domino</span> <span class='ocrx_word' id='word_1_324' title='bbox 1395 3328 1607 3383; x_wconf 86' lang='lat' dir='ltr'>Gregorio</span> <span class='ocrx_word' id='word_1_325' title='bbox 1641 3328 1724 3370; x_wconf 85' lang='lat' dir='ltr'>Dei</span> <span class='ocrx_word' id='word_1_326' title='bbox 1756 3329 1894 3383; x_wconf 85' lang='lat' dir='ltr'>gratia</span> <span class='ocrx_word' id='word_1_327' title='bbox 1925 3333 2198 3370; x_wconf 85' lang='lat' dir='ltr'>sacrosancte</span> <span class='ocrx_word' id='word_1_328' title='bbox 2220 3328 2413 3371; x_wconf 87' lang='lat' dir='ltr'>Romane</span> 
     </span>
     <span class='ocr_line' id='line_1_34' title="bbox 245 3398 2414 3455; baseline -0.001 -15"><span class='ocrx_word' id='word_1_329' title='bbox 245 3401 427 3441; x_wconf 84' lang='lat' dir='ltr'>ecclesie</span> <span class='ocrx_word' id='word_1_330' title='bbox 462 3414 626 3441; x_wconf 90' lang='lat' dir='ltr'>summo</span> <span class='ocrx_word' id='word_1_331' title='bbox 658 3400 851 3454; x_wconf 88' lang='lat' dir='ltr'>pontifici</span> <span class='ocrx_word' id='word_1_332' title='bbox 882 3401 1099 3442; x_wconf 86' lang='lat' dir='ltr'>Henricus</span> <span class='ocrx_word' id='word_1_333' title='bbox 1133 3399 1284 3441; x_wconf 87' lang='lat' dir='ltr'>eadem</span> <span class='ocrx_word' id='word_1_334' title='bbox 1326 3399 1467 3455; x_wconf 86' lang='lat' dir='ltr'>gratia</span> <span class='ocrx_word' id='word_1_335' title='bbox 1497 3398 1787 3454; x_wconf 76' lang='lat' dir='ltr'>Romanorum</span> <span class='ocrx_word' id='word_1_336' title='bbox 1822 3410 1900 3437; x_wconf 83' lang='lat' dir='ltr'>rex</span> <span class='ocrx_word' id='word_1_337' title='bbox 1932 3401 1975 3437; x_wconf 90' lang='lat' dir='ltr'>et</span> <span class='ocrx_word' id='word_1_338' title='bbox 2008 3410 2178 3452; x_wconf 87' lang='lat' dir='ltr'>semper</span> <span class='ocrx_word' id='word_1_339' title='bbox 2209 3401 2414 3451; x_wconf 78' lang='lat' dir='ltr'>augustus</span> 
     </span>
     <span class='ocr_line' id='line_1_35' title="bbox 242 3469 1034 3511; baseline 0.003 -3"><span class='ocrx_word' id='word_1_340' title='bbox 242 3469 423 3509; x_wconf 87' lang='lat' dir='ltr'>salutem</span> <span class='ocrx_word' id='word_1_341' title='bbox 457 3473 499 3508; x_wconf 86' lang='lat' dir='ltr'>et</span> <span class='ocrx_word' id='word_1_342' title='bbox 529 3469 815 3510; x_wconf 87' lang='lat' dir='ltr'>reverentiam</span> <span class='ocrx_word' id='word_1_343' title='bbox 848 3470 1034 3511; x_wconf 87' lang='lat' dir='ltr'>filialem.</span> 
     </span>
    </p>
   </div>
   <div class='ocr_carea' id='block_1_12' title="bbox 377 3581 2481 3623">
    <p class='ocr_par' dir='ltr' id='par_1_14' title="bbox 377 3581 2481 3623">
     <span class='ocr_line' id='line_1_36' title="bbox 377 3581 2481 3623; baseline -0.001 -8"><span class='ocrx_word' id='word_1_344' title='bbox 377 3581 461 3615; x_wconf 82' lang='lat'><strong>315.</strong></span> <span class='ocrx_word' id='word_1_345' title='bbox 489 3583 520 3623; x_wconf 65' lang='grc' dir='ltr'>ὃ)</span> <span class='ocrx_word' id='word_1_346' title='bbox 546 3584 634 3616; x_wconf 78' lang='lat' dir='ltr'>deest</span> <span class='ocrx_word' id='word_1_347' title='bbox 658 3583 689 3615; x_wconf 78' lang='grc'>2.</span> <span class='ocrx_word' id='word_1_348' title='bbox 2449 3588 2481 3614; x_wconf 82' lang='lat'>35</span> 
     </span>
    </p>
   </div>
   <div class='ocr_carea' id='block_1_13' title="bbox 382 3671 921 3715">
    <p class='ocr_par' dir='ltr' id='par_1_15' title="bbox 382 3671 921 3715">
     <span class='ocr_line' id='line_1_37' title="bbox 382 3671 921 3715; baseline 0.002 -10"><span class='ocrx_word' id='word_1_349' title='bbox 382 3675 413 3714; x_wconf 86' lang='grc'>1)</span> <span class='ocrx_word' id='word_1_350' title='bbox 440 3672 488 3712; x_wconf 67' lang='lat' dir='ltr'>Csss</span> <span class='ocrx_word' id='word_1_351' title='bbox 517 3671 635 3705; x_wconf 80' lang='lat' dir='ltr'>ibidem</span> <span class='ocrx_word' id='word_1_352' title='bbox 657 3684 693 3715; x_wconf 73' lang='lat' dir='ltr'>p.</span> <span class='ocrx_word' id='word_1_353' title='bbox 712 3676 776 3706; x_wconf 78' lang='grc'>290</span> <span class='ocrx_word' id='word_1_354' title='bbox 801 3684 851 3705; x_wconf 84' lang='lat' dir='ltr'>nr.</span> <span class='ocrx_word' id='word_1_355' title='bbox 871 3678 921 3707; x_wconf 84' lang='lat'>36.</span> 
     </span>
    </p>
   </div>
  </div>
 </body>
</html>
