2558 3970
89 901 121 924 10

87 1246 116 1269 15

85 1592 118 1616 20

85 1945 117 1970 25

88 2820 121 2846 30

91 3226 122 3251 35

93 3600 127 3625 40

600 149 815 184 HEINRICI
845 149 985 185 REGIS
1012 147 1441 184 CONSTITUTIONES.
1494 148 1590 182 12:31.
1642 148 1797 182 N1·.302.
1823 148 1902 181 303.
2267 151 2345 189 417

154 266 278 307 festis
311 265 444 320 signis
476 268 518 305 et
550 265 796 320 ymaginum
831 264 1248 305 dissimilitudinibus
1283 264 1487 318 distingui
1511 263 1669 304 debent
1693 278 1715 303 a
1740 263 1929 304 denariis
1960 264 2137 303 alterins
2162 268 2347 305 monete.

153 339 200 376 ut
230 334 374 376 statim
407 333 546 388 prima
576 333 684 375 faeie
717 339 759 374 et
791 334 883 376 sine
916 333 1171 376 difficultate
1204 335 1349 390 aliqua
1380 335 1570 390 ipsorum
1605 334 1657 374 ad
1694 335 1876 375 invicem
1910 334 2112 375 discretio
2147 338 2190 375 et
2223 333 2344 374 diffe-

155 402 302 445 rencia
333 402 470 458 possit
502 402 663 444 haberi.
728 402 794 443 Ad
828 403 919 451 hec,
955 404 988 444 si
1022 404 1176 458 aliquis
1209 418 1304 444 cum
1338 404 1457 444 falsis
1483 403 1669 444 denariis
1696 404 1822 443 fuerit
1845 403 2159 458 deprehensus,
2193 416 2346 458 penam

157 471 320 513 falsarii
349 471 598 518 sustinebit;
632 486 710 513 nec
744 472 931 527 proderit
955 473 1006 520 ei,
1040 473 1075 513 si
1108 472 1234 516 dicat,
1268 488 1313 513 se
1337 486 1411 513 eos
1436 473 1475 513 in
1501 473 1672 528 publico
1698 478 1740 513 et
1764 473 1978 513 communi
2004 473 2092 512 foro
2116 471 2347 526 recepisse,

157 541 237 582 nisi
269 554 435 581 summa
467 540 574 583 adeo
608 541 774 583 modica
807 542 952 591 fuerit,
986 546 1031 582 ut
1064 555 1214 582 novem
1249 541 1448 583 denarios
1484 556 1564 582 non
1597 541 1792 581 excedat.
1856 541 1936 581 llic
1977 542 2010 580 si
2045 541 2179 581 ceiam
2213 542 2347 582 tercio

155 624 251 652 cum
289 609 483 666 predicta
515 624 683 652 summa
715 611 782 652 vel
816 612 924 651 citra
963 611 1162 652 inventus
1205 611 1358 662 fuerit,
1402 616 1502 651 tunc
1536 611 1693 665 poterit
1726 611 1849 665 quasi
1882 611 2083 650 falsarius
2123 611 2213 651 sinc
2248 625 2342 665 pre-

155 679 272 721 dicta
303 679 560 735 exceptione
593 680 661 721 vel
693 680 973 721 excusatione
1007 679 1202 721 iudicari.
1263 679 1358 720 Hoc
1392 680 1522 734 igitur
1557 680 1666 720 sicut
1698 680 1807 719 iuste
1833 685 1878 719 et
1903 679 2214 719 rationabiliter
2238 679 2346 720 diffl-

155 749 243 790 nita
282 752 399 794 sunt,
443 748 521 790 sub
564 752 744 804 optentu
782 749 927 803 gracie
965 752 1112 789 nostre
1154 748 1461 789 inviolabiliter
1500 748 1721 789 observari
1770 748 2026 803 precipimus
2071 749 2109 788 in
2152 749 2348 789 omnibus

157 818 277 868 locis,
310 818 350 858 in
384 817 538 873 quibus
571 822 743 859 moneta
772 817 1159 872 Magdeburgensis
1191 818 1491 872 frequentatur
1524 822 1567 858 et
1600 817 1794 858 habetur.
1858 816 2023 856 Damus
2057 818 2191 857 eciam
2226 822 2344 871 pote-

159 891 313 928 statem
347 887 478 928 nobili
511 887 599 928 viro
631 886 882 928 Hermanno
915 887 1056 928 comiti
1090 887 1143 928 de
1166 886 1450 941 Harcesburg
1484 891 1525 927 et
1560 886 1672 928 fideli
1706 891 1851 927 nostro
1876 885 2116 927 Gunzelino
2142 887 2348 941 dapifero.

157 960 204 997 ut
236 969 331 997 cum
366 969 494 1011 super
526 955 606 996 hoc
638 956 707 997 vel
739 956 866 997 ambo
901 957 966 997 vel
996 956 1106 997 alter
1127 970 1273 997 eorum
1308 956 1437 997 fuerit
1470 957 1719 1011 requisitus,
1754 956 2008 996 auctoritate
2033 960 2177 996 nostra
2202 956 2347 996 liuius-

155 1025 269 1066 modi
302 1025 546 1066 sentencias
569 1024 729 1066 faciant
751 1025 987 1075 observari,
1021 1029 1170 1066 contra
1193 1030 1542 1080 transgressores
1566 1034 1608 1066 et
1639 1025 1937 1066 inobedientes
1963 1024 2153 1066 debitum
2178 1025 2344 1065 iusticie

155 1096 340 1151 rigorem
383 1094 640 1137 exercendo.
702 1095 770 1136 Ad
813 1099 1069 1151 perpetuam
1107 1094 1294 1150 denique
1335 1095 1580 1136 firmitatem
1623 1095 1733 1136 hanc
1774 1100 1919 1136 nostre
1963 1094 2227 1135 diffinitionis
2260 1095 2349 1134 sive

156 1164 377 1207 sentencie
411 1168 453 1206 ct
486 1164 810 1220 protestationis
843 1165 1046 1220 paginam
1080 1164 1211 1219 sigilli
1244 1164 1380 1204 nostri
1417 1165 1683 1219 appensione
1717 1164 1898 1205 fecimus
1932 1164 2198 1204 communiri.

301 1233 442 1275 Huius
479 1233 539 1275 rei
580 1237 715 1275 testes
749 1238 865 1274 sunt:
905 1233 1199 1275 Theodericus
1232 1233 1537 1279 Treverensis,
1580 1234 1794 1275 Henricus
1829 1233 2123 1274 Coloniensis.
2167 1231 2351 1273 Sifridus

155 1303 454 1359 Maguntinus,
494 1302 703 1344 Albertus
736 1302 1128 1358 Magdeburgensis
1162 1303 1496 1359 archiepiscopi3
1541 1303 1816 1344 Hermannus
1848 1303 2201 1358 llerbipolensis.
2244 1301 2347 1342 Ber-

153 1372 298 1414 toldus
331 1372 680 1428 ArgentinensiS,
715 1371 930 1413 Henricus
957 1371 1309 1423 Warmaciensis,
1344 1372 1529 1414 Sifridus
1566 1372 1894 1429 Ratisponensis
1919 1377 1961 1413 et
1991 1371 2226 1427 imperialis
2251 1371 2347 1411 aule

156 1443 454 1493 cancellarius,
490 1442 720 1497 Spirensis,
746 1441 903 1482 Sibodo
929 1441 1233 1496 Augustensis,
1261 1442 1494 1483 Bertoldus
1522 1442 1757 1484 Curiensis.
1784 1442 2033 1483 Bonifacius
2058 1441 2349 1482 Lausanensis

156 1513 369 1568 episcopi;
404 1511 551 1552 Sancti
576 1510 703 1562 Galli,
739 1510 857 1552 Cono
881 1511 933 1552 de
958 1511 1227 1567 WVicenburg
1250 1512 1452 1559 abbates;
1489 1513 1587 1553 laici
1611 1526 1731 1552 vero:
1767 1512 1870 1553 Otto
1895 1511 2100 1561 Mei-anie,
2134 1510 2349 1550 Henricus

154 1581 417 1630 Brabencie,
452 1614 492 1622 ..
524 1580 800 1635 Lutaringie,
834 1579 1051 1622 Henricus
1085 1580 1138 1622 de
1169 1579 1379 1635 Limburg
1412 1581 1565 1622 duces:
1599 1581 1747 1637 Poppo
1780 1580 1832 1623 de
1869 1579 2201 1629 Hinnenberch,
2235 1579 2346 1619 Iler-

153 1665 335 1693 mannus
377 1650 429 1692 de
470 1650 737 1705 Hartsburg,
782 1648 999 1691 Gunterus
1039 1649 1092 1691 de
1133 1649 1493 1701 Kevcrenberch,
1541 1651 1748 1693 Albertus
1791 1650 1843 1691 de
1876 1648 2019 1701 Wieb,
2068 1648 2263 1689 Tidricus
2297 1647 2348 1688 de

153 1720 376 1773 Honsten,
409 1719 626 1761 Fridricus
659 1719 711 1761 de
744 1719 989 1775 Biehlinge,
1023 1719 1239 1761 Henricus
1273 1720 1326 1762 de
1360 1720 1604 1776 Suarsburg
1635 1721 1835 1769 comites;
1869 1718 2136 1761 Guncelinus
2169 1717 2349 1772 dapifer,

155 1789 380 1832 Conradus
410 1790 636 1845 pincerna,
669 1789 946 1831 Everhardus
980 1789 1032 1830 de
1065 1789 1311 1845 Walburg,
1344 1789 1565 1831 Conradus
1599 1790 1651 1831 de
1684 1788 2012 1831 Wintersteden
2045 1788 2274 1843 pincerna,
2309 1790 2352 1828 et

154 1860 227 1901 alii
260 1873 387 1914 quam
420 1859 579 1915 plures.

298 1928 457 1970 Datum
491 1928 756 1979 Warmacie,
791 1928 847 1970 ΙΙ.
884 1928 978 1969 Kal.
1015 1929 1127 1979 Maii,
1163 1928 1391 1969 indictione
1425 1933 1590 1982 quarta.

853 2353 988 2422 303.
1042 2347 1667 2421 MANDATUM

247 2454 389 2525 DE
439 2454 1139 2528 IMMUNITATE
1181 2453 1419 2525 VINI
1473 2451 2263 2524 ECCLESIARUM.

1056 2580 1198 2627 1231.
1238 2579 1355 2639 Apr.
1386 2581 1463 2627 30.

300 2725 575 2776 Mandatwn,
617 2725 725 2778 quod
754 2726 998 2766 mentionem
1024 2725 1135 2780 facit
1163 2726 1392 2767 sententiae
1431 2725 1541 2766 latae
1572 2737 1711 2765 eoram
1740 2721 1960 2764 Friderico
1991 2721 2055 2762 II.
2094 2722 2350 2772 imperatore,

157 2794 267 2835 eruit
290 2794 430 2836 Waitz
450 2795 485 2836 b.
509 2808 560 2836 m.
583 2808 604 2836 e
629 2794 871 2838 Cartalario
892 2794 935 2836 S.
959 2795 1142 2837 Servatii
1167 2794 1456 2843 Traieetensis‚
1488 2794 1575 2835 iam
1597 2791 1858 2834 bibliothecae
1880 2790 2122 2840 Parisinae‚
2145 2791 2235 2829 tom.
2256 2787 2349 2837 III,

149 2862 229 2918 fol.
253 2859 326 2904 11¹
357 2867 394 2905 et
422 2865 519 2914 237,
559 2863 668 2917 quod
703 2864 827 2905 etiam
863 2864 911 2904 in
946 2876 1048 2905 usus
1087 2865 1207 2905 vertit
1242 2863 1514 2905 Huillardus.
1559 2888 1609 2891 —
1652 2858 2105 2901 Huillard-Breholles
2137 2857 2230 2907 HI,
2254 2858 2349 2897 456.

155 2932 349 2984 Bo'hmer,
380 2933 480 2987 Ray.
515 2933 611 2985 imp.
644 2933 690 2984 V,
712 2934 838 2976 4193.
1973 2926 2045 2981 (P.
2066 2926 2208 2977 deest.)

299 3059 517 3102 Henricus
560 3060 641 3102 Dei
679 3061 820 3116 gratia
857 3060 1147 3102 Romanorum
1185 3075 1264 3102 rex
1302 3073 1475 3114 semper
1515 3062 1724 3113 augustus
1764 3056 1921 3097 dilecto
1954 3068 2003 3095 ac
2033 3053 2151 3095 fideli
2184 3067 2260 3094 suo
2293 3053 2347 3094 H.

158 3129 256 3171 duci
288 3129 341 3171 de
373 3129 617 3185 Lymborch
648 3130 830 3185 gratiam
863 3144 984 3171 suam
1017 3134 1060 3171 et
1091 3144 1215 3171 omne
1247 3130 1420 3171 bonum.

302 3198 508 3240 Decanus
541 3203 584 3240 et
616 3199 850 3254 capitulum
885 3198 1032 3240 Sancti
1066 3198 1250 3240 Servatii
1283 3199 1325 3239 in
1358 3197 1558 3238 Traiecto
1593 3195 1716 3236 nobis
1749 3194 2119 3249 significaverunt,
2159 3191 2270 3246 quod
2303 3194 2348 3231 tu

159 3268 273 3324 apud
304 3267 428 3309 Rode
460 3268 699 3309 thelonium
730 3268 783 3309 de
816 3268 928 3320 vino,
961 3267 1073 3323 quod
1103 3268 1205 3323 ipsis
1238 3267 1438 3323 provenit
1469 3265 1521 3306 de
1554 3265 1677 3306 bonis
1709 3263 1891 3304 ecclesie
1917 3276 2007 3313 sue,
2044 3266 2193 3302 contra
2225 3259 2346 3300 iusti-

158 3338 262 3378 tiam
293 3337 425 3379 facias
456 3337 718 3392 extorqueri,
751 3351 845 3378 cum
877 3341 925 3378 tu
956 3337 1122 3392 Aquis¹
1153 3337 1197 3377 in
1229 3336 1448 3392 presentia
1479 3339 1627 3376 nostra
1659 3337 1701 3374 et
1732 3331 1974 3387 principum
2007 3334 2245 3370 nostrorum
2278 3328 2349 3383 qui

160 3405 341 3448 aderant
379 3406 504 3448 nobis
541 3407 811 3462 promiseris,
855 3406 964 3461 quod
1006 3411 1052 3447 tu
1089 3405 1142 3447 de
1176 3410 1321 3447 cetero
1358 3404 1538 3446 eandem
1572 3401 1804 3444 ecclesiam
1838 3399 1891 3440 ab
1926 3399 2041 3439 omni
2071 3397 2261 3439 thelonio
2294 3397 2346 3438 de

159 3476 286 3517 bonis
325 3475 378 3516 ad
414 3489 540 3516 usum
572 3475 873 3517 canonicorum
906 3475 1017 3516 dicte
1050 3475 1231 3516 ecclesie
1271 3473 1588 3529 pertinentibus
1629 3471 1868 3512 absolutam
1901 3467 2085 3509 deberes
2118 3466 2347 3515 dimittere,

297 3590 385 3625 302.
417 3589 449 3633 b)
475 3584 521 3625 wi
547 3603 596 3624 or.

299 3682 335 3724 1)
361 3681 517 3716 A.1222.
544 3693 588 3716 m.
615 3681 728 3716 Maio.

298 3756 348 3780 m..
374 3755 656 3779 cousrrru'nones
675 3755 711 3778 ιι.
2032 3734 2076 3768 53
