2558 3970
224 150 304 189 240
762 139 1001 181 FRlDERICI
1028 147 1071 181 ΙΙ.
1099 145 1525 182 CONSTITUTIONES.
1576 148 1674 183 1235.
1723 148 1785 183 Nr.
1806 149 1881 184 195.

369 261 535 301 Recolit
568 262 823 302 excellentia
859 268 1017 305 nostra,
1051 263 1301 316 magistrum
1327 263 1500 302 Petrum
1535 263 1784 316 scriptorem
1819 268 1860 304 et
1893 265 2084 306 nuntium
2109 268 2294 305 vestrum
2329 280 2405 320 pro

225 330 396 383 negotio
436 329 773 369 Immbardorum
816 330 979 384 pridem
1030 330 1081 371 ad
1121 334 1310 371 nostram
1357 331 1620 386 presentiam
1664 331 1925 372 destinatum
1967 333 2158 374 tenuisse
2200 332 2243 373 in
2288 335 2406 375 curia

223 407 378 437 nostra.
413 397 547 438 donee
583 398 874 438 celebraretur
905 398 1092 439 indictad
1124 398 1346 453 Maguntie
1381 399 1499 439 curia
1521 400 1751 454 generalis,
1785 404 1830 440 ut
1854 400 2002 441 habita
2025 415 2153 456 super
2175 401 2254 442 hoc
2277 402 2406 457 plena

224 466 533 506 deliberatione
579 466 741 506 consilii
787 467 1032 521 paternitati
1074 471 1216 508 vestre
1255 472 1444 508 nostram
1487 481 1778 509 reseraremus
1812 469 1980 524 plenius
2011 470 2287 512 voluntatem.
2350 470 2406 511 Et

223 549 322 574 ecee
336 541 350 557 ²²
383 533 494 588 quod
529 533 678 574 eadem
713 535 828 575 curia
861 549 957 575 cum
981 535 1252 577 multitudine
1286 537 1538 591 principum,
1574 537 1790 587 comitum,
1824 542 2072 592 magnatum
2096 542 2138 579 et
2167 552 2404 593 procerum,

222 612 379 657 quanta
410 602 552 642 multis
577 608 689 642 retro
715 604 978 658 temporibus
1003 619 1086 644 non
1110 605 1312 645 recolitur
1336 605 1604 651 convenisse,
1630 605 1945 660 sollempniterf
1967 607 2197 655 celebrata,
2221 611 2407 648 vestram

220 671 353 711 latere
388 671 612 710 nolumusg
646 673 932 717 sanctitatem,
966 672 1077 726 quod
1113 687 1207 712 cum
1241 673 1293 713 de
1328 673 1440 714 facto
1465 672 1808 714 Lombardorum
1840 675 1962 715 fieret
1985 675 2244 730 sollempnes
2274 676 2407 717 collo-

220 741 376 793 quium.
411 739 517 779 adeo
553 754 606 779 ex
640 740 800 780 iniuriis
836 740 996 780 tamdiu
1030 755 1105 795 por
1137 741 1401 782 Lombardos
1436 746 1582 782 contra
1614 743 1840 797 imperium
1873 744 2141 798 attemptatis
2172 744 2310 786 moles
2334 745 2408 785 illa

220 808 458 861 principum
494 816 534 847 et
567 809 753 848 omnium
788 809 858 862 qui
894 809 1215 850 convenerant11
1249 824 1473 865 procerum
1507 811 1757 865 magnitudo
1792 812 1870 852 fuit
1893 812 2048 852 acriter
2069 812 2261 864 incitata,
2294 812 2406 866 quod

220 884 370 930 sponte
404 877 558 929 singuli
599 891 826 931 personas.
867 878 1050 919 familias
1096 883 1138 919 et
1179 893 1326 920 omnes
1361 884 1539 920 conatus
1573 880 1723 920 virium
1757 880 1809 921 ad
1840 881 2047 921 ultionem
2079 881 2330 922 iniuriarum
2363 886 2405 923 et

223 945 587 985 reformationemi
622 946 787 1000 imperii
822 952 863 987 et
896 947 1145 987 nominatim
1171 952 1320 988 cont-ra
1343 947 1610 988 Lombardos
1639 948 1816 1003 imperio
1841 949 2133 1001 adversantes,
2166 950 2406 991 iuramento

222 1025 261 1053 et
295 1013 375 1054 tide
409 1014 613 1068 prestitis.
649 1014 860 1055 obnoxius
885 1015 1147 1057 obtulerunt.
1181 1031 1230 1057 ac
1255 1017 1542 1058 clamantibus
1566 1018 1730 1058 cunctis
1764 1021 1806 1059 et
1829 1019 1871 1058 in
1895 1019 2180 1060 elevationem
2202 1033 2406 1060 manuum

220 1083 520 1123 offerentibus.
570 1097 650 1137 que
699 1084 819 1124 iuxta
866 1085 1219 1125 consuetudinem
1260 1085 1573 1126 Germanorum
1622 1091 1688 1127 est
1730 1087 1948 1127 vinculum
2000 1087 2246 1139 iuramenti,
2294 1087 2406 1143 quod

93 1150 188 1206 ,ἣῑᾚ
220 1159 379 1191 statuto
414 1152 619 1191 termino.
664 1166 788 1205 quem
833 1153 872 1192 in
914 1153 1145 1193 medietate
1185 1155 1320 1208 primo
1355 1155 1522 1195 venturi
1554 1154 1743 1196 mensisk
1777 1154 1937 1210 Aprilis
1970 1155 2022 1196 de
2056 1156 2216 1197 celebri
2249 1157 2405 1197 consti-

217 1221 381 1260 tutione
426 1220 541 1260 curie
583 1222 794 1274 generalis
838 1222 1096 1263 unanimiter
1140 1223 1405 1277 prefixerunt
1444 1225 1486 1264 in
1528 1224 1850 1280 expeditionem
1894 1224 2254 1276 convenienteml,
2298 1226 2405 1266 locis

218 1288 428 1341 siquidem
463 1290 720 1342 pretaxatis.
763 1290 804 1329 in
838 1290 990 1344 quibus
1024 1291 1222 1332 videlicet
1255 1291 1367 1347 apud
1401 1292 1621 1334 Basileam
1654 1307 1753 1348 pars
1786 1292 2017 1335 Germanie
2052 1293 2166 1334 circa
2196 1293 2406 1335 Renum11¹

218 1370 310 1396 enm
347 1357 619 1397 inferioribus
653 1358 845 1412 partibus
880 1363 922 1399 et
955 1360 1197 1414 superiores
1230 1365 1372 1415 partes
1406 1361 1520 1416 apud
1552 1361 1818 1416 Augustam,
1852 1361 1934 1402 duo
1970 1362 2132 1402 scilicet
2163 1362 2407 1403 exercitus¹1

218 1425 468 1479 congregati
502 1425 701 1466 felicibus
735 1427 938 1482 auspiciis
973 1432 1113 1469 castra
1145 1429 1399 1479 movebunt,
1444 1430 1748 1471 Lombardiam
1783 1430 1963 1471 semotio
1996 1445 2072 1485 per
2103 1430 2209 1471 duos
2241 1431 2406 1472 viarum

217 1493 356 1533 aditus
401 1495 647 1547 ingressuri.
709 1495 795 1536 Nos
829 1500 990 1537 autem.
1035 1497 1105 1551 qui
1139 1498 1293 1538 vestris
1334 1499 1527 1552 paternis
1567 1499 1754 1539 consiliis
1788 1498 2070 1549 adherentes,
2116 1502 2272 1554 quanto
2306 1512 2403 1554 pro-

218 1562 506 1616 sperioribusP
529 1564 719 1617 potentie
743 1568 886 1605 nostre
907 1566 1178 1606 successibus
1201 1567 1464 1620 gloriamurq
1488 1571 1530 1608 et
1554 1568 1618 1607 inr
1640 1568 1804 1622 imperii
1829 1568 1963 1608 nostri
1986 1568 2189 1609 fastibusS
2213 1572 2406 1608 votorum

218 1638 459 1672 nostrorum
491 1632 766 1673 executionet
792 1634 1076 1688 proficimus¹¹‚
1112 1649 1205 1675 cum
1231 1636 1376 1675 maiori
1402 1636 1668 1690 benignitate
1694 1637 1953 1677 intendimus
1978 1636 2137 1678 habere
2156 1650 2405 1691 processum

219 1709 260 1739 et
285 1700 428 1740 innate
454 1701 798 1742 mansuetudinis
823 1702 1113 1744 moderamine
1137 1704 1406 1759 perfruentes
1430 1704 1525 1746 Deo
1550 1710 1592 1745 et
1617 1705 1803 1746 ecclesie
1828 1706 2021 1760 cupimus
2046 1705 2158 1746 effici
2180 1705 2406 1760 gratiores,

217 1784 239 1808 a
273 1769 448 1809 consilio
484 1776 525 1810 et
550 1771 768 1811 voluntate
794 1776 966 1812 vestrav
997 1773 1195 1813 nolumus
1230 1774 1430 1828 separari,
1465 1774 1733 1828 providentie
1756 1788 1806 1815 ac
1831 1773 2086 1815 ordinationi
2110 1778 2251 1814 vestre
2275 1772 2404 1814 Lom-

218 1838 446 1878 bardorum
492 1839 714 1892 negotium
764 1840 964 1881 duximus
1008 1842 1382 1893 committendum,
1432 1844 1828 1897 compromittentes
1871 1843 1914 1883 in
1956 1842 2180 1883 arbitrium
2216 1846 2407 1883 vestrum

219 1908 454 1947 =secundum
488 1913 680 1949 tenorem
716 1910 862 1964 scripti
897 1910 1013 1950 bulla
1045 1924 1176 1951 aurea
1208 1911 1413 1965 insigniti,
1446 1911 1558 1966 quod
1591 1926 1703 1952 anno
1736 1912 1942 1966 preterito
1976 1911 2019 1951 in
2050 1910 2244 1952 TusciaW
2278 1925 2407 1967 super

216 1975 365 2015 eadem
409 1977 707 2017 commissione
750 1983 791 2018 et
834 1979 1172 2032 compositionex
1214 1981 1335 2021 vobis
1382 1980 1581 2021 duximus
1624 1981 1965 2031 concedendum,
2008 1980 2120 2034 quod
2158 1994 2236 2035 per
2265 1980 2407 2021 omnia

82 2059 100 2071 ·*
150 2059 178 2080 11»
219 2056 354 2084 ratum
395 2045 553 2086 habere
589 2046 782 2086 volumus
823 2051 950 2101 atque
990 2048 1180 2089 firmum:
1223 2049 1280 2088 ita
1314 2048 1515 2089 videlicet
1554 2049 1667 2104 quod
1706 2063 1841 2104 usque
1881 2049 1935 2090 ad
1976 2049 2132 2090 festum
2170 2048 2407 2089 nativitatis

217 2114 429 2155 dominice
470 2115 603 2169 primo
646 2123 870 2155 venturum
912 2115 1023 2156 idem
1066 2117 1287 2171 negotium
1330 2117 1383 2158 ad
1425 2118 1629 2159 honorem
1673 2121 1864 2158 nostrum
1899 2122 1942 2159 et
1982 2118 2151 2173 imperii
2184 2118 2406 2159 commode

218 2188 509 2237 componatur.
582 2183 691 2223 Nam
735 2184 769 2223 si
810 2185 920 2224 ultra
964 2185 1109 2226 dilatio
1144 2187 1463 2240 compositionis
1498 2187 1745 2237 accederet,
1788 2186 2059 2227 intolerabile
2094 2185 2333 2235 videretur,
2373 2187 2408 2227 si

218 2250 468 2292 Lonibardi.
509 2252 617 2292 sicut
650 2253 777 2292 moris
811 2268 956 2293 eorum
991 2258 1075 2305 est,
1109 2255 1359 2295 molirentur
1389 2255 1547 2296 ducere
1580 2269 1656 2296 nos
1690 2270 1767 2310 per
1798 2255 1932 2296 verba
1964 2260 2006 2295 et
2038 2259 2125 2295 tam
2157 2255 2407 2310 sollempnis

218 2334 291 2373 per
326 2320 539 2374 principes
574 2327 615 2361 et
640 2335 837 2375 proceres
863 2323 1026 2377 imperii
1052 2323 1273 2377 expeditio
1298 2325 1381 2364 iam
1405 2325 1570 2379 prefixa
1591 2328 1741 2379 posset
1764 2324 2045 2364 frustratoriis
2067 2323 2407 2364 Lombardorum

218 2388 494 2428 dilationibus
529 2389 738 2443 impediri.
804 2391 1037 2445 Speramus
1072 2393 1185 2432 enim
1219 2393 1260 2432 in
1294 2397 1437 2433 actore
1470 2393 1652 2439 iustitie,
1687 2393 1757 2447 qui
1790 2393 1939 2433 felices
1973 2406 2203 2447 processus
2236 2396 2406 2433 nostros

219 2457 465 2497 moderatur
499 2468 539 2498 et
573 2464 705 2501 aetus.
742 2460 852 2513 quod
888 2475 970 2500 non
1004 2460 1166 2515 absque
1191 2466 1295 2501 nutu
1319 2462 1410 2502 eius
1434 2466 1497 2501 est
1527 2462 1789 2516 principibus
1812 2461 2084 2516 inspiratum,
2118 2464 2164 2500 ut
2187 2460 2407 2515 negotium

218 2527 373 2579 ipsum.
412 2527 489 2566 nisi
527 2542 601 2581 per
634 2533 815 2567 vestram
851 2529 1121 2583 prudentiam
1155 2544 1290 2584 usque
1324 2531 1376 2570 ad
1409 2532 1543 2585 primo
1568 2535 1792 2571 venturum
1827 2531 1970 2570 natale
1993 2529 2154 2570 domini
2187 2529 2407 2584 negotium

219 2596 357 2648 ipsum
391 2595 519 2635 fuerit
552 2596 845 2647 terminatum,
889 2598 1067 2652 aggredi
1107 2598 1294 2639 debeant
1327 2604 1369 2640 et
1407 2614 1491 2640 una
1524 2600 1745 2640 nobiscum
1779 2599 2039 2639 unanimiter
2072 2602 2406 2653 prosequantur;

220 2673 259 2703 et
293 2664 351 2703 sie
386 2664 518 2718 ceptis
558 2665 824 2709 insisterent,
869 2672 913 2705 ut
954 2666 1005 2706 ad
1048 2667 1179 2707 decus
1220 2672 1262 2707 et
1304 2667 1505 2709 decorem
1546 2668 1714 2722 imperii
1753 2668 1939 2708 feliciter
1971 2667 2290 2722 compleantur,
2331 2679 2408 2706 nec

218 2733 374 2786 poterit
420 2747 495 2786 per
535 2734 888 2787 compositionem
931 2736 1124 2776 revocari
1166 2736 1290 2776 facile
1331 2741 1429 2790 post
1470 2741 1532 2777 tot
1574 2736 1794 2791 impendia
1838 2742 2168 2791 expensarumy,
2212 2734 2321 2790 quod
2365 2735 2407 2775 in

220 2808 400 2841 extenso
435 2801 607 2841 brachio
641 2802 902 2843 fortitudinis
936 2809 978 2843 et
1010 2804 1088 2844 sub
1114 2805 1270 2845 vexillo
1304 2805 1464 2845 iustitie
1499 2806 1774 2860 requireturz.
1828 2803 2032 2845 Ceterum
2057 2817 2121 2854 ea,
2156 2817 2238 2858 que
2268 2804 2406 2844 dictus

220 2871 423 2923 magister
455 2870 609 2910 Petrus
643 2886 697 2910 ex
731 2876 850 2925 parte
886 2877 1032 2912 nostra
1066 2873 1184 2913 vobis
1219 2878 1410 2927 exponet
1444 2889 1572 2929 super
1593 2874 1673 2914 hoc
1696 2878 1737 2914 et
1760 2873 1867 2921 aliis,
1901 2872 2196 2913 indubitanter
2217 2871 2406 2926 dignatio

221 2945 362 2978 vestra
396 2938 554 2979 credat.

367 3006 523 3047 Datum
560 3007 793 3061 Magantie.
827 3009 1019 3049 XXIIII.
1054 3009 1254 3064 Augusti,
1289 3015 1440 3051 octave
1474 3011 1754 3052 indictionisa.

361 3142 441 3176 195.
476 3142 506 3182 d)
534 3145 565 3175 in
592 3145 679 3175 dicta
704 3147 734 3176 2.
830 3151 859 3177 e,
886 3148 923 3179 Ge
949 3147 980 3178 2.
1073 3145 1107 3189 f)
1134 3148 1296 3190 solempn.
1325 3147 1352 3179 1.
1449 3148 1482 3188 g)
1510 3148 1666 3180 volumus
1684 3148 1716 3180 2.
1811 3146 1844 3186 11)
1871 3150 2105 3178 convenerunt
2122 3144 2153 3178 2.
2247 3143 2270 3186 i)
2295 3146 2407 3178 reffor-

222 3201 399 3231 mationem
427 3202 456 3231 2.
574 3199 605 3239 k)
631 3213 743 3233 mense
770 3202 800 3233 2.
942 3202 966 3243 ¹)
993 3205 1198 3236 con-venien?
1222 3206 1252 3236 2.
1384 3206 1426 3245 ῐΠ)
1453 3207 1608 3247 Regnum
1634 3204 1665 3237 2.
1783 3206 1816 3243 ¹¹)
1841 3204 2030 3236 excercitus
2054 3202 2086 3235 2.
2205 3203 2235 3242 0)
2260 3202 2350 3234 deest
2376 3201 2405 3234 1.

221 3262 237 3283 Ρ
283 3259 496 3299 prusperibns
522 3259 552 3289 ’.2.
670 3259 702 3298 (Γ)
728 3249 819 3301 {jam
846 3260 876 3291 2.
994 3266 1021 3299 Υ)
1049 3261 1138 3293 deest
1162 3262 1194 3293 2.
1312 3267 1339 3298 Β)
1366 3263 1523 3294 saucibus
1549 3263 1580 3294 2.
1682 3260 1708 3303 t)
1735 3262 1944 3302 exequcione
1970 3259 2000 3292 2.
2094 3259 2128 3301 ιι)
2154 3260 2352 3302 profiximus
2376 3258 2406 3291 2.

221 3317 252 3354 v)
281 3323 392 3344 nostra
420 3316 449 3346 2.
544 3320 582 3346 w,
608 3317 730 3347 'russia
756 3316 785 3348 '2-
880 3319 912 3357 x)
939 3319 1235 3360 compromissione
1261 3319 1291 3351 2.
1398 3318 1430 3359 y)
1457 3320 1576 3361 expffi.
1605 3318 1635 3350 2.
1731 3317 1761 3361 z)
1787 3323 1960 3360 regeretur
1981 3317 2008 3349 1.
2102 3316 2133 3355 a)
2161 3317 2250 3349 VIII.
2276 3317 2351 3349 idus
2375 3315 2406 3348 2.

2445 893 2476 916 10

2446 1233 2475 1258 15

2443 1575 2476 1600 20

2443 1920 2474 1945 25

2445 2267 2530 2303 30μ

2443 2610 2530 2635 35’

2441 2951 2474 2976 4⁰

2442 3328 2473 3355 45
