2558 3970
643 167 885 203 FRIDERICI
916 169 958 202 11.
985 169 1417 206 m›NS'1'1'1·1J'1¹1(·N1·J.<.
1471 175 1566 208 12:32.
1619 174 1679 208 ΧΓ.
1704 175 1775 209 Ῑϋῒ.
1808 178 1879 211 168.
2270 183 2348 220 205

300 282 545 324 Fridericus
587 282 669 323 Dei
714 283 853 337 gratia
892 282 1182 325 Romanorum
1234 286 1467 341 imperator
1515 304 1687 344 semper
1728 296 1961 342 augustus.
2006 292 2237 333 Ierusalem
2281 300 2349 333 vt*

159 354 307 395 Sicilie
347 366 438 393 rex.
505 350 591 392 Per
632 365 812 406 presens
846 352 1051 407 scriptum
1092 358 1237 394 notum
1281 356 1458 396 facimus
1491 359 1722 401 universis,
1768 360 1878 414 quod
1927 375 2003 400 nos
2037 361 2348 402 constituimus.

158 423 338 463 facimus
370 424 414 462 et
451 419 698 461 ordinamus
732 419 938 461 dilectum
970 425 1179 471 nostrum,
1220 422 1393 463 fratrem
1431 424 1723 467 llcrmaunum
1760 428 1999 484 Hospitalis
2035 435 2180 470 sancte
2216 430 2348 470 Mari<-

158 488 549 532 Theotonicorumb
582 489 624 529 in
649 488 884 530 Ierusalem
908 489 1202 531 venerabilem
1227 492 1491 545 magistrum.
1528 496 1722 536 nuntium
1746 502 1787 536 ct
1811 504 2130 551 procuratorem
2157 504 2349 539 nostrum

104 578 118 602 5
158 560 200 600 in
234 559 432 600 omnibus
465 558 770 599 controversiis
804 557 893 599 sive
926 557 1151 599 discordiis
1184 573 1261 599 seu
1293 561 1434 600 causis
1467 575 1549 616 que
1584 570 1805 605 vertuntur
1839 566 1948 605 iutcr
1982 581 2054 606 nos
2091 573 2131 606 ct
2155 568 2349 607 civitates

89 920 121 944 10

89 1264 120 1289 15

89 2089 120 2115 25

89 2456 123 2482 30

91 3171 125 3195 40

156 628 464 683 infrascriptas,
488 625 796 676 Mediolanum,
815 625 1096 679 Placentiam,
1116 626 1323 675 Brixiam,
1343 629 1580 672 Mantuam.
1606 631 1886 675 ]‹‘‹·1·1·ariam⁴·.
1915 634 2163 676 Bononiam.
2186 636 2348 677 Fauen-

156 698 283 742 tiam,
327 700 370 737 ct
408 698 573 750 partem
607 695 794 749 ipsarum
829 699 872 735 et
904 709 1050 736 earum
1084 696 1318 751 complices
1352 703 1394 737 et
1427 698 1615 739 fautores
1649 706 1692 740 et.
1724 702 1755 740 si
1791 717 1871 756 quc
1906 708 2003 744 suut
2039 704 2121 743 ali<¹
2153 706 2350 745 civitates

157 765 352 809 eiusdem
383 765 535 821 partis,
569 763 722 805 dantes
756 764 795 805 ei
829 764 999 819 plenam
1033 769 1076 805 et
1115 764 1295 806 liberam
1330 772 1588 821 potestatem
1624 775 1666 809 et-
1700 770 1945 811 mandatum
1980 773 2275 813 consentiendi
2311 783 2350 813 ct

158 832 530 891 compromittendi
574 832 627 874 de
675 833 875 873 omnibus
923 832 1008 873 illis
1052 835 1356 875 controversiis
1399 850 1474 877 seu
1517 838 1658 877 causis
1703 839 1871 879 nomine
1911 846 1953 880 ct
1995 842 2084 881 vive
2130 849 2271 882 nostra
2313 844 2351 883 in

158 904 337 946 dilectos
370 903 531 944 amicos
564 906 732 943 nostros
765 901 972 943 Iacobum
1005 903 1299 944 venerabilem
1334 904 1518 945 electum
1545 905 1877 947 Penestrinumd
1913 914 1954 949 et
1978 909 2181 950 Ottoncm
2208 912 2351 951 Sam-ti

154 972 323 1015 Nicolai
352 972 394 1012 in
418 971 602 1013 Carcere
626 970 826 1012 Tulliano
850 971 1142 1012 venerabilem
1176 971 1404 1013 diaconum
1433 973 1698 1016 cardinalem
1713 984 1740 1019 ⁰,
1775 978 2010 1032 apostolice
2035 978 2147 1018 sedis
2172 979 2351 1031 legatos.

154 1047 359 1097 tauquam
393 1041 434 1081 in
468 1040 652 1082 arbitros
686 1040 755 1081 vel
788 1039 1071 1082 arbitratores
1106 1055 1181 1082 seu
1216 1041 1467 1083 amicabiles
1501 1045 1836 1098 compositores.
1877 1054 1917 1085 et
1950 1046 2167 1101 obligandi
2203 1062 2279 1088 nos
2314 1055 2352 1087 01

155 1112 292 1166 ipsum
325 1123 401 1165 pro
432 1108 554 1150 nobis
589 1109 631 1149 in
664 1108 815 1149 eodem
850 1110 1159 1164 compromisso
1192 1110 1296 1165 ipsis
1330 1111 1511 1165 legatiss
1541 1119 1583 1153 et
1617 1113 1800 1153 ecclesie
1835 1114 2029 1156 Romane
2063 1121 2104 1156 ct
2138 1117 2245 1172 parti
2279 1118 2352 1158 ad-

155 1193 280 1221 verse
313 1178 366 1220 ad
398 1191 553 1234 penam
587 1177 655 1219 vel
688 1191 822 1232 penas
855 1182 928 1218 aut
951 1179 1043 1219 sine
1067 1192 1195 1234 pena,
1227 1179 1344 1220 etad
1376 1181 1644 1235 recipiendas
1669 1182 1957 1237 obligationes
1982 1199 2005 1224 a
2028 1190 2148 1239 parte
2172 1185 2354 1226 adversa

157 1246 395 1289 secundum
427 1246 741 1288 ordinationem
784 1250 827 1288 et
866 1246 1040 1288 modum
1074 1252 1117 1289 ct
1149 1248 1413 1290 voluntatem
1448 1264 1525 1305 per
1558 1251 1701 1291 omnia
1735 1252 2016 1294 cardinalium
2051 1254 2353 1309 predictorum.

154 1316 244 1358 Nos
277 1316 392 1358 enim
423 1315 602 1357 firmiter
624 1316 1033 1371 compromittinius,
1067 1321 1207 1358 ratum
1232 1322 1274 1359 et
1306 1318 1473 1359 firmum
1499 1319 1658 1360 habere
1683 1324 1723 1360 ct
1744 1321 1887 1362 facere
1913 1322 2061 1363 haberi
2086 1337 2109 1363 a
2134 1324 2353 1364 carissimo

154 1385 239 1426 filio
279 1388 424 1426 nostro
458 1384 649 1426 Henrico
691 1385 857 1426 illustre
884 1385 1179 1427 Romanorum
1214 1401 1316 1442 rege
1350 1388 1555 1443 quicquid
1589 1388 1700 1430 idem
1735 1391 1943 1444 magister
1977 1406 2105 1446 super
2138 1394 2353 1447 premissis

155 1468 300 1495 coram
332 1453 458 1495 dictis
490 1455 646 1509 legatis
680 1459 722 1495 et
754 1468 849 1499 cum
883 1455 988 1510 ipsis
1022 1454 1195 1496 duxerit
1227 1456 1469 1497 faciendum
1503 1461 1544 1497 et
1577 1459 1819 1512 promiserit
1854 1473 1928 1499 nos
1961 1460 2160 1502 facturos.

300 1522 402 1566 Dat.
436 1522 551 1578 apud
583 1522 762 1564 Portum
794 1523 972 1573 Naonis,
1004 1523 1058 1565 X.
1093 1523 1194 1566 diess
1225 1524 1371 1576 Madii,
1404 1525 1456 1566 V.
1492 1526 1641 1568 indic.¹¹

217 1716 317 1760 168.
357 1716 580 1759 FORMA
620 1716 1050 1760 COMPROMISSI
1085 1718 1283 1760 INTER
1315 1719 1837 1763 PROCURATOREM
1868 1723 2298 1766 IMI'ER„›1T(JJ{IS

818 1787 902 1828 ΕΤ
929 1787 1337 1830 SOGIETATEM.
1390 1788 1499 1830 Mai.
1532 1792 1599 1830 13.
1633 1792 1699 1832 14.

307 1866 504 1909 sistimus
546 1879 566 1907 c
614 1866 652 1922 l)
697 1866 889 1920 Reqetstro
932 1867 1127 1921 Grcgyorti
1157 1868 1239 1918 IX,
1280 1882 1300 1909 0
1343 1882 1422 1921 quo
1468 1869 1597 1910 edidit
1639 1869 1802 1911 Save'olc'
1833 1871 1920 1919 ΙΙΙ,
1941 1873 2109 1918 2,]1-1ς
2152 1875 2195 1920 2)
2230 1874 2356 1914 Libra

156 1934 337 1985 Poteris,
377 1948 397 1976 e
434 1949 513 1987 quo
551 1935 662 1976 edita
701 1938 760 1976 est
788 1949 815 1976 a
846 1935 1085 1978 Valentiam
1110 1950 1153 1991 p.
1178 1938 1254 1987 62;
1295 1937 1338 1993 3)
1370 1938 1547 1979 arbitrio
1581 1939 1776 1991 (ἶνηῃονίἰῖ
1807 1940 1891 1981 ΙΧ.
1935 1953 2065 1992 snpra
2096 1942 2152 1981 ml
2182 1956 2248 1983 m.
2279 1946 2355 1982 11ῐο

157 2004 340 2055 laudato,
371 2003 477 2046 edito
505 2005 552 2045 in
573 2004 914 2058 Antiquitatibus
935 2005 1102 2047 Italicis
1123 2005 1359 2048 Mem-amm·
1380 2006 1463 2058 IV,
1478 2008 1574 2048 325.
1599 2033 1651 2037 ἢ
1683 2007 2136 2052 Huillard-Brelaeolles
2158 2011 2237 2061 11',
2260 2014 2355 2052 3402

2001 2079 2073 2132 (P.
2094 2081 2213 2131 294.)

297 2165 348 2206 In
380 2165 553 2207 nomine
585 2165 759 2207 Domini
791 2179 932 2207 amen.
995 2166 1121 2208 Anno
1154 2166 1349 2209 eiusdem
1382 2166 1693 2219 MCOXXXII,
1737 2169 1865 2211 indie.
1890 2170 1943 2214 V.
1977 2170 2046 2212 dic
2080 2170 2191 2212 Iovis
2226 2172 2349 2214 XIII.

154 2234 342 2276 intrante
374 2248 523 2276 mense
555 2234 711 2286 Madii,
744 2235 1014 2291 temporibus
1047 2235 1210 2277 domini
1243 2235 1443 2291 Gregorii
1476 2251 1586 2293 pape
1616 2237 1763 2280 VIIII.
1796 2244 1839 2279 et
1872 2241 2136 2280 serenissimi
2171 2240 2357 2281 dominifl

155 2302 362 2345 Friderici
396 2303 481 2345 Dei
512 2304 652 2358 gratia
685 2303 977 2345 Romanorum
1012 2305 1286 2360 imperatoris
1321 2319 1370 2346 ac
1404 2319 1578 2362 semper
1611 2307 1796 2361 augusti,
1832 2307 2071 2349 Jerusalem
2106 2311 2177 2349 eth
2212 2309 2356 2349 Sicilie

154 2372 270 2427 regis
312 2372 356 2413 in
396 2373 572 2414 civitate
605 2372 752 2414 Padue
796 2373 909 2429 apud
948 2373 1246 2429 episcopatum
1290 2375 1333 2414 in
1375 2374 1466 2415 sala
1508 2374 1659 2416 domus
1701 2375 1859 2416 domini
1902 2376 2125 2417 Landulfi<=
2167 2379 2357 2418 canonici

156 2440 374 2494 Paduani,
406 2441 684 2497 presentibus
716 2443 897 2484 testibus
930 2443 1114 2498 rogatis,
1148 2443 1315 2484 scilicet
1346 2443 1521 2485 domino
1554 2444 1714 2486 Iacobo
1749 2444 1831 2486 Dei
1865 2447 2006 2500 gratia
2038 2447 2240 2501 episcopo
2276 2447 2355 2488 Pa-

155 2510 321 2562 duano,
355 2511 525 2552 domino
557 2510 738 2553 Nicolao
771 2511 924 2553 eadem
957 2513 1097 2567 gratia
1128 2512 1299 2567 Regino
1334 2512 1578 2568 episeopod,
1617 2513 1790 2554 domino
1823 2513 2003 2555 Iordane
2037 2515 2175 2569 priore
2211 2516 2354 2555 Sancti

155 2578 380 2621 Benedicti
424 2579 477 2620 de
516 2579 689 2632 Padua,
735 2582 942 2636 magistro
980 2581 1221 2623 Rainaldoe
1259 2581 1484 2637 capellano
1530 2581 1691 2622 domini
1732 2582 1877 2623 Iacobi
1917 2583 2188 2624 Penestrinis
2231 2584 2355 2624 electi

157 2648 250 2689 cive
281 2648 551 2701 Placentino,
585 2649 791 2704 magistro
822 2649 978 2704 Egidio
1013 2650 1224 2705 scriptore
1257 2650 1418 2691 domini
1451 2664 1563 2706 pape
1596 2652 1690 2692 cive
1724 2650 1934 2698 Romano,
1968 2651 2140 2692 domino
2175 2651 2354 2692 (Jddonc

156 2716 209 2757 de
240 2716 438 2758 Fontana
470 2718 564 2759 cive
596 2718 863 2770 Placentino,
895 2719 1102 2773 magistro
1137 2718 1359 2760 Ohazoloss‘
1391 2718 1444 2760 de
1476 2719 1640 2770 Laudo,
1673 2719 1845 2760 domino
1870 2720 2138 2760 Alamanno¹¹
2171 2719 2223 2759 (10
2251 2720 2353 2760 (fre-

159 2799 371 2827 soenzano
403 2785 636 2828 iudicibusi
668 2788 895 2843 potestatis
927 2787 1091 2841 Padue,
1125 2793 1168 2829 et
1199 2788 1405 2843 magistro
1439 2786 1739 2843 cognoscente
1771 2787 1823 2828 de
1856 2788 2087 2830 Florentia.

296 2888 382 2924 167.
415 2890 448 2932 ³)
473 2901 515 2924 ac
541 2890 571 2924 1.
686 2889 720 2933 b)
745 2892 1012 2925 Teutonicorum
1037 2891 1069 2925 2.
1190 2892 1218 2933 0)
1244 2892 1418 2925 Fet-ariam
1444 2890 1479 2924 2.
1619 2889 1653 2932 (1)
1681 2893 1917 2925 Prenestinum
1942 2891 1972 2924 2.
2092 2891 2124 2933 θ)
2149 2903 2224 2924 vcn.
2251 2892 2354 2923 cardi-

156 2947 271 2980 nalem
295 2952 330 2981 et
353 2948 536 2981 diaconum
561 2947 592 2981 2.
709 2947 742 2990 f)
762 2960 831 2991 pro
856 2950 938 2993 ipsis
963 2950 1084 2992 legatis
1110 2949 1129 2982 1
1154 2950 1260 2983 male.-
1288 2950 1332 2982 ad
1357 2960 1489 2993 penam.
1608 2948 1639 2990 8)
1665 2949 1754 2982 deest
1781 2949 1809 2981 l.
1928 2947 1958 2988 ¹²)
1986 2949 2100 2980 indict.
2129 2949 2250 2989 quinta
2277 2946 2309 2979 2.

296 3014 380 3049 168.
412 3015 444 3060 8)
469 3017 557 3050 dom.
582 3028 646 3050 ser.
672 3017 703 3051 3.
799 3017 832 3060 b)
858 3030 899 3052 ae
922 3018 954 3052 ⁶2.
1051 3019 1081 3060 e)
1108 3020 1264 3052 Landolfi
1290 3017 1328 3059 3;
1355 3008 1469 3051 Lantff
1485 3017 1513 3050 l.
1609 3016 1643 3058 d)
1670 3029 1721 3060 ep.
1747 3019 1877 3060 Regino
1895 3016 1925 3049 2.
2022 3023 2050 3059 e)
2077 3017 2249 3059 Raynaldo
2268 3016 2299 3048 2.
2319 3016 2356 3050 3:

158 3073 247 3106 Rain
275 3072 304 3106 1.
421 3071 450 3116 s)
476 3075 666 3108 Prenestini
690 3074 722 3117 2,
748 3076 874 3108 similia
899 3087 1040 3119 semper.
1159 3077 1191 3118 8)
1220 3076 1342 3109 (fazolo
1368 3074 1400 3108 2.
1425 3074 1456 3108 3.
1576 3073 1608 3114 ΙΙ)
1634 3075 1840 3107 All-‘unauna
1866 3073 1898 3107 2.
1925 3073 1956 3106 3.
2075 3073 2095 3113 i)
2122 3075 2224 3106 iudic.
2250 3073 2281 3106 2.

159 3161 307 3197 domino
339 3163 470 3198 Iacobo
507 3164 678 3209 episcopo
712 3165 905 3207 Paduano,
946 3165 1095 3200 domino
1127 3166 1282 3200 Nicolao
1314 3165 1485 3210 episcopo
1518 3164 1677 3207 Regino,
1716 3163 1864 3197 domino
1900 3163 2054 3197 Iordane
2087 3163 2206 3207 priore
2232 3162 2354 3196 Sancti

161 3220 353 3254 Benedicti
389 3221 434 3255 de
465 3221 611 3263 Padua,
649 3222 799 3257 domino
825 3222 1014 3258 Guiffredo
1047 3223 1092 3258 (10
1119 3223 1257 3258 Luzino
1285 3222 1409 3257 Padue
1435 3223 1639 3267 potestate,
1677 3221 1828 3264 eiusque
1862 3220 1982 3254 iudice
2008 3220 2155 3254 domino
2182 3220 2357 3264 magistro

160 3277 317 3312 Chazolo
342 3278 388 3312 de
414 3278 551 3320 Laudo,
577 3279 727 3314 domino
754 3280 961 3315 Alamanno
988 3280 1032 3315 (10
1059 3280 1317 3315 Crescenzano.
1358 3278 1577 3323 Exemplum
1596 3277 1867 3323 procurationis
1885 3277 2051 3321 magistri
2071 3278 2355 3311 Alamannorum

160 3334 259 3378 quod
284 3335 336 3370 sie
360 3335 511 3380 incipit:
539 3335 757 3372 ‘Fridericus
775 3358 820 3363 —
837 3338 960 3373 indic.'
1009 3338 1087 3383 Ego
1105 3336 1300 3372 lacobinus
1324 3335 1510 3381 quondam
1529 3334 1687 3370 Gratioli
1714 3334 1809 3368 filius
1829 3333 1919 3368 civis
1938 3334 2111 3375 Bononie,
2137 3335 2357 3369 auctoritate

160 3390 345 3437 imperiali
371 3394 410 3428 et
433 3405 532 3428 nunc
557 3395 739 3429 rectorum
757 3394 954 3430 Societatis
980 3394 1210 3435 Lombardie,
1236 3393 1400 3428 Mai-ahie
1427 3395 1464 3427 et
1481 3391 1662 3427 Romanie
1679 3391 1855 3434 notarius,
1882 3391 2131 3435 supradictum
2151 3391 2356 3435 exemplum

161 3449 306 3495 scripsi,
332 3451 555 3496 exemplavi,
582 3452 814 3487 corroboravi
841 3455 878 3488 et
902 3453 1088 3497 publicavi
1116 3464 1158 3487 ex
1185 3451 1376 3486 autentico
1403 3451 1611 3485 litterarum
1638 3448 1885 3493 imperialium
1912 3447 2051 3482 domini
2078 3448 2251 3481 Friderici
2278 3458 2356 3492 pre-

161 3506 252 3542 dicti
283 3507 427 3543 bullato
453 3509 491 3542 et
515 3509 750 3544 corroborato
775 3509 879 3544 bulla
905 3520 1017 3544 aurea
1042 3509 1206 3543 eiusdem
1232 3508 1371 3543 domini
1399 3507 1649 3552 imperatoris,
1684 3517 1755 3550 que
1781 3508 1837 3539 est
1862 3505 1913 3539 ibi
1940 3505 2017 3539 visa
2043 3505 2143 3538 dicto
2169 3504 2356 3538 autentico

161 3565 340 3608 pendens,
373 3565 419 3600 de
450 3566 626 3600 mandato
652 3568 690 3600 et
713 3567 909 3602 voluntate
941 3567 1168 3612 prefatorum
1199 3565 1432 3600 dominorum
1465 3563 1710 3598 cardinalium
1741 3562 1943 3607 apostolice
1969 3561 2064 3595 sedis
2089 3562 2294 3606 legatorum
2321 3562 2357 3593 et

161 3622 384 3657 venerabilis
409 3623 580 3668 magistri
597 3623 800 3658 Hermanni
819 3624 988 3669 predicti,
1014 3626 1129 3660 nichil
1148 3625 1287 3660 addens
1312 3635 1379 3659 nec
1405 3623 1584 3664 minuens,
1611 3623 1683 3656 nisi
1700 3622 1794 3656 forte
1812 3621 1849 3655 in
1869 3620 2132 3665 compositione
2150 3619 2355 3653 litterarum

162 3680 220 3715 vel
245 3681 404 3726 punctis,
430 3681 530 3725 quod
554 3682 779 3717 sententiam
805 3683 924 3718 variet
948 3685 1015 3718 aut
1041 3685 1170 3718 mutet.

2387 2187 2448 2214 Mai.
2467 2191 2506 2214 13.
