2558 3970
222 156 303 194 292
758 151 1000 186 FRIDERICI
1028 152 1071 186 ll.
1098 150 1523 185 CONSTITUTIONES.
1576 151 1673 185 1239.
1722 152 1784 186 Nr.
1804 153 1881 188 215.

222 268 436 321 plerisque
471 267 668 321 capitulis
703 267 812 308 aliis,
850 267 901 306 dc
935 266 1087 320 quibus
1110 269 1239 306 antea.
1264 280 1477 320 nunquam
1503 266 1719 306 fueramus
1750 266 2013 315 annnonitiv,
2046 269 2401 312 excusationibus

221 336 375 374 nostris
417 340 563 374 contra
598 334 736 374 Deum
778 340 821 375 ct
861 336 1072 374 iusticiam
1106 335 1276 374 omnino
1318 335 1509 382 reiectis,
1551 334 2008 375 excommunicationis
2043 338 2259 378 sententia
2290 346 2402 379 nosW

221 403 498 442 denunciavit
540 403 754 443 astrictos.
873 402 937 456 (3)
980 402 1079 444 Cui.
1121 402 1248 442 velud
1279 403 1321 442 in
1354 416 1428 443 nos
1470 403 1666 457 primitus
1700 401 1752 443 de
1784 405 1932 443 nostra
1965 404 2187 445 voluntate
2220 406 2400 460 prolate,

221 485 315 510 cum
349 471 588 511 humilitate
621 472 861 526 paruimus.
896 470 1178 511 absolutionis
1212 470 1487 517 beneficium,
1519 470 1701 524 pristina
1732 469 1854 511 nobis
1887 470 2181 513 incolumitate
2215 474 2401 528 corporis

221 538 399 579 reddita.
434 540 715 594 postulantes.
751 539 849 579 dum
883 553 959 579 nos
993 538 1046 578 ad
1078 539 1306 579 transitum
1331 552 1580 593 pararemus
1604 538 1860 579 instanterx.
1913 537 2005 585 Quo
2028 539 2162 594 petito
2184 541 2404 596 supliciter

219 617 259 646 ct
293 607 497 647 iniuriose
533 612 702 661 negato,
736 608 776 647 in
810 607 943 647 'Perre
979 606 1135 647 Sancte
1171 606 1410 647 subsidium
1445 607 1522 647 sub
1556 607 1626 661 pia
1648 607 1734 647 voti
1756 607 2060 661 prosecutione
2086 609 2403 662 transivimus¹,

219 676 503 715 extimantes·v
537 676 740 716 vicarium
780 675 878 716 Iesu
912 674 1069 716 Christi
1118 675 1171 715 ad
1212 676 1304 716 cius
1346 675 1572 729 negocium
1615 675 1762 730 pocius
1795 688 1922 729 quam
1955 675 2008 716 ad
2041 681 2247 732 concepte
2279 678 2402 718 mali-

220 744 405 784 volentic
448 748 591 784 contra
638 758 713 784 nos
754 744 896 783 odium
938 744 1144 799 aspirare.
1215 743 1290 784 Set
1332 744 1386 794 is,
1428 757 1554 797 quem
1595 743 1862 797 speravimus
1908 756 1961 784 ea
2000 744 2289 786 solummodoz
2321 760 2403 801 que

220 826 387 852 sursum
432 816 528 852 sunt
571 826 722 867 sapere
763 817 804 853 ct
845 813 939 853 visu
981 812 1161 853 celestia
1204 811 1568 866 contemplantem
1612 815 1757 852 mente
1799 810 2057 853 credidimus
2097 811 2139 852 in
2172 813 2403 855 celestibus

218 880 434 921 habitare.
476 880 616 921 subito
649 881 846 921 inventus
880 885 945 921 est
976 880 1124 926 homo,
1167 880 1268 934 quin
1301 879 1429 920 immo
1462 893 1539 934 per
1575 879 1897 920 inhumanitatis
1930 893 2061 935 opera
2091 894 2176 921 non
2208 882 2346 922 solum
2377 896 2402 923 a

220 949 468 989 divinitate*¹
503 950 736 1004 scpossitus
769 948 861 990 setb
895 948 1162 989 humanitate
1195 948 1419 998 discretus,
1451 947 1550 988 dum
1582 951 1727 1002 preter
1753 947 2074 1002 impedimenta,
2108 963 2189 1004 que
2211 949 2335 991 nobis
2357 951 2400 991 in

223 1017 343 1071 Syria
378 1018 619 1072 preparavit
652 1032 727 1073 per
759 1018 936 1058 nuncios
961 1021 1003 1057 ct
1034 1017 1215 1071 legatos,
1248 1016 1319 1069 qui
1343 1015 1578 1057 Soldanum
1608 1016 1762 1057 litteris
1787 1016 1876 1056 suis
1899 1041 1953 1045 —
1976 1030 2079 1071 quas
2101 1024 2207 1058 nosc
2239 1018 2402 1073 captisd

219 1086 406 1140 ipsarum
451 1085 657 1126 latoribus
697 1088 739 1126 in
780 1085 1023 1140 publicume
1067 1084 1360 1125 testimonium
1398 1098 1670 1125 reservamus
1713 1108 1763 1113 —
1805 1097 1859 1125 ne
1898 1085 2019 1125 nobis
2061 1088 2218 1126 terram
2258 1086 2400 1128 divino

218 1154 349 1194 cultui
384 1153 446 1195 ctf
476 1154 807 1194 Ierosolimitani
841 1153 989 1207 regnig
1020 1153 1183 1194 iuribus
1217 1152 1404 1193 debitam
1439 1152 1656 1203 redderet,
1691 1153 1958 1205 munierunt,
1998 1167 2178 1208 regnum
2210 1159 2401 1197 nostrum

219 1222 361 1263 Sicilie
395 1223 605 1263 violenter
637 1223 829 1264 intravit.
874 1226 1046 1276 sumpta
1077 1221 1326 1263 occassione
1361 1220 1472 1276 quod
1505 1220 1774 1262 Rainaldush
1805 1221 1916 1262 filius
1949 1221 2050 1262 olim
2083 1221 2204 1263 ducis
2238 1222 2401 1279 Spoleti

218 1297 361 1346 preter
401 1291 716 1332 conscienciam
749 1295 791 1331 ct
824 1289 1111 1331 voluntatemi
1142 1293 1356 1341 nostram,
1402 1293 1528 1344 prout
1558 1303 1636 1330 nos
1669 1289 1941 1344 postmodum
1972 1303 2050 1345 per
2079 1291 2216 1346 ipsius
2247 1305 2404 1346 penam

218 1360 442 1401 evidenter
475 1360 773 1414 expreximus,
814 1363 970 1399 terram
1004 1358 1189 1399 ecclesie
1222 1358 1402 1413 parabat
1434 1358 1615 1410 intrare,
1658 1362 1700 1399 ct
1731 1372 1815 1399 non
1845 1362 1971 1413 prout
2003 1360 2138 1400 sancti
2170 1373 2246 1414 per
2277 1360 2403 1402 fidem

217 1441 347 1481 regna
381 1428 589 1479 vicerunt,
624 1434 690 1469 set
722 1427 974 1482 perfidiamk
1007 1432 1050 1468 et
1082 1427 1272 1482 periuria
1307 1426 1535 1482 predicans
1568 1427 1805 1475 universis;
1838 1431 1912 1468 aut
1942 1427 1976 1467 si
1999 1427 2070 1482 qui
2092 1427 2146 1468 ad
2169 1429 2404 1483 periurium

217 1496 507 1550 predicatione
555 1496 822 1537 solummodo
871 1497 1094 1551 provocari
1135 1509 1220 1536 non
1262 1499 1483 1550 poterant,
1532 1495 1878 1550 provocabantur
1918 1497 2140 1551 exemplo,
2185 1496 2286 1537 dum
2321 1497 2404 1552 ipsi

216 1564 395 1618 prefecti
428 1565 593 1620 papalis
628 1566 857 1615 exercitus,
890 1578 972 1618 quo
1005 1569 1163 1605 terram
1195 1563 1363 1605 facilius
1394 1564 1650 1615 obtinerent,
1684 1578 1761 1604 nos
1789 1567 1937 1619 captos
1960 1565 2003 1604 in
2027 1564 2151 1619 Syria
2171 1565 2402 1607 manifeste

216 1633 426 1674 iurabant.
517 1633 582 1688 (4)
614 1634 915 1675 Rcdeuntibus
939 1632 1105 1674 autem¹
1127 1632 1250 1674 nobis
1275 1632 1326 1673 de
1348 1632 1543 1687 partibus
1567 1633 1860 1673 transmarinis
1876 1631 1892 1656 2
1925 1636 1967 1673 et
1992 1633 2191 1674 iniuriam
2214 1638 2403 1674 nostram

217 1702 570 1756 propulsantibus
603 1703 738 1743 solum
771 1717 850 1743 nec
882 1702 1004 1743 iuxta
1034 1701 1308 1756 magnificum
1340 1714 1503 1742 morem
1535 1701 1706 1757 imperii
1735 1701 2048 1756 prodeuntibus
2080 1702 2134 1743 ad
2157 1702 2403 1756 vindictam,

216 1783 291 1824 per
340 1770 564 1811 concordie
614 1771 778 1812 medios
827 1771 1004 1812 verbum
1050 1771 1170 1825 pacis
1218 1770 1404 1811 libenter
1451 1770 1713 1811 admisimus.
1784 1769 1945 1811 Veram
1990 1774 2172 1812 matrem
2214 1776 2403 1812 nostram

217 1839 444 1880 ecclesiam
487 1854 541 1880 ex
575 1840 793 1894 agnitione
827 1839 1039 1880 catholice
1072 1838 1172 1880 fidei
1205 1839 1444 1894 reperrisse
1478 1839 1800 1893 cognoscimus,
1840 1843 1906 1880 set
1937 1843 2103 1894 patrem
2136 1853 2306 1895 semper
2336 1841 2402 1882 in—

217 1908 412 1947 venimus
447 1908 706 1959 simulatum,
741 1908 840 1948 dum
872 1908 965 1962 ipsa
1000 1907 1363 1949 reconciliationis
1405 1907 1508 1948 die3
1540 1908 1653 1948 viam
1674 1911 1820 1948 nostre
1844 1908 2127 1949 confussionis
2149 1909 2402 1964 excogitans

219 1975 270 2016 de
304 1976 553 2018 reddeundo
587 1977 628 2017 in
651 1977 821 2017 Italiam
853 1977 1045 2017 iterumm
1077 1976 1157 2017 sub
1181 1976 1333 2017 inermi
1358 1980 1400 2017 et
1424 1975 1663 2017 domestica
1686 1976 1917 2017 comitivan
1939 1976 2063 2017 nobis
2086 1976 2398 2020 instantissime

214 2045 443 2098 persuasit,
477 2046 770 2086 occassiones⁰
801 2045 1010 2100 fingensP,
1043 2059 1096 2086 ne
1131 2044 1257 2085 velud
1290 2059 1346 2086 ex
1378 2045 1511 2099 priori
1545 2049 1588 2086 et
1610 2049 1774 2086 armato
1806 2058 2012 2099 processu
2033 2045 2197 2086 timoris
2221 2059 2397 2087 causam

214 2114 372 2153 nostris
406 2113 602 2155 fidelibus
634 2119 940 2169 prestaremUS,
974 2113 1210 2155 asserendo
1244 2113 1356 2169 quod
1389 2113 1513 2154 nobis
1538 2114 1681 2154 omnia
1712 2114 1966 2169 planissima
1988 2113 2216 2155 faciebatq.
2270 2113 2400 2156 Cuius

215 2182 475 2222 contrarium
508 2197 584 2237 per
616 2183 761 2224 literas
796 2187 838 2223 et
871 2183 1048 2223 nuncios
1083 2196 1182 2223 suos
1224 2182 1578 2224 manifestissime
1610 2182 1879 2238 procuravit,
1919 2187 2044 2237 prout
2077 2187 2245 2224 constat
2276 2184 2397 2225 testi-

214 2250 354 2289 monio
386 2251 571 2304 plurium
605 2256 847 2292 nostrorum
880 2251 1106 2303 fideliumr,
1139 2251 1210 2306 qui
1243 2255 1344 2292 tunc
1377 2252 1584 2306 temporis
1617 2255 1739 2293 erant
1771 2251 1959 2292 omnium
1983 2251 2156 2304 conscii,
2190 2251 2319 2293 velud
2342 2266 2398 2293 ex

215 2317 276 2358 eis
309 2318 479 2372 quidam
513 2321 743 2375 participes
777 2324 842 2361 et³3
874 2321 946 2360 alii
987 2320 1204 2375 principes
1246 2320 1459 2361 factionis.
1521 2320 1706 2375 Propter
1737 2319 1870 2374 quod,
1910 2319 2029 2360 filio4
2061 2323 2104 2360 et
2134 2319 2400 2375 principibus

213 2388 370 2427 nostris
400 2387 453 2428 ad
486 2402 562 2429 nos
596 2388 647 2430 de
670 2388 892 2430 Jermania
914 2389 1189 2430 venientibus
1221 2403 1298 2444 per
1319 2389 1504 2430 rebelles
1527 2393 1698 2430 nostros
1728 2387 1974 2429 itineribust
2004 2387 2187 2443 publicis
2209 2388 2400 2444 undique

214 2455 448 2510 prepeditis
488 2463 565 2498 acu
597 2457 748 2498 eodem
788 2458 875 2498 filio
916 2462 1065 2499 nostro
1098 2458 1211 2513 apud
1243 2457 1523 2513 Aquilegiam
1558 2457 1701 2499 navali
1733 2456 1924 2512 presidio
1957 2470 2054 2497 cum
2087 2470 2254 2498 summa
2286 2457 2399 2498 diffi-

214 2525 371 2565 cultate
407 2527 610 2580 recepto5
643 2540 691 2567 ac
724 2527 766 2567 in
796 2526 1081 2568 Teothoniam
1117 2526 1273 2568 abinde
1306 2527 1560 2579 destinatov,
1594 2527 1636 2567 in
1659 2526 1857 2581 Regnum
1890 2525 1942 2567 de
1971 2526 2234 2567 necessitate
2257 2525 2399 2568 reddi-

214 2593 366 2641 vimus.
409 2599 558 2648 utpote
602 2609 706 2649 quos
739 2595 791 2636 ad
824 2595 1136 2637 cohercendam
1179 2595 1406 2637 rebellium
1446 2599 1691 2636 nostrorum
1731 2595 1972 2649 nequiciam
2004 2595 2138 2650 patris
2171 2595 2398 2636 consilium

214 2661 280 2700 vel
321 2663 483 2702 astucia
524 2663 672 2717 pocius
714 2664 925 2705 miseratw
965 2664 1212 2719 imparatos.
1333 2663 1398 2719 (5)
1436 2663 1521 2704 Ubi
1553 2663 1866 2719 quodammodo
1905 2662 2245 2719 respirantibusx
2276 2664 2398 2705 nobis

215 2734 257 2769 et
290 2731 616 2784 capescentibus
650 2733 840 2787 requiem
882 2738 977 2788 post
1015 2733 1229 2784 laboresy,
1271 2732 1406 2787 quieti
1438 2736 1611 2774 nostrez
1643 2732 1964 2773 sanctissimusa
1996 2736 2121 2787 pater
2151 2735 2301 2773 noster
2331 2731 2395 2772 in-

215 2797 357 2839 viditb.
402 2799 689 2841 consiliatoris
731 2801 811 2842 sibi
854 2808 1106 2857 personamc
1138 2801 1399 2856 adsumpsit,
1441 2801 1748 2842 instantissime
1789 2800 2131 2856 persuadensd·⁶‚
2171 2803 2398 2841 utcontra

214 2865 430 2907 Romanos
464 2869 726 2910 excellencie
759 2875 906 2911 nostre
939 2870 1116 2911 devotos
1140 2874 1183 2911 et
1204 2870 1310 2910 alios
1334 2869 1501 2911 rebeles
1525 2873 1696 2910 nostros
1719 2869 1771 2910 de
1793 2868 1965 2921 Tuscia,
1998 2870 2070 2924 qui
2097 2869 2190 2910 iura
2213 2869 2397 2911 ecclesie

215 2945 255 2975 ct
291 2936 452 2990 imperii
486 2937 757 2989 detinebant,
800 2939 1130 2993 procederemus
1171 2938 1395 2990 audacter,
1437 2938 1488 2979 de
1529 2952 1606 2979 suo
1649 2938 1793 2979 favore
1825 2938 1984 2989 securi,
2026 2938 2140 2993 quod
2171 2937 2396 2980 nobiscum

349 3061 434 3095 215.
468 3069 500 3103 v)
529 3065 647 3097 muniti
675 3065 726 3097 vel
751 3065 890 3097 amoniti
915 3064 946 3097 3.
1063 3064 1103 3106 w)
1128 3076 1188 3096 nos
1215 3065 1303 3097 deest
1327 3063 1358 3097 4.
1452 3065 1486 3106 x)
1514 3066 1590 3098 inst.
1616 3075 1687 3107 par.
1712 3063 1743 3097 3.
1836 3064 1869 3107 y)
1895 3064 1941 3095 sic
1968 3063 2072 3102 1—3;
2098 3064 2120 3096 i.
2137 3075 2162 3097 e.
2189 3065 2398 3098 estimantes.

213 3124 225 3138 ⁷
268 3130 305 3149 ca
334 3120 539 3152 solumunodo
565 3122 632 3153 ‹Ie-³.
652 3120 681 3154 2.
777 3121 808 3164 ³)
836 3123 976 3154 veritato
1001 3121 1032 3154 3.
1128 3120 1160 3162 b)
1187 3123 1231 3154 ab
1257 3122 1338 3155 add.
1357 3121 1388 3154 3.
1484 3122 1513 3162 Ο)
1540 3122 1629 3154 deest
1656 3121 1684 3153 1.
1779 3119 1811 3162 d)
1838 3121 1944 3163 captis
1967 3121 2056 3153 deest
2072 3119 2104 3153 2.
2198 3121 2228 3163 Θ)
2255 3122 2343 3154 deest
2363 3120 2394 3155 3.

213 3174 243 3210 s,
270 3183 300 3206 (ιτ
327 3176 415 3207 des-sl
440 3179 471 3209 2.
548 3180 552 3183 ’
589 3179 621 3221 5⁴)
648 3179 695 3211 his
721 3180 881 3221 scriptum
908 3180 939 3210 2.
1058 3178 1090 3221 ¹¹)
1118 3181 1155 3210 R.
1174 3179 1205 3211 23.
1322 3178 1345 3221 i)
1372 3179 1437 3212 vol.
1464 3185 1496 3212 et
1521 3190 1632 3212 conse.
1659 3178 1696 3216 ὃς
1730 3184 1763 3211 ct
1788 3178 1854 3210 vol.
1881 3178 1950 3210 cles.
1967 3178 1997 3210 4.
2115 3176 2148 3221 k)
2175 3189 2232 3221 per
2258 3180 2338 3221 perf.
2364 3177 2394 3211 3.

214 3230 236 3267 ¹)
275 3234 362 3263 1lm251
387 3235 416 3265 55.
558 3242 599 3271 ¹¹¹>
641 3237 712 3268 loco
739 3238 857 3268 iteruin
885 3236 921 3268 4:
960 3243 991 3268 ct
1017 3242 1140 3269 tamen.
1280 3238 1312 3275 ¹¹)
1353 3238 1592 3269 conimonitiva
1616 3235 1647 3268 2.
1788 3235 1819 3276 ⁰)
1854 3235 2064 3267 occasionem
2089 3234 2126 3273 2;
2166 3236 2340 3268 occasione
2363 3234 2396 3267 3.

213 3296 242 3322 1»,
270 3291 463 3331 significan>-
490 3293 526 3325 3:
553 3295 718 3335 prefigens·
744 3293 775 3326 4.
894 3295 925 3335 ¹1)
952 3296 1076 3326 stit-eret
1099 3294 1130 3325 3.
1250 3298 1277 3334 r)
1304 3295 1357 3326 fid.
1386 3299 1471 3326 nost.
1497 3293 1529 3326 2.
1646 3293 1674 3334 ὃ)
1700 3298 1733 3325 et
1756 3293 1814 3325 alii
1839 3293 2007 3334 principes
2033 3292 2099 3324 des.
2125 3290 2155 3323 4.
2249 3291 2274 3334 t)
2300 3293 2395 3325 itine-

214 3348 365 3379 rantibus
391 3348 421 3379 3.
540 3355 571 3378 ¹¹!
598 3351 653 3381 sed
681 3362 721 3382 cx
747 3350 782 3389 3;
815 3352 872 3383 scd
905 3363 982 3383 cum
1010 3363 1049 3384 ex
1071 3351 1132 3383 3a.
1259 3354 1289 3390 v)
1316 3352 1465 3391 seqnitur
1486 3351 1522 3382 in
1551 3351 1567 3382 1
1595 3350 1625 3382 (Γ
1651 3355 1689 3381 ut
1710 3350 1841 3382 videtur
1867 3349 2020 3381 deletum.
2137 3347 2177 3391 w)
2204 3349 2339 3381 miseret
2364 3347 2396 3382 2.

212 3409 244 3441 X)
272 3404 512 3445 inspirantibus
538 3407 568 3437 25.
708 3414 740 3449 5)
767 3409 912 3440 laborem
939 3408 968 3440 2.
1111 3414 1140 3448 Z)
1167 3409 1270 3440 nostri
1296 3407 1327 3440 2.
1468 3412 1499 3449 a)
1525 3412 1630 3440 sanct.
1657 3411 1889 3449 paternoster
1914 3406 1982 3439 des,
1999 3404 2030 3437 4.
2151 3405 2182 3446 ι))
2208 3406 2338 3438 invadit
2362 3404 2394 3438 3.

213 3466 243 3498 ί”)
271 3463 407 3493 sormam
434 3461 463 3494 3.
584 3462 617 3504 (¹)
644 3467 811 3507 persuasit
835 3465 866 3497 2.

350 3564 382 3606 1)
410 3564 519 3596 Anno
547 3568 641 3597 1223.
761 3566 795 3608 2)
823 3567 930 3599 Anno
955 3571 1053 3600 1229.
1170 3566 1205 3608 3)
1231 3566 1274 3599 A.
1294 3569 1381 3600 1230
1404 3575 1516 3599 mense
1536 3564 1640 3598 Iulio.
1748 3564 1784 3607 4)
1812 3562 1986 3598 Heinrico
2009 3573 2091 3606 φερε.
2186 3564 2221 3606 5)
2246 3563 2289 3597 Α.
2310 3566 2394 3597 1232

213 3630 323 3653 mense
350 3620 477 3662 Aprili.
597 3625 630 3661 ὅ)
658 3622 821 3665 Epistola
847 3635 877 3656 a.
898 3628 991 3657 1232.
1022 3623 1091 3657 Iul.
1110 3628 1153 3656 24
1179 3622 1265 3656 data
1289 3622 1337 3657 ed.
1365 3622 1570 3665 Roclenbery
1596 3621 1627 3663 I,
1646 3632 1701 3655 nr.
1720 3625 1793 3655 4713.

2439 896 2472 921 10

2440 1240 2470 1264 15

2439 1587 2473 1612 20

2438 1929 2469 1956 25

2436 2273 2469 2298 30

2435 2611 2467 2636 35

2434 2961 2468 2986 40

2431 3301 2464 3326 45

2429 3627 2462 3652 50
