2558 3970
119 940 152 965 10

118 1290 149 1314 15

116 1633 150 1659 20

115 1979 148 2005 25

117 2325 150 2351 30

119 2671 151 2696 35

118 3104 153 3129 40

121 3476 154 3500 45

651 185 1055 221 CONFOEDERATIO
1084 186 1218 221 l’AClS
1245 186 1493 221 RHENANA.
1547 188 1643 221 1254.
1694 188 1929 222 Nr.42t51.11.
2311 156 2385 231 581

190 302 286 343 cula
327 305 370 342 et
403 301 564 342 viarum
604 301 851 343 discrimina
892 302 1121 343 nonnullos
1163 317 1217 343 ex
1261 303 1419 344 nostris
1454 304 1535 343 iam
1581 317 1658 358 per
1691 304 1869 344 multum
1911 304 2117 359 temporis
2151 303 2390 344 discursum

189 370 485 413 destruxerint
517 371 688 426 penitus
721 375 765 412 et
796 371 1028 426 plerosque
1061 370 1198 412 bonos
1232 375 1275 411 et
1298 371 1488 425 ydoneos
1512 372 1724 412 traxerint
1748 371 1816 412 in‘¹
1851 372 2032 421 ruinam,
2066 377 2112 412 ut
2137 373 2392 413 innocentes

189 439 556 495 opprimerentur⁰
588 439 680 481 sine
714 439 879 481 calculo
912 439 1103 490 rationis,
1137 438 1190 480 ad
1224 439 1485 481 obviandum
1519 440 1818 481 huiuscemodi
1854 441 2190 496 tempestatibus
2219 446 2262 482 et
2294 455 2392 496 pro-

189 509 309 551 cellis
342 508 515 550 modum
547 508 691 550 rimari
724 509 912 564 oportuit
946 513 989 550 01
1022 509 1227 563 perquiri,
1261 523 1338 563 per
1370 523 1498 564 quem
1534 510 1668 550 nostri
1702 510 1843 550 saltim
1874 511 2045 551 termini
2071 515 2113 552 et
2138 510 2393 557 districtuss,

188 578 349 619 omissa
380 578 585 632 equitatis
617 577 908 632 digressione,
944 577 1112 633 possint
1143 577 1198 618 ad
1231 578 1351 632 pacis
1386 578 1569 619 orbitam
1602 579 1809 620 revocari.
1931 579 1997 633 (2)
2030 579 2144 620 llinc
2179 584 2244 620 est
2278 578 2392 634 quod

188 661 266 689 nos
302 647 414 689 serie
447 647 663 702 presentis
687 647 836 702 scripti
870 647 1066 703 cupimus
1098 647 1370 688 innotescere
1396 647 1623 697 universis,
1658 647 1771 702 quod
1802 661 1892 697 nos,
1926 654 2184 703 cooperante
2209 648 2393 689 Domino

186 716 289 760 Iesu
323 715 495 758 Christo
539 717 659 772 pacis
700 720 875 758 auctore
919 730 969 757 ac
1013 721 1229 766 amatore,
1275 731 1353 772 per
1391 730 1517 771 quem
1561 717 1700 757 tocius
1743 716 1842 757 boni
1881 717 2105 758 exordium
2139 723 2203 757 cst
2238 723 2281 759 et
2313 719 2394 766 via,

186 789 365 842 propter
397 785 609 827 culturam
642 785 762 840 pacis
795 789 866 827 018
898 785 1061 827 iustitie
1097 785 1447 826 observationem
1481 785 1766 826 convenimus
1800 785 2059 826 unanimiter
2092 787 2132 826 in
2168 787 2276 827 lianc
2310 788 2392 827 for-

188 868 322 907 mam,
362 855 552 910 prestitis
598 854 884 897 iuramentish
924 869 1001 896 nos
1042 855 1225 896 invicem
1268 854 1546 909 astringendo
1590 870 1614 895 a
1654 855 1767 895 festo
1810 859 1959 896 sancte
1992 855 2237 909 Margaretc
2279 870 2389 896 nunc

189 924 366 966 instanti
398 923 452 965 ad
485 923 636 965 decem
670 938 830 975 annos,
871 924 1075 966 videlicet
1116 939 1227 966 anno
1261 923 1437 965 Domini
1470 922 1750 965 MCCLlIll.i
1784 938 1934 978 pacem
1966 924 2248 977 generalemk
2282 925 2395 964 iura-

186 994 324 1035 vimus
368 993 550 1035 firmiter
589 993 836 1035 observare.
957 992 1054 1047 (2a)
1099 992 1237 1039 Quam
1279 993 1427 1048 utique
1467 1006 1621 1047 pacem
1656 992 1932 1033 venerabiles
1971 997 2116 1046 patres
2151 1008 2200 1033 ac
2235 993 2393 1033 dommi

186 1059 479 1118 G(erhardus)
500 1058 880 1115 Mogontinensis¹,
907 1058 1175 1115 Conr(adus)
1196 1059 1490 1110 Coloniensis,
1515 1059 1734 1101 Arnoldus
1754 1060 2041 1102 Treuerensis
2065 1062 2395 1116 archiepiscopi.

184 1129 427 1172 Richardus
452 1128 782 1170 wormacensis
794 1135 835 1180 ¹¹¹,
867 1128 1102 1170 Heinricus
1126 1129 1507 1184 Argentinensisn,
1542 1128 1726 1170 Iacobus
1752 1129 1981 1181 Metcnsis,
2015 1130 2247 1171 Bertoldus
2270 1130 2394 1171 Basi-

185 1200 350 1242 lensis⁰
373 1199 578 1255 episcopi,
602 1212 769 1240 necnon
793 1198 915 1239 multi
938 1199 1120 1240 comites
1144 1203 1187 1240 01
1210 1198 1380 1240 nobiles
1405 1202 1519 1239 terre
1544 1197 1769 1239 nobiscum
1794 1199 2059 1249 iuraverunt,
2094 1213 2172 1241 sua
2195 1199 2395 1240 thelonea

186 1269 376 1311 iniustap
420 1270 532 1311 sicut
571 1275 615 1311 et
657 1283 735 1310 nos
781 1274 868 1310 tam
912 1269 955 1310 in
997 1269 1124 1311 terris
1157 1283 1285 1325 quam
1326 1269 1368 1310 in
1400 1268 1522 1324 aquis
1555 1268 1743 1324 benigne
1776 1272 1820 1310 et
1862 1269 2099 1310 liberaliter
2133 1269 2395 1310 relaxantes.

185 1339 249 1395 (3)
282 1339 422 1381 Tanto
455 1352 626 1395 quoque
660 1338 808 1381 federe
850 1339 1095 1380 firmitatisq
1128 1338 1373 1380 servabitur
1405 1337 1485 1378 hoc
1519 1338 1799 1393 promissum,
1841 1342 1888 1378 ut
1920 1352 2003 1379 non
2037 1338 2177 1378 solum
2211 1338 2396 1378 maiores

185 1410 295 1451 intra
333 1421 411 1450 nos
451 1408 531 1450 hoc
570 1408 787 1450 communi
824 1408 1014 1464 presidio
1049 1408 1337 1463 gratulentur,
1379 1421 1529 1449 verum
1563 1407 1753 1448 universi
1795 1407 1984 1448 minores
2018 1421 2113 1448 cum
2148 1406 2395 1456 maioribus,

185 1479 332 1520 cleriei
363 1478 580 1520 seculares
615 1482 660 1520 et
691 1492 841 1520 omnes
874 1478 1066 1534 religiosi
1100 1478 1394 1533 cuiuscunque
1427 1478 1512 1518 sint
1534 1477 1710 1529 ordinis,
1743 1477 1841 1518 laici
1865 1482 1908 1518 et
1931 1476 2068 1528 Iudei,
2104 1477 2185 1518 hac
2210 1476 2394 1517 tuitione

184 1547 348 1604 perfrui
380 1561 426 1589 se
458 1546 679 1603 gaudeant
712 1551 755 1588 et
786 1547 830 1588 in
862 1547 1175 1603 tranquillitate
1209 1551 1362 1589 sancte
1401 1547 1522 1602 pacis
1556 1547 1730 1588 valeant
1763 1560 2033 1602 permanere.
2153 1545 2255 1601 (3a)
2289 1546 2393 1592 Qui-

187 1630 354 1673 cunque
388 1630 488 1658 vero
522 1617 650 1658 huius
683 1617 803 1672 pacis
835 1617 1070 1659 violatores
1103 1631 1154 1658 ac
1187 1616 1514 1672 perturbatores
1539 1616 1779 1667 extiterint,
1814 1621 1964 1656 contra
1987 1615 2085 1656 illos
2108 1616 2211 1656 totis
2235 1615 2397 1655 viribus

184 1687 473 1742 insurgemus,
505 1686 624 1742 ipsos
656 1699 792 1741 usque
826 1685 880 1727 ad
904 1685 1163 1741 condignam
1187 1686 1535 1727 satisfactionem
1560 1684 1873 1740 compellendo.
1985 1684 2050 1739 (4)
2084 1684 2268 1739 Propter
2291 1698 2394 1738 que-

186 1757 350 1798 stiones
382 1760 542 1807 tamen,
576 1762 683 1811 quer
714 1756 797 1797 iam
831 1756 944 1797 inter
975 1756 1094 1811 pacis
1128 1755 1277 1798 federe
1302 1756 1550 1797 coniuratos
1575 1754 1791 1796 habentur
1814 1768 1863 1794 ac
1887 1754 2084 1795 fortassis
2110 1754 2150 1794 in
2175 1758 2395 1808 posterum

185 1839 413 1881 emergere
447 1824 718 1875 videbuntur,
752 1839 805 1867 ne
838 1825 890 1867 de
924 1824 1028 1877 hiis,
1074 1824 1189 1880 quod
1222 1825 1360 1877 absit,
1404 1838 1517 1865 nunc
1550 1828 1624 1865 aut
1655 1823 1697 1864 in
1732 1823 1873 1864 futuro
1908 1823 2044 1864 fomes
2078 1822 2293 1864 discordie
2329 1823 2395 1863 vel

183 1895 273 1936 litis
305 1895 474 1936 occasio
505 1895 652 1937 valeat
683 1894 881 1946 suboriri,
915 1895 1138 1936 inventum
1171 1899 1239 1936 est
1271 1895 1385 1935 circa
1418 1893 1499 1935 1100
1531 1893 1769 1934 remedium
1804 1892 2018 1944 salutare,
2052 1892 2165 1947 quod
2198 1891 2398 1932 videlieet

185 1965 228 2006 in
266 1964 462 2020 qualibet
503 1965 678 2006 civitate
722 1965 792 2006 vel
832 1970 878 2005 aS
918 1964 1115 2019 quolibet
1159 1964 1356 2005 dominot
1388 1963 1514 2005 nobis
1555 1963 1775 2004 coniurato
1816 1966 2001 2017 quatuor
2042 1962 2120 2003 viri
2162 1961 2244 2002 fide
2279 1960 2396 2015 digni

185 2033 401 2076 adiuratiu
432 2047 563 2090 super
594 2033 675 2075 hoc
698 2033 973 2089 specialiterv
1006 2034 1236 2089 eligantur,
1270 2033 1356 2089 qui,
1390 2033 1649 2074 auctoritate
1682 2032 1811 2088 plena
1833 2031 1937 2086 ipsis
1962 2044 2094 2086 super
2116 2031 2198 2072 hoc
2222 2030 2394 2080 tradita,

186 2103 266 2144 sub
298 2102 445 2145 debito
477 2103 710 2144 iuramenti
741 2103 969 2144 universas
1003 2103 1255 2158 questiones
1288 2116 1367 2158 per
1390 2102 1668 2144 amicabilem
1692 2100 2055 2157 compositionem
2080 2101 2147 2141 vel
2172 2115 2249 2155 per
2272 2100 2395 2140 iusti-

185 2173 289 2213 tiam
320 2172 628 2214 terminabunt.
749 2170 816 2227 (5)
849 2171 977 2219 Quod
1007 2173 1041 2213 si
1072 2186 1150 2227 per
1182 2172 1248 2213 ius
1280 2176 1355 2213 aut
1387 2185 1463 2228 per
1495 2170 1769 2212 amicabilem
1794 2170 1907 2212 viam
1941 2170 2017 2211 has
2049 2184 2204 2211 causas
2238 2169 2395 2210 discin-

185 2241 289 2283 dere
322 2241 597 2297 nequiverint
629 2244 673 2282 et
704 2241 860 2297 sopire,
894 2241 1151 2297 quicumque
1184 2245 1371 2296 quatuor
1403 2240 1662 2290 iuraverint,
1699 2238 1813 2295 quod
1847 2253 1949 2280 suus
1984 2239 2182 2280 dominus
2215 2243 2289 2279 aut
2321 2253 2398 2279 sua

186 2310 337 2352 civitas
369 2310 424 2352 ad
456 2309 512 2363 id,
546 2310 659 2366 quod
694 2311 734 2352 ei
766 2311 1015 2367 imponitur,
1048 2325 1133 2352 non
1166 2314 1367 2352 teneatur
1390 2311 1514 2352 iuxta
1535 2309 1641 2351 iuris
1666 2308 1862 2350 ordinem
1896 2307 2245 2364 persolvendum,
2281 2307 2395 2348 idem

186 2379 384 2421 dominus
416 2380 486 2421 vel
527 2379 678 2421 civitas
719 2394 851 2436 super
890 2394 962 2433 eo,
1005 2380 1118 2435 quod
1152 2381 1192 2422 ei
1224 2380 1470 2435 imponitur,
1515 2379 1688 2436 penitus
1722 2378 1987 2419 absolvatur.
2110 2376 2175 2431 (6)
2218 2376 2263 2417 Si
2296 2392 2397 2418 vero

186 2449 339 2491 horum
372 2453 558 2505 quatuor
589 2449 743 2504 aliquis
777 2449 1068 2501 decesseritw,
1101 2450 1211 2492 alius
1243 2451 1337 2492 loco
1370 2449 1436 2491 sui
1469 2449 1770 2491 substituetur.
1891 2447 1955 2502 (7)
1990 2446 2036 2488 Si
2069 2461 2155 2501 pax
2186 2446 2230 2486 in
2254 2446 2397 2501 aliquo

187 2517 390 2560 domino*
420 2519 491 2560 vel
523 2518 566 2559 in
598 2519 744 2574 aliqua
777 2519 952 2561 civitate
984 2519 1119 2561 fuerit
1151 2520 1418 2575 perturbata,
1452 2518 1635 2574 predicti
1669 2521 1857 2572 quatuor
1890 2532 1914 2558 a
1948 2515 2131 2557 dominis
2155 2515 2222 2556 vel
2246 2530 2270 2556 a
2294 2516 2396 2555 civi-

186 2587 347 2629 tatibus
381 2587 435 2628 ad
470 2587 551 2628 hoc
582 2587 800 2644 deputati,
840 2602 917 2643 pro
957 2588 1315 2644 perturbationey
1349 2589 1470 2644 pacis
1504 2592 1546 2629 et
1579 2588 1717 2629 eciam
1750 2600 1881 2641 super
1914 2584 2096 2638 negocio
2130 2585 2251 2639 pacis
2283 2588 2395 2625 trac-

187 2656 319 2698 tando
351 2657 613 2698 convenient
636 2661 705 2698 etlt
735 2657 789 2699 de
813 2658 994 2698 consilio
1019 2658 1233 2699 communi
1257 2657 1522 2709 tractabunt,
1555 2656 1742 2712 qualiter
1764 2655 1805 2696 id
1831 2654 2065 2695 honorifice
2088 2653 2231 2694 valeat
2255 2654 2395 2693 refleri

188 2729 256 2767 etz
287 2730 437 2768 sancte
469 2727 588 2782 pacis
622 2727 758 2768 forma
789 2727 925 2782 possit
957 2727 1182 2770 stabiliria.

699 2852 753 2886 II.
789 2851 1111 2889 CONVENTUS
1143 2852 1341 2888 WORMA
1350 2850 1566 2886 TIENSIS.
1619 2855 1715 2885 1254.
1768 2849 1840 2883 Oet.
1861 2854 1891 2883 6.

333 2944 384 2985 In
415 2944 588 2985 nomine
611 2944 801 2996 Domini,
835 2959 975 2987 amen.
1067 2946 1196 2987 Anno
1221 2945 1397 2987 Domini
1425 2943 1692 2986 MCCLIIII.
1727 2943 1769 2982 in
1799 2946 1953 2983 octava
1976 2941 2113 2982 sancti
2138 2939 2396 2982 Miehahelis

189 3015 545 3056 convenientibus
578 3014 703 3055 nobis
738 3015 779 3055 in
813 3029 946 3056 unum
980 3015 1218 3056 coniuratis
1243 3014 1493 3056 civitatibus
1526 3018 1614 3054 tam
1638 3010 1934 3066 superioribus
1959 3023 2087 3064 quam
2121 3009 2396 3050 inferioribus

187 3096 265 3138 pro
297 3097 406 3138 pace
439 3083 653 3124 servanda
685 3084 728 3124 in
763 3083 935 3124 civitate
956 3082 1318 3136 wormaciensi³‚
1352 3083 1501 3125 habito
1525 3081 1738 3136 colloquio
1762 3084 1805 3121 et
1835 3082 2022 3120 tractatu
2046 3078 2241 3133 diligenti
2267 3092 2398 3133 super

187 3151 269 3193 hiis
301 3166 385 3207 que
417 3153 513 3208 paci
545 3152 742 3194 adtinent
771 3152 982 3208 generali,
1015 3153 1069 3195 ad
1101 3153 1310 3195 honorem
1333 3152 1418 3194 Dei
1452 3156 1496 3194 et
1530 3155 1681 3193 sancte
1709 3148 1860 3190 matris
1884 3148 2068 3190 ecclesie
2092 3161 2260 3188 necnon
2285 3147 2395 3188 sacri

327 3288 414 3325 428.
447 3292 473 3324 Ι.
499 3289 532 3333 d)
558 3292 605 3325 sic
630 3291 679 3331 W,·
703 3292 739 3324 in
764 3303 852 3324 corr.
871 3302 911 3324 esc
933 3296 967 3324 et
983 3290 1016 3324 2.
1103 3290 1135 3334 θ)
1161 3291 1208 3324 sie
1231 3291 1280 3330 ΠΤ,-
1305 3292 1578 3334 exprimerentur
1602 3288 1635 3322 2.
1707 3287 1737 3329 s)
1764 3288 1811 3320 3ἰο
1839 3287 1885 3326 W;
1910 3287 2097 3319 districtius
2122 3285 2153 3318 2.
2225 3288 2258 3328 g)
2286 3297 2327 3318 ac
2350 3286 2397 3318 W.

189 3345 224 3388 h)
250 3347 298 3380 3ἰο
321 3348 369 3386 W,·
399 3348 494 3392 pstiti
525 3349 706 3382 iuramenti
731 3347 763 3381 2.
859 3383 864 3386 ,
904 3347 928 3390 i)
960 3348 1007 3382 3ἰο
1034 3349 1081 3387 W,-
1105 3349 1290 3381 MCCLIII.
1315 3347 1348 3381 2.
1489 3346 1524 3390 k)
1558 3358 1664 3389 quam
1699 3345 1916 3379 1⁷11se7·emlzmz
1948 3356 2017 3377 esse
2051 3345 2148 3377 ‹lua-it
2180 3344 2397 3376 ll⁷eIzsiicker.

189 3402 214 3445 l)
239 3406 421 3448 Mogontia
445 3405 478 3439 2.
615 3405 658 3449 m)
685 3408 805 3439 XVorffl
830 3405 862 3438 2.
999 3406 1033 3447 n)
1060 3406 1199 3449 Argen?
1225 3404 1256 3439 2.
1389 3406 1422 3447 0)
1449 3406 1587 3438 Basilen
1612 3404 1643 3437 2.
1764 3406 1798 3445 1⁷)
1825 3404 1926 3436 etiam
1952 3403 2034 3435 «ald.
2061 3403 2109 3434 W.
2226 3407 2260 3443 (1)
2287 3403 2397 3434 'l'anta

190 3474 325 3506 quoque
351 3464 474 3497 federis
498 3465 658 3498 firmitate
683 3476 723 3496 eo:
757 3464 825 3496 VU
844 3464 1033 3496 emendavit
1062 3465 1174 3497 Weiss.
1293 3464 1322 3506 r)
1348 3464 1396 3495 sic
1418 3464 1466 3502 11}
1491 3463 1582 3495 deest
1606 3461 1637 3494 2.
1740 3462 1766 3502 ⁵⁵)
1793 3462 1825 3492 in
1851 3460 1883 3493 2.
1983 3460 2008 3501 t)
2036 3458 2102 3491 dm»
2128 3458 2166 3498 2;
2193 3459 2328 3491 domiuo
2350 3458 2396 3490 W.

189 3519 224 3563 u)
248 3526 282 3554 et
304 3522 408 3554 iurati
431 3521 502 3553 VU.
620 3521 652 3563 v)
677 3522 873 3565 spiritaliter
897 3520 937 3563 2;
964 3522 1054 3554 deest
1076 3523 1121 3554 W.
1229 3522 1268 3564 w)
1295 3522 1489 3554 discesserit
1512 3521 1560 3554 W.
1666 3520 1699 3561 x)
1725 3519 1792 3551 (11ῖο
1817 3518 1855 3558 2;
1881 3519 2030 3551 (1011111110
2052 3518 2100 3549 W.
2202 3516 2235 3560 y)
2262 3521 2398 3559 propter

190 3579 478 3621 perturbationem
500 3579 548 3613 W.
666 3579 696 3622 z)
723 3578 856 3622 refiGMri
884 3587 902 3620 7
928 3578 960 3613 2.
1078 3580 1110 3621 a)
1137 3581 1262 3612 Actum
1288 3591 1379 3612 auno
1405 3579 1542 3611 Domini
1570 3576 1659 3610 1254
1684 3577 1767 3608 add.
1791 3576 1840 3608 W.

330 3661 373 3693 11.
400 3660 431 3702 ²²)
456 3660 619 3693 WVormaE
639 3659 671 3692 2.

2418 863 2469 888 inl.
2494 867 2532 889 115.
