2558 3970
252 163 333 201 202
734 156 971 190 FRIDEth'l
1000 155 1044 190 11.
1069 154 1496 190 coNs'rl'rU'l'10NES.
1548 155 1646 188 1232.
1695 155 1758 188 Nr.
1778 155 1853 189 163.
1879 154 1955 188 164.

398 277 435 312 2.
470 273 681 313 Audiatur
714 271 847 326 primo
873 270 1092 324 responsio
1117 270 1375 324 peticionum
1400 269 1756 318 Lombardorum,
1788 273 1835 309 ut
1856 268 2172 322 adimpleantur
2193 268 2431 322 peticiones

253 341 603 383 bombardorum.
636 341 671 380 si
703 342 997 393 competenter
1029 338 1116 378 fieri
1150 338 1328 392 poterit:
1362 337 1550 391 alioquin
1582 336 1838 377 successive.

397 409 650 463 Supradicte
689 407 990 461 responsiones
1034 406 1146 446 facte
1186 409 1283 445 sunt
1324 405 1527 460 predictis
1561 405 1760 459 capitulis
1800 418 1877 459 per
1909 417 2089 445 comune
2122 403 2358 445 Mediolani
2389 407 2432 444 et

252 492 326 532 per
358 490 534 517 comune
558 476 706 516 Brixie
741 479 783 516 et
815 489 891 529 per
923 488 1102 514 comune
1136 473 1188 515 de
1211 473 1349 514 Laudi
1382 478 1424 514 et
1457 486 1531 528 per
1564 485 1744 513 comune
1767 472 2063 513 Vercellarum
2087 476 2131 513 et
2153 486 2230 526 per
2251 485 2430 512 comune

256 546 441 586 Novarie
476 550 518 586 et
551 559 626 600 per
659 557 838 585 comune
873 542 1118 584 Cumarum.

603 747 700 789 1154.
744 745 1203 789 RESPONSIONES
1232 745 1669 787 PLACENTINOR
1680 745 1780 787 UM.
1833 744 1986 798 (Mart.
2009 745 2090 800 in.)

396 829 438 869 E
466 829 592 869 Libro
625 827 805 880 Pote›·1's;
837 827 1053 867 ede‘dcrzmt
1083 826 1128 867 F
1128 826 1235 867 ἱρὴ-0)·
1255 828 1339 866 366
1369 825 1444 866 sub
1474 838 1540 865 nr.
1563 826 1647 865 338
1677 827 1715 865 et
1746 824 1961 865 Valentini
1986 837 2030 875 p.
2052 826 2120 864 80.

2059 891 2129 946 (P.
2152 891 2293 942 deest.)

403 1003 433 1040 l.
468 1000 607 1053 Super
630 999 817 1053 capitulo
853 995 1127 1038 ‘fidelitatis'1
1160 995 1308 1037 dicunt
1331 996 1584 1045 Placentini,
1618 996 1716 1050 quia
1738 995 1820 1036 sibi
1843 995 2024 1045 videtur,
2054 993 2167 1050 quod
2190 993 2434 1044 Lombardi,

253 1070 285 1108 si
319 1082 468 1123 pacem
503 1068 661 1108 debent
694 1067 853 1107 habere
887 1080 982 1107 cum
1015 1066 1285 1119 imperatore,
1320 1068 1618 1119 competenter
1649 1078 1734 1104 non
1756 1067 1935 1118 possunt
1959 1062 2109 1111 vitare,
2143 1061 2256 1117 quod
2279 1075 2435 1102 novum

252 1142 563 1177 sacramentum
597 1140 790 1190 prestent
823 1134 1083 1189 imperatori.
1148 1133 1223 1174 Set
1255 1133 1296 1173 in
1330 1147 1380 1174 eo
1413 1132 1525 1187 quod
1557 1132 1730 1173 dicitur:
1764 1133 1891 1173 ‘sicut
1912 1146 2002 1173 mos
2026 1130 2102 1173 est’
2136 1131 2294 1181 dicunt,
2327 1129 2437 1184 quod

252 1204 355 1244 illud
389 1213 452 1246 est
496 1204 675 1244 multum
717 1203 933 1257 generale.
1000 1201 1123 1242 Unde
1155 1201 1319 1250 dicunt,
1364 1200 1476 1255 quod
1515 1201 1633 1241 illum
1680 1204 1996 1241 sacramentum
2029 1200 2160 1241 debet
2200 1199 2352 1240 referri
2384 1197 2437 1239 ad

252 1287 407 1314 novum
439 1278 610 1327 pactum
645 1285 721 1312 seu
755 1269 1043 1319 concordiam,
1077 1283 1158 1323 que
1190 1269 1264 1310 fiet
1297 1269 1408 1310 inter
1440 1269 1744 1323 imperatorem
1778 1273 1820 1309 et
1850 1267 2133 1310 Lombardos.

395 1343 432 1381 2.
468 1342 608 1395 Super
640 1339 827 1381 secundo
860 1338 1047 1393 capitulo
1081 1335 1475 1378 ‘renunciationis'2
1507 1337 1673 1388 dicunt,
1707 1337 1821 1392 quod
1857 1341 2085 1392 postquam
2118 1339 2436 1377 sacramentum

252 1409 468 1449 fidelitatis
516 1409 675 1449 factum
719 1408 847 1448 fuerit
887 1406 1134 1461 imperatori
1173 1421 1197 1446 a
1235 1405 1489 1446 Lonibardis
1531 1406 1764 1447 secundum
1807 1406 1986 1446 formam
2025 1398 2282 1460 predictam,
2325 1404 2437 1459 quod

252 1477 418 1518 videtur
450 1477 731 1518 renunciasse
764 1476 1022 1525 iuramento,
1057 1474 1091 1515 si
1125 1473 1237 1529 quod
1271 1474 1432 1514 factum
1465 1474 1545 1514 fuit
1575 1474 1617 1515 in
1648 1473 1931 1528 preiudicium
1965 1473 2250 1528 imperatoris.
2309 1472 2436 1514 Unde

252 1560 334 1586 non
369 1550 552 1600 oportet.
585 1544 697 1599 quod
729 1544 843 1584 istud
876 1543 1109 1598 capitulum
1140 1543 1452 1597 interponatur,
1485 1555 1564 1583 nec
1588 1542 1757 1584 videtur
1788 1543 1928 1584 locum
1952 1542 2112 1583 habere
2133 1542 2177 1582 in
2198 1541 2279 1582 hac
2301 1545 2436 1596 parte,

252 1628 346 1654 cum
380 1614 643 1668 superfluum
675 1616 911 1668 reputetur.

393 1684 430 1723 3.
471 1682 609 1737 Super
649 1683 782 1722 tercio
825 1680 1011 1735 capitulo
1055 1679 1121 1720 ‘de
1153 1679 1341 1734 parendo
1372 1679 1455 1720 iuri
1487 1678 1612 1720 etc.’³
1645 1679 1812 1731 dicunt,
1847 1681 1946 1734 quia
1977 1680 2012 1721 si
2044 1680 2277 1735 imperator
2309 1679 2438 1721 debet

251 1765 347 1791 esse
382 1750 526 1796 iudex,
560 1751 629 1805 qui
663 1750 900 1791 contrarius
933 1754 976 1789 et
1008 1749 1206 1789 inimicus
1241 1747 1293 1789 de
1328 1749 1455 1802 longo
1488 1752 1684 1803 tempore
1719 1749 1863 1789 extitit
1886 1748 2230 1789 Lombardorum
2262 1752 2305 1789 et
2334 1762 2434 1804 pro-

253 1820 379 1874 pitius
423 1825 549 1874 atque
590 1819 799 1873 benignus
838 1818 1019 1858 inimicis
1052 1816 1391 1858 Lombardorum
1424 1831 1472 1857 ac
1516 1817 1599 1871 ipsi
1643 1817 1805 1858 inimici
1835 1816 2177 1858 Lombardorum
2221 1817 2437 1858 sanctores

253 1888 474 1928 extiterint
506 1888 775 1942 imperatoris
809 1891 956 1927 contra
988 1885 1270 1935 Lonibardos,
1303 1885 1345 1925 in
1379 1885 1532 1935 causis,
1568 1899 1650 1940 que
1684 1885 1960 1940 agitabuntur
1981 1886 2051 1926 vel
2074 1886 2229 1940 agitari
2255 1890 2438 1940 possunt

252 1956 362 1996 inter
399 1956 665 1997 Lombardos
705 1956 772 1995 vel
813 1955 1073 2009 singularem
1119 1954 1337 1995 civitatem
1377 1953 1638 1995 Lombardie
1682 1958 1725 1994 et
1762 1955 1959 1995 inimicos
1999 1953 2339 1995 Lombardorum
2371 1955 2438 1995 vel

252 2027 508 2082 singularem
543 2026 758 2066 civitatem
791 2039 949 2071 eorum,
983 2024 1136 2065 merito
1169 2024 1320 2064 timere
1353 2026 1535 2078 possunt
1556 2022 1801 2071 Lombardi,
1834 2037 1887 2064 ne
1918 2023 1984 2063 ius
2017 2037 2165 2064 eorum
2196 2027 2348 2078 pereat
2368 2024 2439 2064 vel

254 2095 365 2150 quod
404 2096 638 2150 imperator
677 2108 824 2135 eorum
862 2093 944 2133 iuri
986 2092 1247 2133 contrarium
1289 2105 1333 2131 se
1375 2095 1574 2146 opponat.
1643 2091 1700 2132 Et
1732 2091 1830 2132 ideo
1861 2095 2014 2146 putant
2046 2105 2142 2133 esse
2175 2091 2326 2133 merito
2359 2106 2436 2134 ex-

254 2163 499 2204 cusandum.

399 2234 435 2270 4.
481 2230 618 2285 Super
657 2234 806 2285 quarto
847 2229 1032 2284 capitulo
1077 2228 1386 2269 ‘satisfaciendi
1425 2227 1477 2269 de
1509 2228 1684 2269 offensis
1717 2226 1844 2269 etos-1
1876 2227 2041 2279 dicunt,
2085 2228 2199 2283 quod
2230 2228 2265 2269 si
2296 2227 2439 2282 aliqua

255 2300 406 2340 iniuria
438 2299 552 2340 facta
584 2299 663 2340 fuit
695 2313 719 2339 a
751 2298 1006 2339 Lombardis
1044 2297 1312 2351 imperatori,
1354 2295 1466 2351 quod
1504 2297 1686 2337 remissa
1719 2310 1744 2336 a
1776 2310 1940 2337 summo
1982 2297 2182 2351 pontifice
2214 2297 2437 2338 voluntate

256 2368 525 2422 imperatoris
570 2382 647 2408 nee
688 2382 711 2408 a
750 2374 942 2421 tempore
984 2366 1245 2407 remissionis
1286 2365 1390 2405 citra
1427 2365 1571 2419 aliqua
1610 2365 1773 2406 offensa
1804 2379 1882 2420 per
1912 2363 2178 2406 Lombardos
2211 2364 2326 2406 facta
2357 2367 2436 2417 est,

255 2444 319 2477 set
352 2437 493 2491 potius
534 2450 610 2490 per
652 2436 954 2490 imperatorem
996 2440 1038 2476 et
1072 2435 1162 2475 eius
1205 2434 1442 2481 fauctores;
1484 2434 1582 2488 quia
1622 2439 1788 2475 armata
1825 2448 1955 2474 manu
1987 2438 2029 2474 et
2060 2447 2178 2474 more
2217 2433 2364 2475 hostili
2394 2433 2438 2474 in

253 2504 519 2545 Lombardos
551 2510 593 2544 et
625 2518 772 2545 eorum
805 2504 964 2544 amicos
998 2503 1219 2544 insultavit
1242 2502 1476 2544 occidendo
1503 2502 1733 2544 crudeliter
1765 2503 1974 2552 homines,
2007 2502 2208 2543 mulieres
2231 2502 2440 2557 turpiter⁸

255 2580 297 2614 et
328 2575 465 2614 minus
498 2573 676 2614 honeste
709 2573 909 2613 violando
942 2578 984 2614 et
1017 2572 1166 2613 domos
1200 2571 1502 2612 comburendo.
1563 2570 1688 2612 Unde
1715 2570 1872 2621 dicunt,
1905 2570 2008 2611 illud
2032 2571 2264 2625 capitulum
2297 2571 2438 2611 locum

255 2656 335 2682 non
370 2642 526 2682 habere
561 2642 602 2681 in
635 2642 712 2682 hac
744 2646 880 2696 parte,
916 2646 982 2682 set
1012 2641 1153 2695 potius
1187 2641 1239 2681 de
1273 2640 1525 2681 excessibus
1557 2640 1828 2694 imperatoris
1852 2640 2006 2681 merito
2030 2639 2233 2693 conqueri
2256 2644 2438 2694 possunt

254 2709 498 2751 Lombardi.

397 2781 433 2818 5.
470 2778 606 2832 Super
638 2779 785 2832 quinto
819 2778 1007 2832 capitulo
1042 2777 1339 2819 'restitutionis
1363 2776 1574 2830 regalium
1597 2774 1734 2827 etc.’5,
1767 2775 1879 2830 quod
1911 2775 2218 2831 distinguatur,
2251 2788 2332 2830 que
2354 2775 2440 2816 sint

256 2847 419 2900 regalia
451 2846 692 2886 manifesta.

397 2916 435 2955 6.
470 2914 606 2969 Super
639 2918 761 2955 sexto
795 2914 980 2969 capitulo
1013 2914 1307 2954 ‘restitutionis
1340 2913 1509 2953 noviter
1542 2912 1784 2953 ablatorum
1818 2910 1944 2953 etc.'⁶
1976 2911 2143 2963 dicunt,
2183 2910 2294 2966 quod
2326 2911 2439 2952 istud

256 2982 486 3036 capitulum
521 2982 572 3023 de
605 2996 713 3023 novo
745 2983 1043 3037 interpositum
1073 2987 1139 3023 est
1170 2982 1223 3022 ad
1254 2981 1509 3022 instanciam
1532 2981 1796 3021 inimicorum
1818 2979 2096 3032 Lombardie,
2129 2983 2172 3020 et
2194 2980 2440 3035 specialiter

255 3064 328 3103 pro
363 3050 618 3091 detrimento
652 3057 693 3091 et
726 3056 861 3091 morte
897 3050 1079 3091 civitatis
1112 3049 1345 3090 Placentie.
1401 3048 1525 3090 Unde
1549 3048 1706 3099 dicunt,
1740 3048 1852 3103 quod
1875 3048 1991 3089 nullo
2017 3047 2143 3089 modo
2167 3052 2233 3089 est
2255 3062 2436 3090 consen-

256 3119 446 3159 tiendum
480 3120 521 3159 in
554 3133 618 3160 co.

401 3188 435 3225 7.
470 3186 593 3227 Unde
626 3201 754 3241 supra
795 3186 997 3241 predictis
1031 3187 1229 3240 capitulis
1262 3186 1566 3226 ambaxatores
1599 3185 1820 3226 civitatum
1851 3183 2108 3225 Lombardie
2142 3184 2265 3225 ibunt
2295 3199 2437 3225 coram

257 3255 543 3295 cardinalibus
583 3255 634 3295 ad
675 3255 961 3296 examinanda
1001 3254 1115 3296 dicta
1152 3255 1340 3309 capitula
1372 3258 1413 3294 et
1445 3253 1498 3294 ad
1531 3253 1790 3294 removenda
1831 3252 2047 3308 superflua
2078 3251 2131 3293 de
2163 3251 2289 3293 dictis
2322 3252 2436 3306 capi-

257 3323 372 3362 tulis.
407 3329 448 3362 et
480 3324 572 3377 ipsa
606 3323 853 3364 reducenda
885 3323 939 3363 ad
972 3323 1128 3363 bonum
1161 3322 1332 3363 modum
1366 3327 1409 3362 et
1439 3322 1586 3362 utilem
1620 3335 1696 3376 pro
1729 3320 1986 3362 Lombardis
2019 3320 2121 3361 dent
2143 3333 2318 3374 operam
2340 3333 2435 3360 cum

260 3390 429 3431 effectu.
494 3390 566 3431 Set
600 3405 684 3430 non
718 3391 851 3432 credit
882 3396 1074 3446 potestas
1106 3391 1344 3441 Placentie,
1378 3389 1491 3444 quod
1523 3388 1700 3443 predicti
1733 3388 2039 3448 ambaxatores
2063 3387 2285 3429 civitatum
2305 3387 2433 3428 Lom-

395 3491 478 3525 164.
513 3499 543 3533 a,
570 3495 711 3525 turbiter
737 3506 761 3525 c.

396 3583 426 3620 ly
454 3581 492 3615 Γ.
520 3593 572 3615 nr.
592 3588 648 3616 161
672 3593 747 3625 cup.
770 3589 794 3616 1.
912 3586 946 3626 2)
975 3582 1053 3616 ibid.
1078 3592 1151 3624 cup.
1168 3586 1197 3615 2.
1315 3582 1351 3624 3)
1378 3580 1460 3614 ibid.
1485 3591 1563 3624 cap.
1582 3584 1610 3614 3.
1733 3580 1768 3623 4)
1793 3579 1875 3614 ibid.
1901 3590 1976 3623 cap.
1995 3586 2024 3614 4.
2142 3580 2177 3623 5)
2203 3578 2284 3613 ibid.
2309 3590 2384 3622 cap.
2403 3583 2434 3613 5.

256 3639 290 3680 6)
319 3638 398 3671 ibid.
424 3649 500 3681 cap.
519 3644 548 3672 6.

2476 1072 2507 1095 10

2474 1412 2505 1437 15

2474 1757 2508 1782 20

2473 2098 2505 2124 25

2473 2446 2506 2471 30

2474 2784 2506 2811 35

2473 3125 2506 3150 4⁰

2471 3492 2503 3517 45
