2558 3970
0 1813 66 1838 195.

0 1850 48 1870 art.
65 1848 89 1871 ὑ.

12 1913 53 1936 ΞΒ.
70 1913 110 1936 Ῑῖ.

134 141 180 178 12
641 134 845 169 PHILIPPI
874 134 1012 168 REois
1039 130 1468 167 CONSTITU'I‘IONES.
1520 132 1616 165 1206.
1667 131 1728 165 Nr.
1748 132 1801 166 10.

128 251 391 303 dignitatem.
465 249 677 290 Dicebant
725 249 850 288 ctiam
900 248 1011 287 idem
1063 247 1297 300 principes,
1346 246 1506 285 nullum
1558 246 1686 285 alium
1736 247 1971 301 principem
2016 248 2216 288 sufficere
2259 247 2312 288 ad

128 318 374 359 sustinenda
418 332 546 358 onera
592 318 756 370 imperii
791 317 856 356 vel
899 317 939 356 in
982 315 1147 355 diviciis
1180 315 1390 368 condigne
1432 328 1560 368 posse
1593 314 1857 368 respondere
1896 316 2065 370 imperii
2097 316 2311 371 dignitati.

127 386 322 427 Vidimus
356 387 503 427 eciam.
538 385 647 439 quod
682 386 715 424 si
747 398 825 424 nos
859 398 943 424 non
967 384 1258 437 reciperemus
1282 383 1521 437 imperium,
1555 382 1652 422 talis
1676 381 1864 422 debebat
1887 383 2000 437 eligi,
2034 385 2153 424 cuius
2176 399 2310 439 gene-

128 456 235 495 ratio
276 469 329 495 ex
369 467 531 494 summa
573 453 825 507 antiquitate
871 456 1061 492 nostram
1101 464 1279 491 exosam
1320 450 1508 491 habebat
1548 449 1874 504 generationem
1916 457 2086 492 etcum
2119 465 2201 506 quo
2233 467 2312 495 nos

128 537 342 577 nunquam
377 536 526 577 pacem
561 528 601 561 ct
635 520 904 561 concordiam
938 520 1097 561 habere
1129 533 1371 574 possemus.
1434 519 1513 559 Ilis
1545 519 1674 572 igitur
1697 519 1893 560 omnibus
1916 519 2123 575 inspectis
2147 524 2189 561 et
2212 534 2311 562 con-
2367 537 2380 559 5

128 591 338 632 sideratis.
385 592 571 630 animum
620 589 672 629 ad
718 589 797 629 hoc
846 589 1145 643 applicuimus,
1195 592 1240 627 ut
1282 601 1357 628 nos
1396 601 1472 641 per
1512 587 1666 627 iustam
1701 591 1743 627 et
1782 587 2037 628 concordem
2069 589 2311 643 principum

128 660 383 700 electionem
426 659 648 712 imperium
693 658 998 697 obtineremus.
1066 655 1260 696 Dicimus
1302 656 1381 695 hoc
1415 669 1582 709 quoquc
1616 655 1657 695 in
1690 655 1772 695 fide
1806 655 1907 695 Iesu
1941 654 2113 707 Christi,
2155 657 2197 697 in
2230 671 2314 712 qua

128 728 283 768 salvari
317 728 527 782 cupimus.
561 726 670 781 quod
705 726 782 765 hoc
817 739 900 765 non
934 725 1114 765 fecimus
1148 724 1201 765 ob
1235 724 1416 764 alicuius
1439 723 1612 764 honoris
1635 723 1932 775 ambicionem,
1965 738 2049 764 non
2073 724 2126 765 ob
2153 725 2312 766 fastum

126 797 262 851 glorie
297 801 338 837 et
370 796 577 850 potentie.
618 808 700 834 non
740 794 791 833 ob
825 794 1010 847 aliquam
1048 806 1189 833 rerum
1223 793 1460 832 avaritiam.
1530 791 1614 832 Pro
1647 791 1727 831 hiis
1761 792 1869 832 enim
1904 792 2098 832 omnibus
2132 806 2239 833 onus
2271 797 2315 834 et

126 865 315 905 laborem
361 864 580 918 regiminis
621 863 787 917 imperii
830 875 1046 915 nunquam
1086 861 1414 901 affectassemus
1453 861 1520 900 vel
1562 860 1922 915 suscepissemus.
2040 860 2103 915 (5)
2137 860 2314 902 Indubi-

127 940 266 973 tanter
299 934 411 973 enim
455 932 630 973 credere
672 931 865 985 potestis.
909 931 1036 969 immo
1070 943 1172 969 vere
1207 929 1331 979 scire,
1376 928 1489 982 quod
1529 932 1630 969 tunc
1663 929 1774 968 inter
1806 942 1953 968 omnes
1987 929 2204 983 principes
2236 929 2314 970 im-

128 1003 232 1056 perii
268 1001 408 1041 nullus
441 1001 565 1041 nobis
597 1000 675 1040 fuit
708 999 854 1040 dicior.
889 998 1030 1038 nullus
1063 997 1294 1051 potentior.
1327 997 1469 1037 nullus
1502 997 1738 1050 gloriosior.
1800 996 2043 1037 Habuimus
2076 998 2190 1037 enim
2224 1011 2314 1038 am-

128 1071 343 1124 plissimas
379 1075 419 1110 et
453 1069 630 1109 diffusas
664 1067 977 1122 possessiones,
1017 1066 1244 1106 habuimus
1279 1065 1407 1105 etiam
1442 1070 1583 1106 eastra
1624 1064 1806 1119 plurima
1838 1069 1881 1105 et
1911 1064 2145 1106 fortissima
2177 1070 2220 1106 et
2251 1066 2314 1106 in-

128 1137 448 1192 expugnabilia.
513 1137 755 1177 Habuimus
789 1136 918 1176 etiam
953 1139 1014 1175 tot
1037 1134 1356 1186 ministerialeS,
1389 1134 1502 1188 quod
1527 1148 1604 1174 nos
1629 1147 1704 1174 eos
1729 1133 1806 1174 sub
1831 1134 1973 1188 aliquo
1999 1138 2114 1175 certo
2136 1148 2315 1176 numero

130 1207 201 1246 vix
226 1205 591 1260 comprehendere
624 1205 853 1259 potuimus.
907 1203 1150 1244 Habuimus
1174 1202 1367 1252 castella,
1401 1203 1612 1252 civitates,
1637 1202 1775 1253 villas,
1810 1202 2048 1256 burgenses
2073 1202 2314 1245 ditissimos,

127 1274 369 1315 Habuimus
403 1275 630 1329 pecuniam
664 1274 841 1313 inultam
873 1272 999 1312 nimis
1032 1271 1074 1311 in
1107 1285 1210 1311 auro
1245 1275 1288 1312 et
1319 1271 1361 1311 in
1394 1275 1572 1325 argento
1595 1270 1700 1311 etin
1723 1271 1869 1311 multis
1893 1272 2074 1325 gemmis
2098 1272 2318 1327 preciosis.

128 1343 371 1383 Habuimus
413 1343 539 1383 etiam
582 1344 623 1382 in
668 1345 880 1395 potestate
914 1344 1061 1381 nostra
1096 1344 1289 1380 sanctam
1323 1353 1506 1389 crucem,
1554 1339 1764 1389 lanceam,
1808 1352 2020 1390 coronam,
2069 1340 2319 1381 indumenta

129 1412 364 1466 imperialia
400 1417 441 1451 ct
475 1412 616 1451 onmia
651 1410 836 1464 insignia
867 1409 1048 1463 imperii.
1109 1407 1404 1449 Benedixerat
1436 1421 1604 1462 quoque
1637 1407 1761 1448 nobis
1794 1407 1915 1448 Deus
1947 1408 1989 1448 in
2022 1409 2166 1449 multis
2196 1409 2318 1450 bonis

128 1488 170 1520 et
203 1493 395 1521 crescere
419 1480 579 1520 fecerat
602 1484 644 1520 et
667 1483 848 1519 auxerat
870 1477 1044 1518 domum
1066 1481 1269 1518 nostram.
1322 1476 1556 1517 Hereditas
1581 1476 1740 1517 etenim
1764 1476 1897 1516 multa
1920 1476 2162 1518 ceciderat‘l
2196 1477 2319 1518 nobis

127 1550 167 1588 in
200 1548 397 1603 prediisssz
431 1548 613 1602 ideoque
646 1560 826 1588 necesse
858 1546 979 1587 nobis
1012 1560 1096 1586 non
1129 1545 1221 1596 fuit,
1255 1550 1300 1586 ut
1337 1559 1414 1586 nos
1447 1544 1678 1585 ambiciose
1710 1545 2004 1585 laboraremus
2034 1559 2110 1600 pro
2136 1546 2317 1601 imperio

127 1616 373 1658 obtinendo.
443 1616 598 1657 Nullus
641 1616 683 1656 in
722 1628 868 1669 regem
908 1615 1047 1669 potuit
1085 1614 1187 1668 eligi
1220 1613 1291 1668 qui
1335 1614 1430 1669 plus
1462 1617 1606 1654 nostro
1639 1627 1724 1654 non
1756 1613 1971 1668 indigeret
2005 1618 2047 1655 et
2078 1614 2318 1655 voluntario

127 1685 356 1740 obsequio.
391 1699 518 1739 quam
552 1699 628 1725 nos
663 1685 754 1725 eius
788 1684 926 1738 gratia
959 1689 1002 1724 et
1038 1683 1334 1724 benivolentia
1364 1682 1606 1723 videremur
1637 1681 1845 1736 indigere.
1906 1682 2037 1723 Nulla
2067 1683 2198 1737 igitur
2228 1696 2317 1723 am-

129 1754 305 1795 bitione.
353 1753 429 1795 sed
476 1768 550 1809 pro
599 1753 764 1794 causiss
801 1751 1059 1808 supradictis
1104 1765 1181 1792 nos
1221 1751 1263 1791 in
1305 1750 1595 1791 Romanorum
1637 1764 1784 1804 regem
1825 1751 1926 1805 eligi
1969 1751 2242 1805 permisimus
2277 1755 2320 1792 et

130 1824 422 1863 consensimus
466 1823 507 1862 in
550 1836 600 1862 ea
640 1822 745 1862 feria
790 1825 913 1861 sexta
952 1834 1037 1874 qua
1069 1820 1255 1861 canitur:
1306 1819 1406 1860 ‘Fac
1439 1833 1606 1860 mecum
1639 1818 1823 1860 Domine
1857 1819 2025 1874 signum
2058 1820 2099 1860 in
2132 1818 2319 1862 bonum’.

131 1891 252 1932 Fecit
290 1905 457 1946 quoque
497 1891 619 1931 nobis
657 1889 778 1930 Deus
821 1890 990 1943 signum
1031 1889 1073 1928 in
1111 1889 1238 1930 bono.
1305 1887 1431 1928 Multi
1475 1888 1586 1928 enirn
1631 1901 1706 1928 nos
1739 1887 1938 1929 viderunt
1970 1893 2013 1928 et
2045 1888 2242 1940 oderunt,
2275 1891 2319 1929 et

130 1959 460 2000 confunduntur.
524 1959 574 1999 In
608 1960 700 2014 ipso
735 1971 904 2013 quoque
930 1957 1106 1998 exordio
1131 1957 1356 1998 electionis
1390 1957 1501 1997 inter
1521 1956 1602 1997 hoc
1625 1957 1668 1996 in
1690 1956 1810 1996 firmo
1836 1956 2061 1997 habuimus
2086 1957 2319 2012 proposito,

128 2034 173 2068 ut
206 2042 282 2069 nos
316 2028 610 2083 principaliter
642 2027 894 2068 defensores
928 2040 1123 2067 essemus
1158 2025 1436 2066 ecclesiarum
1471 2028 1513 2065 et
1544 2028 1856 2066 restauratores
1889 2030 1931 2065 et
1962 2029 2007 2065 ut
2042 2026 2202 2066 cultum
2234 2024 2321 2067 Dei

130 2103 172 2137 et
204 2097 456 2151 religionem
491 2096 767 2137 christianam
806 2109 882 2150 pro
922 2108 1051 2149 posse
1083 2098 1228 2134 nostro
1272 2107 1442 2148 semper
1473 2094 1778 2148 ampliaremus
1813 2097 1856 2134 et
1886 2097 1932 2134 ut
1963 2094 2171 2134 iustitiam
2201 2093 2319 2135 face-

128 2179 270 2206 remus
303 2165 500 2205 omnibus
535 2165 751 2219 oppressis
786 2168 828 2205 et
861 2163 1059 2204 iniuriam
1090 2163 1363 2218 pacientibus
1397 2167 1440 2203 et
1471 2167 1518 2202 ut
1549 2162 1690 2217 dignis
1725 2162 1933 2217 supplicio
1965 2176 2198 2217 numquam
2220 2175 2319 2218 par-

128 2243 244 2274 ceret
289 2235 438 2274 oculus
480 2238 644 2284 noster,
697 2234 818 2273 iuxta
858 2233 960 2272 iuris
1004 2232 1238 2286 equitatem
1287 2237 1330 2272 et
1369 2232 1555 2286 rigorem
1594 2231 1671 2271 sub
1714 2235 2052 2286 temperamento
2083 2231 2246 2272 iustitie
2278 2234 2322 2271 et

130 2303 424 2343 misericordie
474 2303 514 2342 in
557 2302 754 2343 omnibus
803 2301 986 2355 negotiis
1030 2301 1189 2341 nostris
1231 2299 1519 2355 procedendo.
1637 2298 1703 2355 (6)
1744 2300 1900 2354 Sicque
1946 2313 2020 2340 nos
2054 2304 2150 2354 post
2182 2299 2320 2354 ipsam

129 2371 385 2412 electionem
419 2376 608 2412 nostram
641 2383 717 2425 per
750 2370 976 2411 continuas
1008 2368 1121 2409 XIII
1155 2370 1414 2424 septimanas
1448 2369 1539 2410 sine
1573 2369 1687 2410 omni
1720 2368 2054 2409 contradictione
2085 2368 2244 2408 fuimus
2277 2367 2321 2408 in

128 2439 295 2494 imperii
328 2441 474 2494 quieta
505 2439 797 2494 possessione.
858 2437 1002 2479 Medio
1036 2451 1203 2492 quoque
1239 2441 1434 2492 tempore
1468 2451 1564 2478 cum
1595 2437 1782 2478 maximo
1806 2441 1848 2478 et
1871 2436 2173 2491 gloriosissimo
2196 2449 2319 2477 exer-

131 2508 217 2547 citu
250 2507 301 2547 ad
343 2507 491 2549 sedem
525 2508 775 2562 Aquensem
818 2521 893 2562 pro
938 2506 1186 2560 recipienda
1219 2519 1375 2546 corona
1406 2507 1468 2546 ire
1502 2507 1709 2557 volentes,
1751 2506 1912 2546 astutia
1951 2509 1992 2546 et
2024 2504 2131 2545 dolis
2165 2503 2320 2545 adver-

131 2577 338 2616 sariorum
380 2581 621 2616 nostrorum
661 2576 957 2626 circumventi,
997 2575 1232 2615 exercitum
1276 2579 1473 2614 nostrum
1505 2574 1769 2625 remisimus,
1812 2578 1990 2628 accepto
2024 2577 2170 2614 tamen
2200 2573 2319 2628 prius

130 2645 279 2697 abeis
313 2650 598 2690 sacramento.
639 2644 750 2699 quod
793 2645 922 2685 etiam
960 2644 1039 2698 ipsi
1071 2644 1114 2683 in
1146 2656 1225 2684 nos
1257 2647 1358 2683 vota
1398 2657 1475 2683 sua
1507 2642 1717 2684 deberent
1749 2640 2061 2682 transfundere.
2125 2639 2318 2695 Cumque

132 2727 206 2753 nos
247 2713 328 2767 ipsi
369 2713 427 2753 sic
467 2713 755 2767 decepissent,
798 2716 972 2766 recepta
1011 2712 1146 2752 multa
1186 2712 1369 2766 pecunia
1406 2726 1430 2751 a
1462 2725 1563 2766 rege
1596 2711 1767 2765 Anglie,
1806 2724 1890 2764 qua
1928 2709 2073 2764 magni
2107 2709 2185 2749 viri
2216 2722 2319 2764 sepe

132 2782 318 2835 corrupti
350 2786 461 2822 sunt.
495 2781 864 2835 consanguineum
897 2784 1089 2821 nostrum
1122 2779 1341 2820 dominum
1375 2779 1600 2820 Oddonem
1633 2779 1835 2820 comitem
1862 2778 2057 2819 Pictauie
2080 2778 2319 2832 elegerunt.

132 2848 223 2888 Hec
258 2848 310 2888 de
340 2862 548 2903 processu
582 2849 803 2890 electionis
838 2854 983 2890 nostre
1016 2849 1058 2889 in
1089 2849 1173 2889 fide
1208 2849 1417 2900 veritatis,
1451 2849 1562 2899 licet,
1594 2852 1641 2888 ut
1672 2851 1888 2902 putamus,
1920 2846 2176 2887 multociens
2201 2845 2320 2886 vobis

133 2916 257 2956 aliter
290 2923 537 2970 suggestum
571 2918 637 2968 sit,
671 2931 774 2958 vera
806 2931 901 2958 esse
936 2931 1019 2958 non
1054 2916 1272 2957 dubitetis.
1392 2916 1453 2970 (7)
1488 2915 1690 2956 Ceterum
1723 2914 1775 2955 de
1809 2914 1981 2955 domino
2004 2912 2214 2968 Liupoldo
2236 2913 2318 2954 hoc

133 2984 300 3024 scitote.
369 2984 557 3039 Contigit
596 2986 740 3026 statim
786 2991 881 3040 post
923 2990 1105 3026 mortem
1148 2984 1331 3025 Conradi
1372 2984 1616 3038 Maguntini
1660 2983 1984 3038 archiepiscopi,
2033 2996 2110 3023 nos
2151 2982 2322 3023 venisse

133 3051 398 3105 Maguntiam
441 3059 483 3093 et
525 3054 618 3094 eius
660 3054 872 3094 interesse
907 3054 1141 3108 sepulture.
1205 3053 1261 3093 Et
1294 3057 1395 3093 tunc
1428 3052 1626 3093 concordi
1660 3059 1701 3092 et
1733 3051 1920 3092 unanimi
1954 3051 2169 3092 electione
2203 3050 2322 3101 cleri,

134 3120 439 3161 accedentibus
484 3123 591 3161 votis
633 3123 977 3163 ministerialium
1019 3126 1062 3162 et
1093 3122 1280 3163 omnium
1314 3135 1460 3162 eorum
1494 3134 1674 3175 quorum
1715 3120 1941 3169 intererat,
1989 3124 2032 3160 et
2063 3133 2246 3161 assensu
2278 3123 2322 3160 et

134 3188 315 3228 mirabili
345 3189 529 3230 clamore
561 3190 708 3244 populi
741 3191 832 3245 ipse
864 3190 1099 3246 Liupoldus
1131 3191 1213 3231 fuit
1237 3190 1413 3241 electus,
1447 3190 1620 3243 sicqueg
1651 3188 1773 3229 nobis
1802 3192 2089 3243 presentatus.
2144 3187 2201 3228 Et
2223 3188 2322 3242 quia

136 3263 326 3295 nostrum
368 3270 450 3297 non
492 3261 558 3297 est
590 3257 805 3299 discutere
839 3258 890 3298 de
923 3259 1220 3314 episcoporum
1254 3258 1482 3308 electione,
1521 3255 1815 3297 tantummodo
1848 3261 1894 3296 ut
1925 3256 2020 3310 ipsa
2051 3256 2106 3296 sit
2138 3269 2319 3297 concors

136 3331 178 3362 et
211 3324 437 3371 unanimis.
471 3324 522 3364 dc
554 3326 773 3378 regalibus
802 3340 898 3366 eum
932 3327 1243 3368 investivimus.
1305 3324 1582 3366 Postmodum
1606 3324 1803 3364 dominus
1828 3323 2051 3364 Sivridus¹¹
2082 3323 2195 3379 apud
2218 3323 2319 3364 Pin-

135 3391 308 3443 guiami,
349 3398 394 3431 ut
436 3406 536 3433 vere
579 3398 796 3447 putamus,
841 3409 865 3434 a
904 3395 1040 3435 tribus
1080 3395 1148 3435 vel
1190 3394 1243 3436 ad
1283 3395 1378 3450 plus
1418 3409 1443 3435 a
1480 3398 1660 3448 quatuor
1699 3392 1773 3433 se¹f
1812 3392 2006 3447 permisit
2046 3392 2161 3446 eligi.
2233 3391 2319 3433 Sed

137 3472 230 3498 cum
271 3472 348 3499 nos
394 3475 417 3499 a
463 3460 619 3501 dilecto
663 3461 777 3502 fideli
822 3468 966 3504 nostro
999 3463 1262 3517 KV(olfger0)
1308 3462 1552 3518 patriarcha
1582 3461 1868 3515 Aquilegensi
1909 3464 1951 3500 ct
1990 3474 2014 3500 a
2050 3460 2186 3500 latore
2223 3473 2319 3514 pre-

274 3559 333 3592 10.
368 3559 400 3600 ¹³)
427 3562 577 3593 tenderat
603 3574 627 3594 c.
745 3569 775 3603 Ε)
803 3565 964 3606 preclaris
990 3577 1016 3597 c,
1134 3563 1164 3605 f)
1191 3575 1230 3596 ea
1256 3566 1326 3597 usis
1351 3565 1503 3597 distincte
1527 3576 1554 3596 c.
1672 3565 1704 3604 8)
1730 3564 1778 3595 sio
1803 3563 1892 3605 quod
1917 3574 1944 3596 c.
2053 3560 2086 3603 h)
2112 3563 2266 3595 Swiudus
2293 3574 2319 3595 c.

136 3617 157 3657 i)
184 3619 365 3660 Pinginam
391 3630 417 3649 c.
512 3618 545 3659 k)
572 3623 628 3651 sec
649 3631 675 3652 e.

2354 876 2385 900 10

2353 1219 2385 1243 15

2354 1559 2388 1584 20

2355 1897 2387 1923 25

2358 2245 2391 2270 30

2357 2587 2390 2613 35

2357 2930 2391 2954 40

2356 3272 2388 3297 45

2356 3629 2389 3654 50
