2558 3970
101 988 134 1012 10

103 1333 133 1358 15

100 1678 133 1704 20

105 2034 136 2058 25

107 2375 139 2401 30

108 2723 139 2748 35

710 170 950 205 rainssfflffl
975 171 1017 204 11.
1045 169 1477 204 CONs'r1ru'1¹1‹2›Nr:s.
1533 169 1626 204 1245.
1680 170 1835 205 >in-2⁴51.
2292 175 2374 214 359

167 284 292 325 Zalm
324 283 725 326 ‘Steiermcirkischcs
765 284 1111 327 Urkundenbuclae'
1147 285 1208 334 II,
1233 288 1316 325 560*
1346 288 1383 324 at
1415 286 1586 326 Scleumc'
1618 285 1788 326 ‘Archio-
1814 286 1896 340 fiir
1920 286 2276 328 Ilcimathslmnde
2301 301 2374 328 von

168 352 325 394 Kraiff
357 353 393 404 1,
416 354 503 394 202
539 366 606 396 nr.
636 355 690 393 60
730 354 795 395 nil
834 355 920 394 nisi
962 353 1187 395 lIecillurdc'
1226 354 1444 395 aditionem
1482 355 1769 406 repetiverunt.
1820 380 1868 385 —
1921 355 2374 398 lluillard-methfolles

177 420 250 472 VI,
272 423 370 464 300.
430 421 625 472 Bijhmer,
660 422 758 475 Ray.
795 423 888 475 imp.
921 423 965 473 V,
987 424 1112 463 3484.
1994 424 2065 477 (P.
2089 425 2230 474 deest.)

311 558 388 600 ΙηΒ
420 561 592 602 nomine
626 566 775 602 sancte
809 566 852 602 et
885 561 1106 603 individue
1139 561 1378 605 Trinitatis,
1413 575 1552 602 amen.
1648 561 1923 603 Fridericusb
1954 563 2196 604 sccundusc
2228 562 2373 603 divina

168 628 342 671 favente
387 629 619 671 clementia
651 630 944 672 Romanorum
986 631 1221 686 imperator
1262 643 1436 684 semper
1467 633 1702 684 augustus,
1743 630 2008 672 Ierusalemd
2042 636 2085 672 ct
2118 631 2264 672 Sicilie
2299 645 2372 672 rcx

170 696 391 739 Friderico
423 697 482 741 II.
516 698 614 740 duci
648 700 824 741 Austrie
859 704 901 741 et
935 699 1119 754 Styrie0,
1165 712 1241 740 suo
1276 697 1432 739 dilecto
1466 699 1646 754 principi
1680 703 1722 740 ct
1756 700 1898 740 comiti
1935 700 2374 755 Carniolc..gratiam

170 781 291 808 suam
326 771 369 809 et
401 781 526 809 omne
559 768 731 810 bonum.

315 835 382 878 De
414 837 582 892 fulgore
621 837 762 878 throni
794 837 983 885 cesarei,
1024 837 1140 877 velut
1173 851 1228 878 ex
1262 835 1377 877 solef
1408 834 1535 887 radii,
1578 836 1637 876 sic
1672 840 1848 877 cetereg
1880 836 2094 891 prodeunt
2126 837 2373 891 dignitates.

171 909 217 946 ut
248 905 385 961 prime
420 906 528 947 lucis
560 906 789 961 integritas
823 906 1026 947 minorati
1068 905 1242 946 luminis
1275 918 1360 945 non
1394 905 1554 945 sentiat
1587 904 1850 945 detrimenta
1888 911 2093 960 tantoque
2127 907 2264 960 magis
2299 907 2375 946 im-

169 974 333 1030 periale
367 978 585 1030 sceptrum
626 975 849 1017 extollitur
879 974 951 1016 et¹¹
985 980 1105 1016 tanto
1151 988 1251 1016 cura
1299 974 1522 1029 regiminis
1558 974 1906 1015 solicitudinibus
1939 975 2169 1017 revelatur.
2219 984 2376 1030 quanto

169 1043 379 1085 tribunali
420 1044 556 1100 ipsius
595 1043 815 1100 digniores
858 1045 902 1085 in
945 1045 1125 1086 circuitu
1172 1044 1463 1099 circumspicit
1503 1042 1782 1085 consimilesk
1815 1043 2059 1098 regioncs¹¹.
2121 1043 2217 1084 Hac
2251 1044 2380 1097 igitur

170 1113 517 1155 consideratione
551 1114 818 1155 commoniti¹
853 1115 924 1169 qui
959 1114 1110 1155 celesti
1144 1113 1415 1170 providentia
1447 1113 1631 1154 Romani
1666 1114 1834 1168 imperii
1867 1112 2142 1154 moderamur
2171 1113 2378 1154 habenas.

171 1183 267 1224 solii
308 1183 443 1224 nostri
483 1183 614 1225 decus
658 1188 746 1225 tam
785 1188 981 1226 veterum
1014 1183 1274 1239 dignitatum
1319 1183 1544 1224 ornatibus
1579 1182 1891 1223 confovemusm
1932 1197 2057 1237 quam
2092 1183 2212 1223 novis
2246 1182 2379 1222 hono—

170 1252 290 1294 ribus
323 1253 630 1308 ampliamusm.
692 1253 795 1295 Tuis
836 1253 980 1308 igitur,
1024 1252 1306 1294 devotissime
1340 1252 1541 1308 princeps
1574 1256 1736 1303 noster,
1781 1251 2172 1307 supplicationibus
2206 1252 2376 1291 favora-

171 1321 316 1364 biliter
359 1322 551 1364 inclinati
591 1337 670 1364 nec
715 1324 856 1364 minus
896 1322 949 1364 ad
993 1322 1304 1364 exaltationem
1344 1321 1521 1362 honoris
1563 1322 1674 1362 sacri
1719 1322 1888 1377 imperii
1930 1321 2066 1361 nostri
2082 1328 2099 1344 ¹¹
2132 1325 2378 1375 respectum

169 1391 397 1441 habentes,
435 1391 487 1433 de
522 1391 892 1447 infrascriptorum
926 1392 1168 1447 principum
1203 1395 1445 1432 nostrorum
1479 1390 1671 1441 consilio,
1709 1390 1911 1431 videlicet
1935 1390 1998 1432 S.⁰
2021 1389 2382 1430 Ratisboncnsisp

171 1461 364 1517 episcopi
406 1461 673 1516 imperialis‘l
707 1461 804 1502 aule
838 1461 1110 1511 cancellarii,
1155 1460 1366 1515 Rudigeri
1400 1459 1676 1501 pataviensis
1711 1460 1925 1515 episcopi,
1971 1458 2181 1499 conradis
2216 1458 2377 1499 Frisin-

169 1531 346 1586 gensis⁸
385 1530 598 1586 episcopi,
647 1530 907 1586 Aldrigectit
949 1530 1189 1571 Tridentini
1231 1530 1445 1585 episcopi,
1492 1528 1721 1570 Landulfiu
1760 1528 2124 1570 Wornmtiensisv
2173 1529 2379 1584 episcopi,

169 1599 386 1641 Henrieiw
417 1599 758 1655 Bambergensis
783 1600 953 1650 electix,
986 1599 1240 1654 Egenonisy
1273 1599 1515 1640 Brixiensis
1540 1599 1668 1639 electi
1682 1606 1709 1648 Ζ,
1743 1598 1983 1639 Fridericia
2005 1598 2175 1638 abbatis
2202 1597 2379 1652 Campi-

171 1669 392 1719 donensis,
435 1667 647 1710 Conradib
688 1669 858 1710 abbatis
891 1668 1200 1720 Elwacensisc,
1235 1667 1458 1710 Oddonisd
1500 1667 1621 1709 ducis
1655 1667 1876 1709 Meranie⁰
1915 1673 1958 1708 ct
1990 1667 2228 1708 Bernardis
2259 1667 2380 1707 ducis

169 1739 401 1781 Karinthie
414 1746 445 1791 8,
480 1738 663 1780 ducatus
688 1739 862 1780 Austrie
896 1742 938 1780 et
972 1738 1149 1794 Styrieh
1183 1751 1279 1779 cum
1313 1737 1586 1793 pertinentiis
1611 1737 1699 1778 suis
1723 1741 1766 1778 et
1789 1737 2002 1788 terminis,
2038 1751 2147 1792 quos
2171 1736 2382 1777 hactenus

170 1808 431 1860 habuerunt,
464 1807 518 1849 ad
541 1822 698 1849 nomen
724 1812 766 1849 et
789 1807 1016 1850 honoremi
1048 1808 1215 1862 regium
1237 1807 1567 1856 transferentes,
1602 1806 1673 1848 tek
1695 1806 1906 1848 hactenus
1932 1806 2227 1863 predictorum
2252 1805 2382 1845 duca-

171 1882 291 1919 tuum
325 1877 479 1919 ducem
511 1877 564 1919 de
596 1877 829 1934 potestatis
862 1881 1008 1918 nostre
1042 1876 1313 1932 plenitudine
1347 1881 1389 1917 et
1422 1876 1770 1931 magnificential
1804 1889 2109 1931 promovemus
2146 1876 2186 1915 in
2221 1889 2380 1929 regem,

173 1947 337 1989 eisdem
384 1947 713 1998 libertatibusm,
759 1947 1132 1988 immunitatibus.11
1175 1951 1219 1989 et
1262 1945 1429 1987 iuribus
1478 1945 1720 2001 predictum
1772 1959 1953 2000 regnum
1997 1950 2116 1985 tuum
2168 1945 2383 1999 presentis

175 2017 527 2072 epigrammatis⁰
575 2017 832 2058 auctoritate
881 2016 1079 2058 dotantes
1128 2031 1210 2071 que
1258 2016 1445 2058 deceant
1494 2016 1684 2070 regiamv
1729 2014 2007 2069 dignitatem,
2053 2019 2099 2055 ut
2140 2018 2283 2054 tamon
2330 2028 2384 2054 ex

174 2085 381 2139 honoreq,
423 2100 550 2142 quem
592 2086 671 2127 tibi
709 2086 896 2127 libenter
938 2085 1214 2137 addicimusr,
1253 2084 1384 2126 nichil
1423 2084 1575 2125 honori
1609 2087 1675 2125 et⁸
1715 2084 1816 2124 iurit
1849 2085 1982 2124 nostri
2016 2083 2274 2124 diadematis
2309 2087 2383 2122 aut

174 2156 344 2212 imperii
378 2156 668 2207 subtrahatur,
703 2156 805 2211 quin
838 2156 998 2196 immo11
1030 2156 1139 2196 sicut
1171 2154 1383 2196 hactenus
1414 2158 1620 2209 tanquam
1646 2153 1746 2204 dux,
1781 2153 1984 2209 princeps
2010 2157 2053 2193 et
2075 2151 2213 2193 fidelis
2238 2155 2386 2192 noster

176 2226 398 2277 extiteras,
432 2225 492 2266 sic
524 2226 567 2266 in
599 2228 822 2280 posterum
857 2224 976 2279 regio
1011 2224 1240 2265 decoratus
1274 2225 1458 2274 honore,
1493 2227 1539 2264 tu
1572 2227 1614 2264 et
1646 2236 1924 2265 successores
1959 2222 2020 2262 tui
2053 2221 2233 2276 legitimi
2267 2221 2384 2276 prin—

175 2295 292 2351 cipes
324 2295 478 2337 fideles
511 2299 553 2336 et
585 2295 732 2336 devoti
763 2294 884 2336 nobis
918 2297 961 2335 et
994 2293 1319 2335 successoribus
1351 2293 1510 2334 nostris
1536 2293 1615 2334 inu
1647 2292 1860 2347 imperiov
1891 2295 2104 2346 perpetuo
2127 2290 2385 2345 persistatiS,

174 2364 391 2420 nichilque
422 2368 626 2420 preterea
657 2364 738 2405 iuri
771 2368 813 2405 et
845 2364 998 2405 honori
1030 2363 1199 2419 imperii
1230 2364 1272 2403 in
1304 2362 1511 2418 predictis
1543 2376 1678 2417 regno
1713 2366 1756 2402 et
1787 2362 1916 2402 terris
1949 2361 2070 2401 tuisw
2104 2360 2276 2401 omnino
2309 2359 2382 2399 de-

175 2438 327 2490 pereat
357 2434 427 2476 vel
460 2433 705 2486 decrescat,
749 2441 863 2489 que?K
895 2433 1102 2474 hactenus
1141 2432 1293 2473 habuit
1324 2432 1369 2473 in
1402 2431 1608 2474 eisdemy.
1669 2430 1734 2472 Eo
1775 2430 2026 2486 specialiter
2057 2434 2099 2470 et
2131 2429 2383 2470 nominatim

176 2517 402 2560 expresso,
442 2503 554 2559 quod
589 2516 866 2545 successores
899 2503 963 2544 tui
994 2516 1078 2543 non
1117 2516 1195 2557 per
1227 2502 1486 2543 electionem
1519 2500 1808 2556 prelatorum,
1851 2499 2028 2549 ducum,
2074 2499 2277 2539 comitum
2312 2501 2385 2538 aut

175 2573 492 2627 quorumlibetz
530 2572 735 2614 nobilium
775 2573 992 2628 eligantur
1032 2572 1076 2612 in
1116 2577 1300 2626 regema,
1343 2570 1420 2612 sed
1462 2583 1635 2625 semper
1674 2569 1809 2610 maior
1846 2572 1950 2609 natu
1992 2567 2095 2609 seub
2141 2567 2285 2608 senior
2330 2580 2385 2607 ex

175 2643 457 2696 generatione
502 2646 616 2693 tuac,
658 2656 713 2684 ex
751 2646 795 2684 te
835 2646 880 2683 et
920 2656 974 2683 ex
1016 2640 1342 2682 successoribus
1385 2639 1469 2680 tuis
1513 2639 1706 2693 legitime
1747 2636 2087 2688 descendentes,
2135 2634 2206 2676 ind
2250 2648 2383 2689 regno

177 2711 433 2763 succedant,
474 2712 706 2767 nullusque
751 2718 831 2753 exe
873 2711 935 2752 eis
978 2724 1180 2752 coronam
1215 2713 1289 2750 aut
1322 2708 1691 2750 consecrationem
1724 2708 1766 2748 in
1807 2706 2003 2762 predicto
2037 2710 2109 2746 tuo
2145 2703 2301 2759 regnos
2332 2703 2384 2744 de

174 2794 306 2822 manu
339 2781 594 2837 cuiusquam
626 2781 828 2837 accipiat,
862 2780 939 2822 sed
971 2795 997 2821 a
1027 2779 1153 2821 nobis
1188 2783 1231 2820 et
1264 2777 1590 2820 successoribus
1623 2777 1780 2818 nostris
1811 2780 1977 2817 tantum
2013 2775 2055 2815 in
2080 2774 2199 2815 curia
2223 2778 2383 2824 nostra,

175 2850 244 2891 vel
276 2850 330 2892 ab
363 2850 460 2892 hisg
491 2851 561 2906 qui
595 2850 817 2906 specialeh
851 2850 1100 2891 mandatum
1125 2864 1149 2890 a
1178 2848 1300 2889 nobis
1336 2862 1468 2903 super
1499 2847 1580 2887 hoc
1613 2846 1813 2893 habeant,
1849 2844 2138 2886 coronationis
2164 2848 2205 2882 et
2231 2856 2379 2882 consc-

313 2989 400 3025 261.
430 2990 463 3033 ⁸)
488 2993 529 3024 In
554 3009 596 3013 —
622 3001 723 3023 amen
749 2990 816 3023 des.
836 2988 867 3022 2.
885 2989 916 3022 3.
1029 2988 1061 3029 b)
1087 2990 1162 3028 Fer,
1187 2987 1219 3020 2.
1330 2986 1360 3029 c)
1387 2998 1457 3029 pro
1483 2987 1654 3020 secundus
1680 3003 1722 3007 ——
1749 2985 1921 3017 Friderico
1940 2985 1980 3015 11.
2008 2982 2055 3016 2.
2076 2994 2094 3021 .;
2120 2981 2158 3014 3:
2186 2981 2249 3013 Dei
2275 2980 2386 3022 gratia

177 3049 408 3082 Romanorum
432 3050 616 3092 imperator
640 3053 704 3081 etc.
799 3046 833 3089 d)
858 3048 1076 3080 Hierusalem
1103 3046 1133 3079 1.
1230 3046 1260 3087 0)
1287 3046 1391 3088 stirpe
1416 3043 1448 3077 2.
1543 3042 1576 3086 f)
1602 3043 1696 3076 coelo
1714 3042 1745 3075 3.
1841 3042 1874 3083 8)
1899 3045 1988 3074 certe
2007 3039 2038 3073 2.
2059 3039 2090 3073 3.
2182 3037 2214 3079 ¹¹)
2241 3037 2332 3070 deest
2354 3035 2386 3069 2.

178 3104 203 3149 i)
227 3103 321 3139 t⁵bul
345 3105 376 3139 2.
471 3104 506 3147 k)
531 3107 740 3140 contribules
765 3104 801 3146 2;
834 3105 1023 3138 contribuis
1048 3104 1080 3138 3.
1176 3103 1200 3146 Ῑ)
1227 3104 1385 3137 commoti
1409 3101 1446 3143 33
1479 3103 1567 3136 editi
1594 3100 1625 3134 2.
1722 3100 1764 3143 m)
1791 3101 2012 3133 confovemur
2037 3122 2068 3130 ..
2090 3123 2096 3130 .
2125 3096 2329 3139 ampliamur
2353 3093 2385 3127 2.

177 3161 212 3206 ¹¹)
237 3164 327 3198 deest
350 3163 382 3197 3.
478 3165 510 3207 ⁰)
536 3165 573 3198 C.
592 3163 628 3206 13
659 3177 725 3207 pro
750 3165 782 3197 S.
808 3182 852 3187 —-
877 3163 1059 3197 Karinthie
1083 3161 1104 3195 3
1129 3163 1262 3205 siynum
1288 3162 1434 3193 lacunae
1460 3186 1466 3192 .
1487 3185 1493 3192 .
1515 3185 1521 3191 .
1547 3160 1695 3203 praebet.
1797 3156 1830 3200 Ρ)
1857 3155 2111 3199 Ratisponensis
2138 3152 2170 3186 2.
2265 3151 2298 3193 q)
2326 3153 2387 3184 im-

179 3223 316 3265 perialis
341 3241 384 3246 -—
409 3223 601 3256 Tridentini
626 3223 776 3266 episcopi
801 3222 916 3255 des.1.
1011 3220 1040 3261 r)
1066 3220 1171 3253 condff
1189 3218 1228 3259 2;
1262 3219 1299 3252 O.
1320 3216 1414 3251 Vall.
1524 3218 1552 3259 Β)
1579 3216 1782 3259 Frisigensis
1809 3213 1839 3247 2.
1936 3213 1961 3254 t)
1989 3215 2028 3245 A.
2054 3212 2142 3244 Vall.
2238 3214 2272 3251 u)
2299 3210 2386 3242 Lan-

180 3280 251 3312 duli
274 3279 314 3320 2;
340 3281 377 3313 L.
399 3279 434 3321 1;
460 3281 553 3314 deest
576 3280 664 3313 Vall.
783 3280 817 3321 v)
842 3278 1112 3312 Warrnaciensis
1137 3276 1177 3316 2;
1204 3277 1368 3309 WVarmffi
1390 3275 1479 3307 Vacl.
1589 3275 1630 3314 w)
1657 3274 1701 3306 H.
1722 3273 1751 3305 1.
1778 3272 1866 3304 Vall.
1975 3272 2008 3311 x)
2034 3277 2067 3303 et
2093 3268 2122 3301 1.
2234 3268 2266 3306 y)
2292 3267 2330 3299 O.
2352 3265 2385 3305 1;

180 3337 219 3370 E.
244 3336 334 3371 Van.
452 3338 482 3380 z)
509 3338 598 3371 deest
616 3337 646 3370 1.
778 3336 810 3378 θ’)
834 3337 944 3378 Fer,ci
961 3334 997 3377 2;
1037 3337 1074 3368 F.
1097 3335 1209 3373 Vall.;
1243 3335 1332 3367 deest
1360 3333 1387 3367 1.
1518 3331 1551 3374 b)
1579 3332 1615 3364 C.
1647 3331 1679 3369 l;
1720 3331 1756 3362 E.
1781 3329 1868 3361 Vall.
2001 3328 2029 3367 0)
2055 3326 2252 3359 Elvacensis
2280 3323 2386 3361 Varla,-

181 3394 416 3429 Cluniacensis
443 3395 472 3428 1.
591 3394 624 3437 d)
650 3396 690 3429 Ο.
712 3395 739 3428 l.
763 3395 853 3427 Vall.
973 3395 1002 3434 e)
1027 3393 1185 3425 Morauie
1211 3391 1240 3423 1.
1370 3389 1397 3431 f)
1424 3392 1460 3422 B.
1486 3387 1595 3429 Vacl.;
1620 3389 1657 3420 L.
1682 3387 1709 3419 l.
1828 3386 1862 3428 8)
1889 3385 2008 3417 Ka²tie
2035 3383 2143 3422 Vall.;
2178 3382 2323 3415 Bauarie
2352 3380 2385 3420 1;

181 3451 320 3486 Bearcie
344 3451 377 3485 2.
494 3452 529 3495 h)
556 3454 667 3497 Stirye
692 3452 723 3486 2.
841 3452 865 3495 i)
891 3463 991 3486 omen
1015 3450 1046 3484 2.
1164 3448 1198 3487 k)
1224 3455 1257 3483 et
1282 3449 1313 3482 3.
1443 3447 1469 3489 1)
1496 3458 1586 3490 mag.
1615 3445 1793 3489 principali
1818 3442 1860 3483 3;
1887 3442 2125 3475 munificencia
2150 3440 2331 3484 principali
2355 3437 2386 3471 2.

181 3508 226 3551 ¹¹¹)
250 3511 299 3543 eis
322 3511 479 3545 libertate
502 3510 541 3552 2;
567 3517 601 3544 et
625 3511 708 3544 add.
726 3510 757 3544 3.
890 3510 926 3552 11)
951 3510 1041 3542 deest
1064 3507 1097 3541 2.
1233 3507 1264 3548 0)
1289 3506 1518 3550 epistolmacis
1544 3503 1576 3537 2.
1707 3502 1740 3545 Ρ)
1766 3513 1836 3545 reg.
1864 3502 1936 3534 dec.
1962 3498 1991 3533 3.
2111 3498 2144 3537 q)
2173 3508 2232 3541 per
2257 3496 2337 3529 add.
2358 3495 2386 3528 1.

182 3565 212 3608 r)
235 3568 400 3602 adicimus
424 3567 460 3610 2;
486 3569 666 3602 adiicimus
691 3568 722 3601 3.
830 3570 856 3605 S)
883 3568 939 3600 vel
964 3566 995 3599 2.
1103 3566 1129 3607 t)
1156 3565 1292 3598 honoris
1317 3565 1372 3596 vel
1397 3564 1482 3596 iuris
1507 3561 1538 3594 3.
1640 3561 1674 3602 u)
1701 3566 1735 3593 et
1759 3558 1791 3592 2.
1889 3563 1919 3600 V)
1946 3558 2035 3590 deest
2060 3557 2091 3589 3.
2187 3555 2226 3596 w)
2253 3555 2323 3586 suis
2350 3552 2385 3587 l:

183 3623 255 3657 eius
279 3624 310 3658 3.
451 3625 484 3669 Χ)
509 3630 613 3668 atque
639 3625 671 3659 1.
811 3626 843 3669 δ’)
874 3627 914 3658 N.
942 3625 1024 3657 add.
1044 3623 1074 3656 1.
1216 3622 1246 3663 z)
1281 3621 1495 3664 quorundam
1520 3619 1551 3652 3.
1696 3618 1725 3658 a)
1752 3627 1849 3660 reges
1874 3615 1906 3648 2.
2046 3612 2080 3655 b)
2107 3618 2140 3645 et
2164 3611 2204 3651 3;
2242 3611 2332 3643 deest
2354 3608 2386 3642 2.

187 3679 218 3721 ⁰)
242 3691 305 3716 sua.
329 3683 359 3716 1.
477 3682 511 3726 d)
535 3685 609 3727 ipso
634 3683 716 3716 add.
736 3682 768 3715 3.
887 3682 917 3724 e)
943 3683 979 3715 in
1006 3681 1037 3715 1.
1155 3679 1186 3723 f)
1212 3691 1318 3724 regno
1343 3686 1402 3713 tuo
1427 3679 1459 3712 2.
1578 3679 1612 3718 8)
1639 3677 1730 3709 deest
1754 3674 1785 3708 2.
1904 3672 1936 3712 h)
1962 3672 2152 3717 specialiter
2177 3670 2208 3702 3.
