2558 3970
90 949 121 973 10

82 1641 115 1666 20

80 2336 113 2361 ³0

76 2683 109 2710 35

74 3031 108 3056 40

73 3381 106 3406 45

73 3747 106 3771 50

562 198 658 232 PAX
685 198 926 233 DIOECESIS
954 199 1282 235 MOGUNTINAE
1311 200 1595 235 RHENENSIS.
1649 203 1747 236 1265.
1801 202 1956 236 N1·.444.
2280 206 2360 243 613

162 313 360 354 restituat
393 313 594 369 spolium,
627 318 797 355 tenetur
829 319 971 355 tamen
1006 314 1057 354 de
1088 316 1332 356 temeritate
1358 316 1628 358 satisfacere.
1663 322 1785 371 prout
1816 324 2077 358 executores
2112 318 2230 373 pacis
2264 331 2361 372 pre-

161 381 264 423 dicti
311 381 582 424 decreverint
628 382 936 438 iniungendum
989 383 1141 424 eidem.
1262 384 1356 438 (12)
1404 385 1612 426 Preterea
1658 386 2015 441 quandocumque
2068 386 2196 427 iidem
2242 386 2361 441 pacis

161 454 419 493 executores
453 452 723 493 decreverint
756 451 1077 507 procedendum
1111 466 1205 493 eum
1239 454 1368 493 armis
1404 460 1552 494 contra
1584 455 1701 509 pacis
1738 456 1990 505 violatores,
2026 455 2207 510 quilibet
2241 456 2360 510 pacis

161 534 338 562 consors
380 520 587 577 procedet
628 520 866 562 secundum
908 520 1022 576 quod
1064 521 1143 576 ipsi
1185 521 1265 561 sibi
1310 536 1383 577 pro
1419 523 1627 577 qualitate
1662 538 1738 564 sue
1773 539 1957 579 persone
1991 524 2265 565 decreverint
2298 525 2360 565 in-

160 589 428 644 ponendum;
462 604 541 631 nec
567 588 749 631 eductus
772 590 991 630 exercitus
1016 589 1124 629 solvi
1149 589 1290 640 debet,
1325 590 1404 630 nisi
1442 591 1521 645 ipsi
1546 605 1643 631 eum
1675 592 1946 633 decreverint
1971 608 2067 634 esse
2093 593 2361 634 solvendum.

160 658 254 715 (13)
289 659 538 701 Satisfactio
578 659 715 700 eciam
759 664 801 699 et
841 657 1026 700 emenda
1069 672 1151 698 non
1192 659 1505 714 acceptabitur,
1550 662 1628 701 nisi
1671 662 1751 716 ipsi
1793 677 1887 702 eam
1930 664 2225 718 reputaverint
2266 679 2361 703 esse

159 729 484 785 acceptandam.
606 726 697 782 (14)
741 727 851 769 Item
891 727 1063 783 quando
1104 734 1362 769 executores
1405 729 1523 784 pacis
1557 730 1732 770 cuilibet
1773 731 1893 771 iuxta
1933 746 2055 773 suum
2090 737 2247 772 statum
2284 747 2360 772 cx-

158 812 319 854 pensas
352 797 552 840 dederint
583 796 636 838 de
669 797 898 846 communi,
936 797 971 837 si
1005 797 1077 838 ille
1112 801 1261 852 postea
1293 798 1388 852 plus
1424 798 1673 853 expendere
1707 800 1902 851 voluerit,
1938 800 1990 841 de
2026 801 2155 841 bursa
2188 802 2361 856 propria

157 867 238 909 hoe
278 867 512 924 expendat.
631 865 725 921 (15)
768 865 891 913 Quod
935 866 970 907 si
1011 866 1167 920 aliquis
1207 866 1387 907 istorum
1426 868 1546 922 pacis
1587 874 1866 909 executurum
1901 870 2163 916 decesserit,
2198 871 2251 918 is,
2286 884 2361 925 pro

159 938 280 979 cuius
324 942 444 993 parte
489 935 602 978 idem
643 939 918 991 premortuus
960 936 1103 977 fuerat
1144 935 1389 983 institutus,
1433 937 1542 978 infra
1583 937 1675 979 dies
1717 939 2044 993 quatum-decim
2087 940 2216 980 alium
2252 954 2361 994 eque

156 1007 372 1063 ydoneum
415 1005 687 1060 subrogabit.
815 1004 905 1059 (16)
949 1004 1135 1046 Demum
1186 1006 1227 1046 in
1276 1019 1549 1061 quecumque
1599 1008 1779 1062 negocio
1831 1009 2020 1048 omnium
2068 1008 2360 1064 predictorum

156 1076 393 1133 supradicti
434 1075 554 1131 pacis
599 1078 858 1116 executores
903 1075 1177 1129 nequiverint
1220 1076 1506 1116 communiter
1548 1076 1830 1124 concordare,
1876 1078 2060 1118 stabitur
2099 1078 2355 1118 ordinationi

156 1146 331 1188 maioris
364 1149 408 1188 et
439 1145 623 1186 sanioris
662 1144 796 1200 partis
830 1143 1081 1185 eorundem.
1141 1143 1352 1186 Preterea
1385 1145 1418 1185 si
1454 1149 1551 1186 vota
1585 1146 1852 1200 singulorum
1887 1147 1940 1187 ab
1976 1147 2159 1188 invicem
2195 1147 2357 1187 discre-

153 1219 326 1271 parent,
369 1214 534 1270 eligent
571 1213 759 1269 aliquem
799 1213 982 1269 probum
1015 1214 1151 1255 virum
1193 1214 1493 1263 communiter,
1536 1219 1579 1256 et
1618 1215 1689 1256 ille
1734 1220 1833 1256 tunc
1877 1215 2053 1256 habebit
2097 1221 2355 1271 potestatem

102 1295 116 1318 ⁵
154 1285 267 1326 idem
300 1285 529 1340 negocium
562 1282 836 1333 terminandi,
871 1296 1002 1339 super
1035 1297 1118 1339 quo
1151 1283 1437 1339 nequiverant
1469 1284 1741 1325 concordare.
1853 1285 1945 1339 (17)
1978 1284 2044 1326 Ne
2069 1290 2213 1326 autem
2239 1285 2357 1341 pacis

153 1354 361 1396 execucio
402 1358 490 1396 tam
533 1353 752 1394 extraneis
792 1366 920 1408 quam
965 1351 1180 1408 indigenis
1219 1352 1273 1394 ad
1316 1353 1587 1395 commodum
1630 1359 1672 1395 et
1715 1354 1991 1395 securitatem
2034 1369 2181 1396 eorum
2215 1355 2360 1396 multi-

152 1424 324 1479 pliciter
355 1423 579 1479 profutura
611 1426 785 1463 maneat
816 1421 1078 1477 incompleta
1112 1436 1167 1463 ex
1199 1421 1373 1463 defectu
1406 1436 1550 1464 rerum
1584 1427 1626 1464 et
1659 1423 1953 1479 inpensarum,
1988 1438 2095 1478 quas
2130 1424 2358 1479 negocium

152 1493 234 1535 hoc
266 1492 476 1548 requiret,
510 1490 708 1532 dominus
742 1490 1094 1546 archiepiscopus
1129 1490 1412 1546 Maguntinus
1446 1491 1719 1546 dyocesanus
1754 1497 1796 1533 et
1829 1491 2026 1533 dominus
2061 1498 2174 1533 terre
2208 1493 2361 1533 statuit

152 1562 206 1604 de
239 1561 454 1604 communi
489 1574 706 1602 consensu
738 1563 781 1601 et
814 1560 993 1601 consilio
1026 1561 1214 1601 omnium
1248 1559 1541 1616 predictorum
1576 1561 1617 1601 in
1652 1560 1892 1602 subsidium
1928 1561 2042 1602 dicte
2075 1563 2213 1617 pacis,
2248 1561 2359 1617 quod

153 1631 206 1674 de
238 1631 420 1687 singulis
453 1634 627 1672 centum
659 1628 824 1670 maltris
859 1629 1042 1684 siliginis
1074 1629 1330 1685 Maguntine
1364 1644 1582 1682 mensure,
1617 1644 1700 1685 que
1735 1645 1815 1686 per
1847 1645 1981 1686 aquas
2005 1631 2057 1672 ad
2084 1631 2357 1673 vendendum

150 1700 382 1751 ducuntur,
427 1704 522 1741 octo
561 1698 728 1740 denarii
761 1697 1044 1740 Colonienses
1087 1702 1129 1740 et
1168 1698 1222 1740 de
1263 1703 1437 1740 centum
1480 1699 1647 1740 maltris
1691 1713 1826 1741 avene
1858 1700 2141 1742 Colonienses
2175 1706 2360 1756 quatuor

150 1771 466 1826 persolvantur.
527 1769 639 1810 Item
679 1768 732 1809 de
775 1772 944 1810 carrata
976 1768 1063 1809 vini
1095 1767 1359 1810 Frankoniei
1401 1773 1585 1824 quatuor
1618 1767 1926 1822 Colonienses,
1969 1769 2020 1810 de
2053 1776 2222 1811 carrata
2255 1785 2359 1811 vero

151 1840 237 1881 vini
268 1838 428 1880 Hunici
468 1838 553 1880 duo
594 1841 774 1879 tantum.
845 1837 958 1879 Item
999 1837 1051 1879 de
1093 1838 1288 1893 quolibet
1329 1852 1455 1879 curru
1496 1842 1696 1893 portante
1740 1852 1954 1879 annonam
1997 1839 2063 1880 vel
2105 1853 2284 1880 avenam
2321 1840 2360 1879 in

149 1909 390 1955 civitatem,
423 1909 456 1949 si
487 1908 671 1950 fortasse
706 1906 918 1960 venditur,
957 1907 1063 1948 levis
1096 1907 1298 1949 denarius
1332 1907 1519 1959 dabitur,
1558 1908 1809 1963 priusquam
1842 1923 1972 1964 super
2005 1908 2154 1949 domos
2188 1910 2354 1964 aliquas

97 1999 111 2013 a
151 1983 399 2034 reponatur.
460 1978 528 2019 De
566 1977 668 2033 biga
707 1977 908 2018 similiter
939 1977 1064 2019 detur
1107 1978 1230 2020 assis.
1291 1977 1358 2019 De
1391 1991 1518 2018 curru
1551 1978 1689 2018 eciam
1724 1982 1913 2020 exeunte
1948 1979 2169 2019 civitatem
2206 1984 2248 2020 et
2281 1978 2355 2019 de-

147 2047 314 2090 ferente
357 2060 573 2088 annonam
614 2046 682 2087 vel
726 2059 909 2088 avenam
952 2047 993 2087 in
1036 2047 1210 2088 civitate
1251 2051 1437 2102 emptam
1480 2061 1588 2087 unus
1627 2047 1829 2088 denarius
1872 2046 2145 2089 Coloniensis
2187 2048 2356 2103 persol-

148 2122 285 2160 vetur.
349 2117 559 2159 Similiter
591 2115 644 2158 de
676 2115 782 2171 biga
813 2116 1018 2158 denarius
1052 2117 1159 2158 levis
1193 2116 1332 2159 detur.
1397 2116 1507 2159 Item
1541 2116 1594 2158 de
1622 2131 1748 2172 equo,
1782 2117 1896 2158 mulo
1920 2118 1988 2159 vel
2013 2117 2133 2158 asino
2158 2121 2356 2173 portante

149 2188 192 2228 in
224 2187 446 2229 civitatem
479 2187 548 2228 vel
581 2186 720 2227 eciam
760 2190 1011 2241 asportante
1050 2199 1266 2228 annonam
1302 2186 1370 2228 vel
1403 2200 1587 2228 avenam
1620 2186 1674 2227 ad
1707 2185 1941 2228 emendum
1975 2186 2042 2228 vel
2082 2186 2358 2228 vendendum

149 2257 304 2299 obulus
336 2257 446 2298 levis
478 2256 616 2297 detur.
669 2254 811 2296 Nemo
837 2255 980 2296 vinum
1014 2256 1081 2297 vel
1116 2270 1343 2308 annonam,
1376 2270 1458 2311 que
1484 2257 1526 2297 in
1550 2255 1672 2297 bonis
1698 2256 1785 2297 suis
1810 2255 1891 2297 sibi
1915 2260 2160 2309 creverunt,
2194 2255 2358 2296 ducens

151 2326 195 2367 in
233 2326 453 2368 civitatem
492 2331 534 2367 et
574 2338 791 2381 reponens
831 2325 873 2365 in
913 2324 1065 2366 domos
1108 2326 1175 2367 vel
1218 2325 1409 2367 vendens
1455 2325 1509 2367 de
1549 2325 1745 2367 domibus
1792 2326 1895 2381 ipsis
1937 2325 2059 2366 dabit
2105 2325 2263 2380 aliquid
2305 2325 2357 2365 de

147 2395 331 2448 eisdem,
372 2395 447 2437 sed
487 2396 523 2436 si
555 2396 672 2436 volet
708 2408 786 2450 per
825 2408 959 2450 aquas
994 2396 1061 2437 vel
1102 2410 1180 2451 per
1222 2401 1357 2437 terras
1396 2395 1611 2436 deducere
1652 2395 1706 2436 ad
1738 2393 2034 2447 vendendum,
2078 2394 2196 2435 dabit
2238 2395 2350 2445 inde,

148 2465 261 2506 sicut
293 2465 493 2522 superius
528 2467 593 2506 est
625 2477 894 2519 expressum.
957 2464 1067 2505 Item
1102 2465 1154 2506 de
1188 2465 1384 2520 qualibet
1417 2468 1586 2506 carrata
1617 2465 1706 2505 vini
1732 2464 1987 2505 Franconici
2022 2465 2154 2520 empti
2185 2470 2227 2505 et
2250 2479 2354 2505 ven-

146 2534 292 2588 dendi,
325 2535 439 2590 quod
471 2548 548 2591 per
579 2538 718 2575 terras
753 2533 925 2575 ducitur
957 2548 1086 2590 super
1120 2548 1284 2586 currus,
1318 2539 1502 2590 quatuor
1535 2534 1703 2576 denarii
1737 2532 2021 2575 Colonienses
2056 2533 2147 2574 dari
2181 2533 2355 2584 debent,

146 2603 198 2645 de
231 2604 416 2660 singulis
450 2617 552 2646 vero
597 2603 777 2645 carratis
811 2603 897 2644 vini
930 2602 1093 2644 Hunici
1134 2608 1301 2645 tantum
1335 2604 1430 2645 due.
1492 2603 1604 2645 Item
1644 2603 1826 2659 quilibet
1858 2617 2008 2643 currus
2041 2609 2116 2644 aut
2147 2602 2249 2657 biga
2281 2602 2354 2643 de-

146 2672 292 2715 ferens
327 2673 608 2716 mercimonia
640 2677 684 2714 et
715 2687 794 2728 per
825 2677 963 2714 terras
998 2674 1215 2716 transiens
1250 2673 1303 2715 de
1336 2673 1531 2730 qualibet
1564 2687 1710 2714 marca
1742 2671 1982 2714 secundum
2012 2686 2155 2713 rerum
2181 2686 2353 2713 suarum

146 2744 422 2785 taxacionem
467 2742 659 2785 debitam
701 2742 950 2784 contribuet
989 2743 1217 2785 denarium
1259 2757 1390 2785 unum
1439 2744 1594 2784 levem.
1665 2742 1731 2784 De
1775 2742 2062 2783 mercimoniis
2106 2756 2182 2797 per
2220 2755 2354 2796 aquas

147 2812 413 2855 deducendis
446 2813 791 2869 quibuscumque
826 2813 1108 2855 estimaeione
1141 2814 1270 2854 simili
1303 2813 1356 2855 de
1395 2826 1540 2854 marea
1572 2811 1767 2867 qualibet
1799 2811 1913 2852 idem
1947 2810 2084 2852 detur.
2148 2810 2214 2852 De
2248 2824 2351 2851 ven-

146 2881 323 2924 dendise
355 2883 488 2924 etiam
522 2883 658 2938 equis,
695 2882 926 2938 pecoribus
950 2887 993 2923 et
1024 2882 1279 2937 pecudibus,
1314 2896 1395 2938 que
1419 2896 1497 2937 per
1521 2886 1681 2922 terram
1705 2880 1935 2930 ducuntur,
1969 2880 2199 2921 taxat-ione
2224 2879 2353 2919 simili

146 2951 273 2993 detur
303 2952 433 2994 idem.
495 2952 584 2994 Sed
615 2957 658 2993 et
688 2957 900 2994 terrarum
934 2952 1096 3005 incole,
1139 2967 1221 3008 que
1256 2953 1309 2994 de
1348 2953 1531 3008 propriis
1565 2951 1763 2992 domibus
1798 2952 1837 2991 in
1871 2952 2009 2991 forum
2041 2949 2243 2991 animalia
2276 2962 2354 2989 sua

144 3021 394 3064 huiusmodi
426 3021 629 3063 duxerint
659 3020 712 3062 ad
746 3021 1033 3074 vendendum,
1066 3022 1199 3064 nichil
1232 3023 1405 3078 penitus
1438 3021 1537 3063 inde
1569 3020 1748 3062 dabunt.
1863 3019 1957 3075 (18)
1991 3019 2117 3067 Quod
2150 3019 2184 3059 si
2215 3018 2351 3058 conti-

145 3091 260 3146 gerit
292 3091 479 3146 aliquem
513 3091 703 3147 spoliari,
737 3091 808 3146 qui
838 3086 1018 3132 dederat
1041 3092 1405 3134 contributionem
1439 3090 1684 3132 huiusmodi
1708 3095 1751 3131 et
1775 3090 2016 3131 constiterit
2040 3103 2139 3130 eum
2163 3086 2351 3138 dedisse,

144 3160 180 3200 is
211 3159 541 3216 indempnitatis
575 3174 651 3202 sue
684 3163 931 3215 respectum
974 3161 1155 3203 habebit
1184 3162 1239 3203 ad
1271 3161 1490 3202 dominum
1532 3160 1929 3215 archiepiscopum,
1973 3158 2141 3200 nobiles
2174 3161 2217 3199 et
2249 3156 2351 3197 civi-

145 3233 257 3271 tates
296 3231 502 3286 prefatas.
623 3229 717 3285 (19)
758 3230 810 3271 In
852 3230 1035 3286 singulis
1076 3235 1222 3273 autem
1263 3231 1509 3273 civitatibus
1542 3234 1585 3271 et
1617 3229 1756 3285 opidis
1790 3229 2007 3284 eligentur
2039 3227 2123 3268 duo
2156 3226 2235 3268 viri
2266 3225 2350 3266 fide

144 3298 283 3355 digni,
327 3300 399 3355 qui
441 3300 570 3341 iurati
604 3300 896 3341 obvenciones
940 3299 1186 3342 huiusmodi
1218 3300 1407 3342 fideliter
1439 3299 1648 3354 colligant
1680 3303 1723 3339 et
1754 3302 1999 3348 reservent,
2041 3296 2146 3337 nulli
2179 3295 2350 3351 penitus

142 3369 445 3425 permittentes
483 3370 734 3412 facultatem
776 3369 966 3425 aliquam
1005 3370 1232 3412 ordinandi
1266 3370 1318 3412 de
1362 3371 1486 3426 ipsis,
1528 3369 1608 3410 nisi
1640 3368 1741 3409 solis
1773 3367 2002 3408 dumtaxat
2033 3366 2154 3421 pacis
2187 3378 2347 3406 execu—

141 3439 308 3480 toribus
342 3439 620 3496 supradictis,
661 3440 734 3494 qui
767 3439 1009 3480 secundum
1042 3444 1203 3481 statum
1237 3453 1546 3496 personarum,
1586 3437 1868 3492 dampnorum
1903 3440 1946 3477 et
1977 3435 2263 3476 fracturarum
2298 3434 2350 3474 de

142 3508 205 3549 sic
238 3508 434 3550 collectis
466 3509 680 3551 ulcionem
715 3512 758 3550 et
789 3508 1024 3549 vindictam
1057 3514 1208 3550 contra
1239 3510 1360 3564 pacis
1395 3509 1641 3559 violatores,
1675 3506 1857 3547 consilia
1879 3510 1922 3547 et
1944 3505 2108 3546 auxilia
2130 3504 2346 3545 instaura·

140 3577 268 3628 bunt,
312 3578 423 3619 sicut
463 3580 525 3621 eis
565 3578 860 3634 principaliter
893 3578 1109 3620 videbitur
1149 3579 1374 3634 expedire.
1496 3576 1591 3632 (20)
1631 3575 1767 3617 Iidem
1808 3576 1947 3616 eciam
1980 3574 2237 3616 collectores
2270 3573 2346 3613 ob—

143 3646 395 3688 vencionum
427 3648 607 3689 istarum
639 3647 745 3689 nulli
776 3648 828 3689 de
859 3649 1047 3704 receptis
1084 3648 1332 3690 huiusmodi
1354 3647 1617 3689 tenebuntur
1640 3646 1823 3688 reddere
1848 3646 2082 3695 racionem,
2118 3643 2193 3684 sed
2219 3656 2349 3697 super

278 3736 365 3773 444.
398 3738 430 3782 e)
456 3752 544 3772 corr.
570 3752 586 3773 e
612 3741 759 3773 venditis
784 3752 834 3773 or.
