2558 3970
193 177 271 217 5⁶24
338 172 520 208 L‘RBANI
547 171 608 205 IV.
634 170 779 204 EPIST.
807 169 869 202 AD
896 166 1182 202 RICHARDUM
1212 164 1314 200 REG.
1339 163 1401 199 DE
1432 163 1647 199 NEGOTIO
1674 164 1874 199 IMPERII.
1924 166 2023 201 1263.
2071 167 2228 203 Nr.405.

192 299 313 329 tutum
345 293 479 327 habere
510 291 619 326 debet
652 289 850 334 refugium,
885 288 1115 334 imperialem
1147 285 1505 322 mansuetudinemm
1538 296 1619 320 cum
1651 296 1717 320 sua
1748 285 1989 322 veneratione
2020 287 2293 332 coniunctamfl,
2325 291 2368 324 ut

193 362 335 407 imperii
369 360 523 395 Romani
562 358 788 403 fastigiumO
821 358 864 392 et
905 351 997 392 eius
1039 350 1211 391 culmini
1252 354 1443 400 presidens
1484 353 1655 399 specialis
1693 353 1865 389 advocati
1897 357 1934 389 et
1964 355 2168 392 defensoris
2199 357 2367 403 precipui

192 431 285 465 eirea
319 429 510 463 ecclesiam
545 430 650 473 gerat
684 426 843 461 officium
876 429 913 461 et
944 427 982 460 in
1014 420 1176 475 ipsiusl’
1207 424 1427 460 fortitudine
1458 417 1629 458 brachii²
1660 423 1900 458 defensentur
1930 425 2083 462 ecclesie
2113 411 2307 464 libertates
2329 430 2368 464 et

193 502 268 535 iura
310 501 623 534 umnutenenntur
660 498 840 543 ipsarum,
887 497 1147 542 extirpentur‘l
1187 496 1353 538 hereses.
1396 495 1516 530 cultus
1554 493 1755 529 christiane
1792 494 1878 529 fidei
1909 495 2109 540 amplietur
2139 499 2178 532 et
2207 496 2368 532 inimicis

193 568 438 603 consternatis
478 567 640 602 ciusdem
680 566 718 600 in
759 565 860 611 pacis
903 565 1201 610 pulchritudiner
1240 564 1368 600 sedeat
1404 563 1563 608 populus
1605 562 1828 597 christianus
1867 564 1906 598 et
1942 563 1980 597 in
2023 564 2150 609 requie
2191 565 2369 610 opulenta

192 638 368 682 quiescat.
446 629 510 684 (⁶2)
535 635 669 670 Verum
691 634 844 668 humaui
865 634 1012 679 generis
1034 633 1217 676 inimicus,
1246 632 1348 678 pacis
1370 631 1570 677 impatiens
1581 631 1605 673 ⁸,
1628 633 1774 666 amator
1793 631 1928 674 litium,
1951 631 2132 668 discordie
2154 633 2369 677 seminator,

195 706 385 749 utriusque
417 703 645 749 profectibus
677 703 857 746 invidens,
890 703 988 739 clare
1010 703 1186 738 memorie
1209 697 1423 737 Willelmot
1452 701 1704 736 Romanorum
1726 711 1812 745 rege
1833 700 1942 735 rebus
1964 700 2136 736 humanis
2158 705 2331 748 exempto
2341 703 2372 747 ¹¹,

192 776 290 810 inter
320 777 356 808 te
389 777 423 809 et
458 773 713 808 carissimumv
744 772 782 807 in
815 772 961 808 Christo
993 772 1108 807 filium
1140 771 1342 807 nostrumW
1374 782 1499 816 regem
1521 768 1681 804 Castelle
1713 780 1756 804 ac
1777 769 1950 814 Legionis
1977 769 2161 806 illustrem
2182 771 2221 806 in
2240 771 2371 806 Roma-

192 844 352 878 norumx
384 854 507 887 regem
540 842 697 877 electum
730 841 826 876 circa
858 841 1099 886 optinendam
1121 840 1311 876 eiusdemy
1342 839 1490 885 imperii
1511 838 1736 884 dignitatem
1766 837 2018 873 contentionis
2040 839 2236 874 materiam
2259 840 2369 875 susci-

193 912 299 953 tavit,
333 915 370 945 ut
406 910 532 946 vobis²
565 911 660 945 circa
698 911 794 945 hoc³
826 910 1138 946 contendentibus
1171 911 1314 945 careret
1353 908 1557 954 imperialis
1595 907 1787 953 regiminis
1827 908 2029 943 commodis
2070 907 2168 942 orbis
2205 910 2304 944 terre
2335 910 2374 944 et

193 980 291 1014 tanti
321 979 462 1014 brachii
496 982 572 1013 tam
604 979 725 1022 utilis,
765 982 842 1014 tam
874 979 1091 1022 necessarii,
1129 981 1207 1013 tam
1245 978 1321 1013 cari
1352 977 1558 1013 carentiam
1590 988 1634 1012 ex
1676 976 1792 1022 ipsius
1822 976 1971 1022 imperii
2003 977 2199 1012 vacatione
2230 977 2377 1013 diutina

194 1049 388 1084 molestam
420 1048 615 1083 admodum
648 1050 685 1083 et
716 1047 897 1091 nocivam,
929 1048 1135 1093 dampnosa
1157 1046 1401 1092 experientia,
1434 1045 1591 1082 ecclesia
1612 1045 1782 1091 predicta
1808 1045 1975 1081 sentiret.
2028 1039 2178 1081 Sentitb
2210 1045 2376 1091 utique⁰‚

194 1111 335 1153 sontitb
375 1119 493 1152 muter
531 1117 686 1152 ecclesia
723 1119 801 1151 tam
846 1116 975 1161 populi
1007 1116 1078 1151 sibi
1110 1108 1323 1151 eommissid
1355 1126 1468 1159 quam
1499 1126 1602 1149 suam
1633 1125 1787 1159 gravem
1817 1113 1862 1148 de
1893 1113 2105 1149 huiusmodi
2136 1114 2377 1150 contentione

194 1187 386 1221 iacturam.
454 1185 576 1220 Crevit
622 1197 780 1230 namque
824 1196 1082 1230 perversorum
1130 1184 1287 1219 audacia
1325 1186 1363 1219 et
1403 1183 1568 1228 ipsorum
1607 1182 1849 1217 habundante
1891 1182 2054 1226 malitia,
2098 1183 2186 1218 dum
2225 1183 2378 1219 eodeme

196 1258 351 1290 vacante
383 1254 538 1299 imperio
570 1254 641 1299 ipsi
673 1253 825 1289 ecclesie
857 1254 1083 1289 defensionis
1115 1253 1240 1289 debite
1272 1251 1449 1298 suffragia
1480 1243 1780 1294 subtrahunturf,
1812 1251 1966 1286 liberius
1992 1251 2156 1296 peccatis
2176 1251 2375 1300 insistitur,

195 1325 341 1359 hereses
374 1324 556 1368 pululant,
589 1323 764 1358 scandala
787 1322 1025 1365 suscitantur,
1057 1321 1358 1367 multiplicantur
1380 1321 1486 1356 cedes
1509 1323 1546 1356 et
1569 1322 1725 1366 strages,
1757 1319 1892 1354 iniurie
1920 1319 2165 1364 invalescunt,
2196 1320 2235 1355 in
2256 1332 2378 1366 perse-

197 1393 386 1428 cutionum
422 1391 632 1427 turbinibus
664 1391 765 1427 Petri
796 1391 969 1426 navicula
1001 1391 1172 1433 fluctuat3
1206 1392 1244 1426 et
1274 1390 1463 1425 interdum
1493 1389 1558 1434 qui
1588 1389 1752 1425 fidelium
1782 1388 1899 1434 ipsius
1930 1388 2073 1424 censeri
2094 1389 2245 1425 nomine
2266 1390 2377 1435 glori-

23 1474 33 1486 *
78 1486 101 1499 ..
137 1477 175 1499 πῖ.
198 1466 318 1500 untur.
359 1462 395 1496 in
428 1472 553 1496 arcum
584 1473 815 1506 perversum,
854 1460 938 1495 fidei
969 1460 1135 1496 debitum
1167 1471 1242 1495 non
1275 1459 1474 1502 servando,
1515 1458 1683 1494 conversi
1715 1458 1823 1493 eamg
1853 1457 1892 1492 in
1923 1457 1998 1492 suis
2029 1457 2172 1493 iuribus
2201 1458 2381 1495 iniuriose

194 1531 381 1576 impetunt
418 1533 455 1565 et
496 1530 717 1573 molestant,
759 1530 824 1564 illa
866 1542 963 1564 nunc
994 1529 1213 1575 denegando
1251 1540 1318 1574 pro
1350 1528 1476 1571 libito,
1516 1539 1614 1563 nunc
1644 1526 1776 1562 illicite
1808 1526 2034 1571 occupando.
2093 1527 2250 1573 Propter
2280 1528 2380 1572 quod

195 1600 324 1635 eadem
356 1599 511 1634 ecclesia
549 1611 624 1634 non
663 1591 879 1633 immeritoh
911 1598 1123 1633 huiusmodi
1158 1597 1392 1632 vacationem
1427 1596 1599 1641 deplorat
1629 1594 1776 1640 imperii
1808 1597 1845 1630 et
1876 1595 1921 1630 de
1952 1594 2160 1630 animarum
2189 1596 2376 1641 periculis,

195 1680 265 1712 que
298 1668 474 1713 peccandi
507 1667 660 1703 libertas
693 1667 842 1713 ingerit,
877 1679 921 1702 ex
952 1667 1095 1702 intimis
1127 1667 1241 1712 longa
1271 1666 1424 1701 trahens
1456 1664 1616 1710 suspiria
1646 1663 1870 1710 ingemiscit.
1929 1662 1984 1698 Ex
2015 1675 2059 1699 eo
2089 1664 2242 1710 insuper
2271 1677 2384 1710 quam

195 1737 301 1779 dure,
344 1748 455 1781 quam
498 1729 679 1782 graviteri
710 1739 880 1771 materna
918 1736 996 1771 eius
1028 1737 1170 1771 viscera
1202 1735 1434 1780 quatiuntur,
1475 1735 1574 1779 quod
1616 1733 1698 1778 ipsa
1729 1735 1807 1768 tam
1839 1744 1943 1768 caros
1974 1732 2087 1776 filios,
2125 1735 2203 1768 tam
2233 1733 2384 1769 inclitos

197 1805 381 1851 principes
413 1805 450 1839 in
483 1817 548 1840 suo
581 1805 744 1840 sentiens
777 1807 883 1840 utero
918 1805 1149 1847 collidentes,
1184 1804 1387 1850 prudenter
1417 1795 1609 1838 advertitk
1640 1805 1747 1837 tuam
1777 1803 1815 1836 et
1845 1801 2005 1846 predicti
2035 1801 2133 1847 regis
2161 1802 2382 1848 potentiam,

197 1876 233 1909 in
266 1867 422 1909 Christi¹
454 1874 690 1919 blasphemos
729 1876 767 1909 et
809 1874 979 1909 inimicos
1017 1874 1179 1909 nominis
1221 1872 1417 1908 christiani
1454 1873 1629 1917 potenter
1661 1873 1699 1906 et
1737 1870 1932 1916 magnifiee
1971 1882 2073 1906 more
2105 1871 2252 1906 solitom
2283 1883 2383 1907 exer-

198 1944 368 1986 cendam,
413 1943 450 1977 in
482 1943 673 1988 proprium
706 1945 744 1978 et
773 1943 913 1988 grande
945 1942 1235 1978 domesticorum
1266 1941 1352 1977 fidei
1382 1941 1649 1976 detrimentum
1681 1939 1819 1975 talibus
1851 1939 2155 1975 contentionibus
2186 1940 2382 1986 implicari.

342 2008 403 2061 (3)
436 2012 511 2047 Hec
543 2012 684 2058 igiturn
718 2015 755 2047 et
787 2012 861 2047 alia
891 2012 1128 2047 incommoda
1158 2010 1427 2047 dissensionis⁰
1458 2009 1671 2045 huiusmodi
1703 2009 1832 2045 eadem
1854 2008 2012 2044 ecclesia
2032 2011 2202 2044 materno
2225 2020 2385 2055 pensans

199 2083 350 2124 affectu,
392 2082 429 2116 in
467 2081 538 2115 hiis
576 2081 706 2116 auxilii
739 2081 795 2115 sui
827 2082 1019 2116 dexteram
1049 2093 1124 2116 non
1157 2079 1379 2123 substraxit,
1421 2079 1484 2114 sed
1516 2078 1689 2124 vigilavit
1719 2077 1941 2121 attentius-P,
1982 2078 2193 2114 attentione
2224 2078 2387 2114 sollicita

202 2151 425 2196 vigilanter‘l
468 2150 631 2185 intendit
670 2150 862 2194 multaque
901 2150 1153 2185 sollicitudine
1191 2149 1351 2195 pervigil
1382 2148 1585 2190 laboravit,
1627 2150 1670 2182 ut
1701 2146 1976 2182 discriminibus
2007 2147 2124 2182 tantis
2156 2148 2387 2183 occurreret‘

201 2223 310 2264 teque
354 2231 394 2254 ac
433 2219 553 2264 ipsum
595 2231 719 2263 rogem
757 2230 779 2253 a
809 2218 1077 2254 discordiarum
1108 2218 1313 2263 dispendiis
1344 2219 1589 2262 preservaret.
1649 2215 1698 2251 Et
1728 2215 1817 2251 licet
1847 2215 1946 2250 inter
1977 2216 2066 2250 voss
2097 2215 2229 2251 iudicis
2260 2218 2386 2262 partes

202 2300 386 2322 assumere
419 2296 501 2321 non
534 2283 622 2322 sine
657 2296 789 2323 causa
819 2287 1020 2330 distulerit,
1054 2281 1280 2336 presertim
1316 2282 1431 2322 cumt
1462 2288 1540 2321 tam
1571 2285 1627 2320 tui
1659 2296 1772 2329 quam
1802 2284 1918 2330 ipsius
1941 2284 2039 2330 regis
2061 2284 2186 2320 nuntii
2206 2284 2245 2320 in
2267 2296 2384 2321 recor-

201 2357 363 2392 dationis
395 2356 512 2391 felicis
523 2357 540 2374 ¹¹
572 2356 776 2391 Alexandri
807 2368 903 2401 pape
935 2356 1208 2401 predecessoris
1239 2355 1395 2398 nostriv,
1428 2357 1557 2390 nostra
1588 2357 1626 2389 et
1657 2354 1814 2389 fratrum
1843 2355 2055 2389 nostrorum
2086 2353 2277 2399 presentia
2306 2364 2389 2390 con-

203 2426 361 2460 stitutiw
393 2437 502 2470 super
533 2425 709 2470 predictis
741 2425 978 2460 iudiciarium
1009 2425 1216 2470 apostolice
1238 2424 1335 2460 sedis
1363 2435 1519 2459 examen
1542 2434 1714 2469 expresse
1737 2433 1854 2466 usque
1876 2422 1924 2456 ad
1949 2422 2018 2457 hec
2039 2424 2210 2468 tempora
2230 2422 2389 2458 declina-

203 2495 297 2529 rint:
329 2494 546 2529 dilationem
578 2497 704 2530 tamen
743 2494 955 2529 huiusmodi
985 2494 1052 2528 illa
1083 2494 1225 2529 etiamX
1258 2493 1461 2529 utilitatisy
1492 2492 1711 2537 utriusque?
1742 2491 1860 2537 partis
1893 2491 2143 2526 consideratio
2166 2494 2205 2527 et
2234 2493 2390 2537 paterne

204 2563 356 2608 pietatis
389 2564 535 2598 cautela
567 2575 633 2608 pro
666 2563 769 2598 vobis
802 2563 998 2599 consilium
1036 2563 1186 2608 capiens
1217 2562 1445 2608 pe1·suasit³‚
1485 2564 1527 2596 ut
1558 2561 1691 2596 vestris
1730 2560 1864 2595 animis
1897 2554 1951 2595 ad
1982 2554 2063 2595 hoc
2094 2560 2305 2595 habilitatis
2335 2560 2388 2595 in-

203 2632 311 2666 terim
344 2632 389 2666 ad
420 2632 655 2667 reformanda
687 2632 785 2667 inter
817 2643 881 2666 vos
913 2631 1078 2666 amicitie
1111 2632 1237 2667 federa
1268 2630 1515 2676 congruentia
1546 2632 1717 2675 tempora
1738 2630 1979 2674 captarentur
2000 2631 2038 2664 et
2058 2629 2222 2664 remedia
2242 2640 2387 2675 promp-

204 2701 300 2735 tiora
342 2704 533 2746 paterent,
575 2713 641 2745 per
683 2712 754 2745 que
794 2701 977 2736 discordie
1010 2701 1204 2736 occasione
1237 2700 1385 2735 sublata
1417 2711 1481 2734 vos
1512 2699 1700 2744 glutinum
1732 2692 1874 2733 solideb
1906 2697 2075 2733 caritatis
2106 2697 2247 2741 uniret,
2278 2709 2322 2733 ac
2351 2697 2391 2732 in

207 2773 326 2805 vestre
358 2770 547 2805 soliditate
579 2770 785 2812 concordie,
818 2782 930 2814 quam
962 2772 1158 2813 tractatus,
1191 2769 1255 2814 qui
1277 2781 1388 2814 super
1416 2769 1486 2804 hoc
1508 2768 1630 2803 inter⁰
1662 2779 1727 2803 vos
1749 2766 1969 2802 dicebantur
1998 2766 2139 2810 haberi,
2170 2766 2391 2812 promittere

208 2839 438 2881 videbantur,
473 2838 539 2873 sub
571 2839 628 2873 sui
658 2839 837 2884 principis
860 2839 998 2874 ducatu
1029 2839 1184 2884 pacifico
1206 2839 1359 2873 daretur
1381 2837 1499 2873 eidem
1532 2836 1755 2872 sabatismus
1786 2835 1956 2880 imperio,
1987 2838 2025 2871 et
2046 2835 2184 2871 sedatis
2206 2834 2390 2871 scandalis

208 2907 320 2951 ipsius
360 2900 543 2942 subditisd
587 2907 724 2951 quietis
766 2908 920 2953 optate⁰
951 2907 1162 2943 iocunditas
1194 2907 1426 2953 proveniret,
1470 2906 1586 2951 pestis
1618 2905 1931 2941 exterminaretur
1961 2904 2144 2948 heretica,
2183 2903 2390 2939 animarum

208 2976 371 3020 pericula
404 2976 621 3018 vitarentur,
662 2976 817 3011 ecclesia
858 2970 1060 3012 cesarcos
1089 2976 1235 3011 munita
1276 2975 1439 3022 presidio
1471 2977 1509 3010 et
1546 2975 1593 3009 ab
1630 2974 1830 3010 hostilibus
1861 2975 1991 3019 erepta
2027 2974 2306 3018 persecutorum
2335 2971 2388 3006 in-

345 3072 432 3107 405.
465 3080 506 3115 m)
538 3075 580 3106 ad
611 3076 688 3117 imp.
717 3080 857 3106 masuet.
883 3074 916 3106 4.
1055 3074 1090 3116 ¹1)
1122 3072 1374 3117 cumlliunctam
1399 3072 1431 3105 4.
1572 3072 1604 3115 0)
1637 3073 1771 3114 fastigio
1798 3071 1840 3111 R,
1865 3071 1919 3103 cui
1942 3071 2061 3103 desunt
2085 3076 2119 3103 ct.
2143 3071 2216 3103 eius
2241 3069 2394 3102 culmini.

211 3137 227 3158 1*
232 3136 243 3171 )
271 3131 342 3163 cius
368 3131 408 3162 Ii'.
526 3133 560 3173 q)
585 3133 798 3174 extirpantur
824 3131 892 3163 (ιίἰο
919 3137 1108 3164 atramento
1134 3142 1224 3163 corr.
1245 3131 1272 3163 l.
1385 3130 1414 3170 r)
1440 3130 1669 3173 pulcritudine
1696 3129 1733 3169 1;
1759 3129 1969 3171 plenitudine
1992 3126 2025 3161 4.
2134 3127 2162 3169 S)
2187 3127 2336 3170 inpacies
2359 3124 2393 3158 4.

209 3190 233 3227 t)
261 3188 439 3220 Vvilielmo
464 3187 494 3220 3.
624 3188 659 3228 11)
685 3195 798 3232 erepto
823 3187 852 3221 3.
984 3189 1016 3231 V)
1041 3199 1091 3222 ca.
1117 3188 1147 3221 1.
1172 3187 1202 3221 3.
1322 3187 1363 3231 W)
1390 3200 1434 3220 .n.
1462 3187 1491 3220 l.
1517 3186 1553 3228 33
1581 3187 1631 3219 .N.
1658 3185 1690 3219 2.
1806 3184 1840 3226 Χ)
1864 3187 2018 3218 Romans]
2046 3183 2075 3217 l.
2190 3183 2223 3226 δ’)
2248 3184 2338 3216 deest
2360 3182 2391 3216 4.

210 3250 237 3283 z),
265 3246 362 3277 nobis
387 3244 418 3277 4.
550 3246 580 3286 a)
607 3246 650 3277 ho
674 3244 713 3284 4;
740 3246 824 3278 haec
848 3244 880 3278 3.
1009 3244 1042 3288 b)
1068 3246 1172 3278 sensit
1199 3245 1238 3279 R.
1367 3245 1398 3285 ⁰)
1424 3245 1540 3287 itaque
1564 3242 1595 3276 3.
1728 3241 1760 3283 d)
1786 3242 1919 3275 comissi
1946 3242 1973 3274 1.
2095 3240 2126 3284 e)
2153 3241 2335 3274 eorundem
2360 3239 2392 3273 3.

212 3299 241 3342 s)
268 3303 492 3334 sulitrauntur
516 3300 548 3333 2.
661 3306 693 3342 8)
718 3308 785 3334 tarn
811 3302 842 3335 3.
952 3301 986 3343 h)
1014 3327 1157 3336 ......
1175 3309 1208 3335 to
1234 3301 1265 3344 1,
1297 3302 1416 3335 litteris
1444 3301 1616 3344 prioribus
1642 3300 1861 3342 putretudine
1886 3299 2010 3332 deletis
2119 3297 2143 3340 i)
2169 3309 2272 3341 quam
2295 3308 2392 3340 grav.

212 3368 311 3398 quarn
338 3358 420 3390 ‹lui-e
444 3358 475 3390 4.
615 3356 649 3399 k)
686 3359 810 3391 auertit
834 3358 865 3391 4.
1007 3357 1031 3399 l)
1064 3359 1200 3391 Christo
1227 3358 1256 3390 1.
1281 3357 1311 3390 2.
1451 3357 1494 3398 m)
1528 3354 1746 3390 ex⁵cionibus
1779 3356 1941 3398 implicari
1968 3355 2062 3396 add„
2086 3355 2145 3388 secl
2169 3360 2337 3396 empuncta
2363 3354 2393 3387 1.

211 3419 244 3447 Π)
270 3414 393 3455 legitur
417 3414 449 3447 4.
564 3420 599 3453 0)
625 3416 845 3448 (lissencionis
872 3415 902 3448 1.
1030 3415 1063 3457 P)
1089 3423 1120 3449 et
1145 3416 1227 3448 add.
1245 3414 1276 3447 3.
1405 3415 1439 3457 (1)
1465 3415 1663 3456 uigillanter
1689 3413 1716 3446 l.
1741 3440 1747 3445 .
1845 3413 1874 3454 r)
1898 3419 2053 3446 occurret
2075 3411 2110 3445 4.
2225 3411 2252 3452 Β)
2277 3423 2337 3444 nos
2361 3409 2394 3444 4.

213 3472 237 3510 ἱ)
263 3482 321 3512 pro
346 3482 386 3503 ca
412 3472 556 3504 maxime
582 3473 671 3513 quod
696 3473 738 3505 It.
863 3472 895 3514 u)
920 3475 963 3506 se.
989 3484 1034 3505 rc.
1060 3472 1092 3506 4.
1187 3472 1218 3512 v)
1245 3484 1289 3504 .n.
1314 3471 1346 3504 4.
1440 3473 1480 3513 w)
1505 3472 1597 3504 deest
1618 3470 1650 3504 4.
1744 3471 1779 3512 ¹)
1805 3470 1905 3502 etiam
1931 3470 1989 3502 illa
2013 3469 2112 3502 2—4.
2206 3468 2238 3510 y)
2263 3469 2393 3501 utilitas

213 3539 300 3558 corr.
324 3528 350 3559 1.
443 3534 470 3567 Ζ)
499 3529 546 3559 lu's
571 3529 742 3571 scriplum,
767 3530 911 3561 alterum
936 3530 1081 3562 deletum
1109 3530 1139 3562 1.
1247 3533 1279 3571 a⁶)
1306 3541 1372 3562 non
1399 3529 1563 3572 persuasit
1587 3527 1620 3561 4.
1722 3526 1755 3568 b)
1780 3527 1877 3559 solite
1902 3525 1933 3559 2.
2028 3527 2059 3568 c)
2085 3527 2120 3558 in
2147 3527 2176 3560 1.
2271 3524 2305 3567 d)
2331 3527 2392 3568 ips.

213 3585 287 3616 sub.
313 3584 379 3615 des.
399 3583 429 3616 3.
547 3590 577 3625 Ε)
603 3586 717 3618 obtate
744 3586 773 3618 1.
890 3585 923 3628 f)
951 3588 1114 3629 imperiali
1141 3587 1183 3620 R.

353 3674 386 3717 1)
414 3672 467 3715 Cf.
495 3673 554 3707 Iob
571 3679 623 3717 22,
637 3678 668 3709 8.

2409 918 2443 943 10

2413 1261 2445 1284 15

2414 1602 2448 1627 20

2418 1945 2451 1971 25

2422 2290 2457 2315 30

2426 2639 2458 2663 35

2429 3307 2462 3331 45

2431 3589 2465 3614 50
