2558 3970
112 911 144 935 10

112 1255 143 1280 15

111 1761 146 1788 20

115 2187 148 2212 25

115 2534 147 2559 30

118 2880 150 2906 35

121 3225 154 3250 40

666 158 910 194 FRIDERICI
939 160 981 193 ll.
1009 160 1440 197 CONSTITUTIONES.
1492 163 1591 197 1243.
1642 163 1704 196 Nr.
1723 163 1801 197 239.
1829 164 1906 198 240.
2304 167 2384 206 329

179 280 359 332 patrem,
393 289 470 331 per
502 289 628 330 quem
662 274 849 316 confidat
883 276 1109 331 imperium
1147 283 1241 318 vota
1276 279 1394 333 pacis
1430 283 1471 318 vt
1506 292 1582 318 suc.
1619 279 1776 319 justitie
1802 279 2014 319 inviolata
2041 280 2214 319 servari.
2270 281 2385 327 Qua-

178 348 355 401 propter
394 343 446 385 ad
489 343 775 385 reverendum
819 350 983 399 patrem
1025 344 1243 386 dominum
1277 347 1578 388 Innocentium
1612 349 1852 402 apostolice
1890 348 2006 388 sedis
2043 348 2277 389 antistitem
2312 363 2388 403 per

182 414 359 455 fratrem
394 412 622 454 Girardum
656 412 708 454 de
733 413 981 469 Marprurc¹⁵
1018 415 1307 456 venerabilem
1343 417 1594 470 magistrum
1629 416 1778 457 domus
1813 423 1959 457 sancte
1991 417 2123 457 Marie
2147 416 2385 457 Tbcutoni-

180 496 323 523 corum
355 482 397 522 in
418 481 673 531 Ierusalem,
708 482 950 523 Ansaldum
974 483 1025 524 de
1050 483 1158 524 Mari
1194 485 1303 525 sacri
1339 485 1504 539 imperii
1542 490 1584 525 ct
1607 486 1727 539 regni
1753 485 1899 526 Sicilie
1924 487 2211 535 ammiratum,
2247 486 2384 539 magi-

180 556 313 593 strum
354 550 527 592 Petrum
571 550 623 592 dc
658 550 798 592 Vinea
842 559 884 592 et
926 553 1179 606 magistrum
1213 552 1435 594 Taddeum
1478 553 1530 594 dc
1572 553 1735 594 Suessa
1783 552 1970 609 [magne]
2008 553 2144 610 cu[ric
2190 551 2387 608 nostre]b

179 620 342 662 iudices
385 625 427 661 et
465 621 718 675 magistrum
760 619 1025 675 Roggerium
1066 621 1423 663 Porcastrellamc
1458 621 1783 663 Messanenscm
1831 623 2040 663 decanum
2082 623 2384 678 cappellanum

181 695 224 731 et
262 689 412 730 fideles
454 694 641 739 nostros,
683 703 790 744 quos
831 689 883 730 de
923 690 1058 732 latere
1105 696 1251 732 nostro
1286 690 1338 732 ad
1374 697 1562 732 vestram
1605 692 1868 745 presentiam
1906 691 2196 732 destinamus.
2240 698 2386 732 nostre

182 759 428 801 serenitatis
462 759 632 799 nuntios
667 768 709 799 ct
740 759 928 813 legatos,
970 765 1178 815 concepte
1211 760 1362 815 spiritu
1396 759 1635 801 devotionis
1668 760 1914 801 accedimus
1950 766 1991 801 et
2025 761 2065 800 in
2101 775 2247 801 corum
2282 761 2385 801 affa-

181 829 296 870 tibus
328 832 416 868 tam
449 827 606 869 devote
640 841 765 882 quam
801 828 994 869 hilariter
1027 843 1103 869 nos
1126 834 1270 870 vestro
1305 829 1554 884 conspectui
1591 834 1906 884 presentamus.
1963 828 2097 869 Iidem
2124 843 2224 869 vcro
2250 830 2386 870 nuntii

182 897 333 945 nostri,
379 901 595 952 tamquam
637 897 784 937 intime
818 898 979 938 conscii
1014 897 1248 938 voluntatis
1281 903 1446 945 nostre,
1481 897 1722 939 devotionis
1756 897 1808 938 ad
1852 902 2018 952 patrem
2053 911 2231 937 veraces
2265 903 2388 938 crunt

179 967 459 1022 interpretes,
500 970 586 1006 tam
620 979 697 1007 nos
731 979 858 1021 quam
891 967 1133 1022 potentiam
1167 973 1377 1014 nostram,
1413 967 1639 1023 imperium
1674 972 1717 1007 et
1752 980 1907 1021 regna.
1950 965 2150 1021 quicquid
2186 967 2313 1006 ctiam
2349 967 2388 1006 in

179 1035 306 1077 bonis
338 1035 493 1076 nostris
527 1035 690 1082 existit,
726 1036 881 1076 vestris
916 1035 1198 1092 beneplacitis
1233 1036 1286 1077 ad
1320 1037 1532 1078 honorem
1568 1036 1753 1077 ecclesie
1788 1050 1837 1076 ac
1871 1036 2059 1076 favorem
2096 1035 2388 1075 omnimodum

182 1104 475 1146 ecclesiastice
509 1104 743 1151 libertatis,
786 1111 990 1160 quantum
1033 1120 1127 1146 cum
1163 1105 1257 1147 Deo
1290 1106 1421 1146 salvis
1457 1106 1548 1146 iure
1583 1110 1626 1146 et
1659 1105 1821 1146 honore
1856 1105 1965 1145 sacri
2002 1104 2182 1144 Romani
2221 1104 2388 1159 imperii

179 1187 426 1229 possumus,
468 1173 667 1214 obnixius
709 1174 963 1221 offerentes,
1003 1174 1119 1215 illam
1161 1175 1214 1216 ad
1255 1190 1330 1216 nos
1370 1175 1532 1216 utinam
1568 1174 1797 1215 reverendi
1831 1174 2015 1229 pastoris
2051 1173 2386 1214 benivolentiam

181 1244 373 1293 relaturi,
406 1257 483 1298 per
515 1257 641 1298 quam
676 1257 779 1298 erga
812 1243 1000 1284 debitam
1038 1245 1169 1299 patris
1204 1245 1498 1286 reverentiam
1530 1243 1583 1285 ad
1618 1258 1788 1284 omnem
1820 1242 2190 1284 honorificentiam
2216 1241 2387 1282 filialem

180 1313 279 1353 totis
313 1311 542 1353 affectibus
576 1326 624 1353 ac
658 1313 851 1368 expertis
885 1312 1112 1354 effectibus
1145 1314 1375 1369 plusquam
1409 1314 1565 1368 aliquis
1599 1313 1782 1354 devotus
1816 1312 1928 1353 filius
1961 1311 2244 1353 effundamur.

324 1380 424 1422 Dat.
459 1381 574 1438 apud
607 1381 925 1430 Beneuentum,
961 1383 1163 1424 vicesimo
1198 1392 1321 1424 sexto
1356 1383 1480 1433 Iunii,
1515 1383 1652 1438 prime
1687 1382 1945 1422 indictionis.

526 1588 629 1632 240.
668 1588 1167 1632 PROPOSITIONES
1195 1589 1576 1632 INNOCENTII
1602 1589 1686 1632 IV.
1749 1590 2050 1641 (1243212209.)

326 1672 544 1725 Leymztur
575 1672 621 1711 in
652 1670 840 1724 Reyz’strz’
871 1670 1109 1712 Innocentii
1139 1671 1223 1714 IV.
1256 1675 1360 1713 tomo
1382 1671 1419 1721 I,
1444 1673 1498 1711 13
1530 1671 1600 1712 lib.
1623 1670 1659 1721 I,
1683 1672 1751 1721 84,
1792 1683 1871 1722 quo
1901 1670 2038 1710 denuo
2069 1669 2214 1709 collato
2245 1683 2269 1708 α
2304 1669 2393 1709 viro

183 1741 230 1783 cl.
254 1740 378 1792 Mau,
411 1741 635 1793 castiyatas
665 1753 735 1781 eas
761 1741 980 1792 proposuit
1001 1739 1243 1794 Rodenberq
1274 1742 1321 1781 in
1343 1740 1635 1793 Epistozarmn
1664 1753 1683 1781 c
1704 1739 1874 1791 reqestis
1895 1739 2137 1779 selectarum
2160 1741 2263 1779 tomo
2285 1737 2347 1787 II,
2370 1740 2394 1777 7

181 1823 248 1851 nr.
271 1812 309 1852 7.
354 1835 406 1840 -
446 1809 911 1851 Huillard-Bre‘holles
952 1808 1022 1860 VI,
1047 1810 1140 1850 112.
1213 1808 1415 1859 Pottlzast,
1459 1808 1556 1862 Ray.
1591 1812 1709 1860 pont.
1758 1807 1877 1849 Rom.
1911 1808 2062 1847 11118.
2133 1806 2292 1858 Rcrycr
2322 1806 2395 1846 ‘Lc

181 1880 354 1933 reyisz‘re
384 1878 631 1921 d’lnnocent
661 1877 757 1921 IV.'
781 1880 848 1920 84.
2037 1875 2106 1928 (P.
2131 1877 2251 1925 342.)

374 2018 472 2060 Isti
513 2023 636 2060 sunt
676 2019 893 2060 articuli
937 2032 1066 2074 quos
1111 2021 1463 2074 portaverunt
1503 2016 1679 2057 nuntii
1725 2014 1870 2056 sedis
1915 2015 2214 2070 apostolice

1039 2088 1098 2129 ad
1141 2089 1534 2143 imperatorem.

334 2172 368 2209 1.
412 2169 662 2224 Proponant
701 2169 859 2218 nuntii,
904 2168 1017 2224 quod
1050 2168 1250 2210 dominus
1284 2182 1397 2225 papa
1430 2172 1474 2209 et
1504 2167 1660 2208 fratres
1694 2166 1762 2207 sui
1798 2165 2070 2214 desiderant,
2114 2169 2321 2220 quantum
2356 2165 2397 2205 in

185 2239 248 2280 eis
281 2243 367 2289 est,
401 2252 480 2294 per
511 2238 655 2279 omnia
685 2252 836 2294 pacem
872 2237 1032 2280 habere
1065 2252 1162 2279 cum
1205 2238 1398 2294 principe
1433 2242 1476 2279 et
1509 2250 1605 2278 cum
1638 2235 1836 2277 omnibus
1870 2234 2136 2284 hominibus,
2181 2239 2223 2275 et
2256 2235 2394 2289 parati

186 2312 304 2360 sunt,
347 2312 552 2364 quantum
586 2308 630 2349 in
664 2308 725 2350 eis
760 2313 846 2354 est,
879 2322 1031 2364 pacem
1065 2307 1168 2350 dare
1203 2313 1247 2349 et
1278 2307 1643 2363 tranquillitatem
1676 2305 1757 2346 sibi
1792 2309 1834 2346 et
1866 2304 2068 2345 universo
2103 2303 2275 2344 mundo.
2341 2302 2397 2344 Et

185 2377 347 2418 utinam
386 2377 468 2418 hoc
510 2378 693 2433 principi
725 2378 915 2433 placeat,
958 2378 1027 2418 vel
1061 2392 1156 2419 eam
1190 2391 1273 2418 non
1313 2376 1539 2432 impediat!
1603 2374 1718 2422 Quia
1750 2388 1954 2428 magnum
1990 2373 2292 2428 preambulum
2330 2378 2397 2413 est

189 2452 232 2488 et
262 2447 368 2488 utile
402 2446 456 2488 ad
487 2451 718 2488 tractatum
751 2447 899 2502 pacis,
921 2447 957 2488 si
981 2447 1263 2488 restituantur
1286 2447 1440 2502 prelati
1465 2450 1508 2487 et
1531 2445 1674 2486 clerici
1698 2457 1848 2484 omnes
1875 2442 2050 2497 captivi.
2084 2456 2191 2497 quos
2216 2441 2394 2482 detinet.

186 2520 228 2557 et
266 2530 414 2558 omnes
457 2520 545 2557 tam
586 2516 733 2557 clerici
774 2530 902 2572 quam
933 2516 1053 2567 laici,
1095 2529 1201 2571 quos
1234 2516 1348 2571 cepit
1379 2516 1421 2556 in
1455 2515 1611 2570 galeis.
1661 2517 1814 2568 rogant
1847 2515 1890 2553 et
1922 2512 2117 2566 petunt¹,
2169 2510 2281 2566 quod
2318 2524 2392 2551 eos

184 2585 343 2627 debeat
380 2586 631 2633 restituere,
677 2599 773 2627 cum
813 2586 892 2626 hoc
933 2586 1074 2641 ipsum
1113 2585 1207 2640 ipse
1249 2589 1291 2626 et
1331 2584 1468 2626 nuntii
1515 2584 1580 2625 sui
1623 2582 1899 2638 promiserint
1941 2585 2040 2622 ante
2084 2580 2393 2636 promotionem

187 2659 391 2696 nostram.

328 2725 365 2765 2.
396 2723 508 2765 Item
542 2728 797 2780 proponant,
831 2723 943 2779 quod
976 2725 1058 2780 ipsi
1091 2739 1168 2780 pro
1201 2724 1327 2765 nobis
1359 2723 1500 2779 parati
1535 2726 1634 2763 sunt
1665 2721 1815 2762 audire
1851 2725 1895 2761 ct
1927 2724 2114 2761 tractare
2138 2718 2190 2760 de
2221 2733 2328 2774 pace
2353 2723 2395 2759 et

187 2793 335 2835 audire
368 2793 730 2844 satisfactionem,
775 2808 903 2849 quam
936 2795 1028 2835 vult
1059 2795 1201 2835 facere
1242 2794 1444 2849 princeps
1478 2792 1531 2833 de
1566 2791 1766 2833 omnibus
1801 2804 1876 2845 pro
1910 2788 2064 2843 quibus
2099 2788 2392 2828 excommuni-

188 2866 308 2904 catus
342 2868 420 2904 est.

333 2935 370 2974 3.
404 2931 515 2973 Item
549 2932 746 2983 offerant,
780 2931 895 2987 quod
928 2933 1128 2981 ecclesia,
1162 2933 1198 2973 si
1229 2932 1273 2973 in
1305 2932 1447 2986 aliquo
1481 2933 1630 2970 contra
1661 2928 1853 2969 debitum
1887 2927 1987 2967 lesit
2019 2939 2131 2976 eum,
2165 2925 2277 2980 quod
2311 2939 2393 2966 non

188 3001 338 3051 credit,
370 3006 522 3057 parata
554 3005 622 3042 est
653 3001 868 3056 corrigere
902 3006 945 3042 et
977 3002 1019 3041 in
1055 3005 1213 3042 statum
1247 3000 1445 3042 debitum
1478 2999 1740 3045 reformare;
1774 3002 1816 3038 et
1840 2996 1874 3036 si
1899 2996 2098 3051 princeps
2123 2993 2248 3036 dicat.
2283 2994 2393 3048 quod

188 3072 229 3112 in
261 3072 380 3112 nullo
411 3071 513 3112 lesit
545 3071 775 3112 ecclesiam
809 3075 958 3112 contra
1001 3071 1229 3122 iustitiam,
1272 3071 1341 3111 vel
1383 3070 1419 3110 si
1459 3069 1594 3116 dicat,
1637 3065 1749 3122 quod
1793 3080 1870 3106 nos
1905 3065 2081 3106 lesimus
2115 3077 2210 3104 eum
2245 3068 2394 3104 contra

188 3141 415 3186 iustitiam,
447 3141 586 3195 parati
618 3154 764 3182 sumus
797 3154 954 3182 vocare
986 3155 1128 3195 reges,
1162 3140 1351 3196 prelatos
1386 3143 1430 3180 et
1468 3137 1684 3193 principes
1718 3140 1804 3176 tam
1841 3133 2059 3175 seculares
2092 3146 2217 3187 quam
2253 3133 2390 3174 ecele-

191 3210 387 3251 siasticos
425 3209 480 3250 ad
517 3210 704 3264 aliquem
744 3214 882 3251 tutum
916 3211 1079 3261 locum,
1121 3214 1168 3250 ut
1208 3223 1286 3265 per
1317 3223 1362 3250 se
1397 3208 1463 3249 vel
1497 3207 1744 3261 solempnes
1777 3202 1950 3244 nuntios
1983 3202 2085 3242 illuc
2117 3201 2314 3251 veniant,
2349 3206 2391 3241 et

191 3278 243 3320 de
277 3279 457 3320 consilio
491 3278 661 3320 concilii
692 3282 845 3334 parata
879 3283 944 3320 est
977 3278 1228 3319 satisfacere
1261 3277 1465 3332 principi,
1508 3276 1542 3316 si
1574 3276 1616 3315 in
1649 3273 1796 3328 aliquo
1830 3285 1928 3312 eum
1961 3270 2082 3320 lesit,
2119 3274 2160 3310 et
2190 3283 2392 3311 revocare

191 3349 471 3401 sententiam,
514 3349 550 3390 si
591 3362 721 3403 quam
763 3348 922 3389 iniuste
956 3353 1107 3389 contra
1139 3361 1238 3388 eum
1269 3347 1387 3397 tulit,
1433 3350 1475 3387 et
1507 3358 1603 3385 cum
1637 3342 1752 3384 omni
1786 3338 2116 3382 mansuetudine
2150 3342 2193 3379 et
2225 3339 2390 3379 miseri-

191 3418 346 3468 cordia,
381 3421 587 3472 quantum
621 3426 717 3458 cum
740 3416 835 3458 Deo
869 3422 913 3458 et
944 3417 1105 3458 honore
1138 3417 1323 3457 ecclesie
1356 3415 1447 3456 fieri
1480 3418 1636 3469 potest,
1671 3411 1863 3466 recipere
1895 3408 1948 3449 ab
1973 3421 2022 3449 eo
2047 3407 2390 3448 satisfactionem

191 3485 243 3527 de
274 3486 438 3527 iniuriis
472 3491 515 3527 et
546 3487 719 3527 offensis
753 3487 833 3527 sibi
866 3491 910 3527 et
941 3486 1029 3527 suis
1062 3485 1276 3540 irrogatis.

327 3588 416 3623 239.
449 3587 481 3629 a)
506 3589 554 3622 sic
578 3601 628 3622 or.
748 3589 780 3633 b)
807 3591 938 3623 litterae
963 3590 1116 3623 detersae
1142 3601 1191 3621 or.
1310 3587 1341 3626 9)
1367 3585 1570 3631 porcastrell
1598 3598 1646 3618 or.

331 3681 364 3722 1)
391 3680 523 3714 Scilicet
542 3679 712 3723 pontifex
738 3683 769 3713 et
793 3679 1003 3714 cardinales.

329 3765 376 3788 LL.
405 3764 686 3789 CONSTITUTIONES
711 3765 746 3788 11.
2079 3743 2123 3776 42
