2558 3970
81 2334 145 2366 ΑῑιῖΔ
164 2336 204 2359 1².

83 2533 144 2558 lun.
162 2536 202 2559 24,

225 173 305 210 232
634 166 871 200 FRIDERICI
901 166 944 199 ll.
971 163 1397 199 CONSTITUTIONES.
1451 163 1544 197 1234.
1587 163 1682 196 1235.
1733 162 1891 197 N1·.189.
1920 163 1994 197 190.

225 285 440 338 proposito
474 282 699 321 occnsione
733 280 952 320 dilationis
986 279 1166 319 alicuius
1200 282 1344 333 posset
1377 278 1555 318 forsitan
1588 277 1739 332 aliquis
1772 277 2030 318 intervenire
2063 276 2271 325 defectus,
2304 277 2404 318 dum

223 353 275 392 ad
320 366 394 391 nos
442 365 516 405 per
559 349 727 403 longam
779 349 967 388 locorum
1007 347 1252 387 distantiam
1293 361 1375 386 non
1415 349 1563 400 posset
1602 345 1740 386 facilis
1781 345 1929 386 haberi
1969 358 2190 386 recursus:
2233 359 2310 386 nos
2351 345 2404 386 de

225 420 478 475 paternitate
515 423 653 457 vestra
689 417 816 471 plena
849 416 1079 455 securitate
1113 415 1273 458 confisi,
1309 415 1528 469 negotium
1561 414 1700 468 ipsum
1734 414 2106 468 circumspectioni
2129 418 2272 455 vestre
2306 428 2404 469 pre-

224 489 414 528 sentibus
447 486 647 526 duximus
681 484 1054 525 committendum.
1090 483 1289 524 videlicet
1321 488 1367 523 ut
1399 487 1441 523 et
1473 482 1759 537 quantitatem
1793 481 1985 521 dotiumb
2021 481 2404 536 promittendarum

225 557 343 596 nobis
376 570 396 594 n
433 569 531 607 rege
571 554 735 608 prefato
771 567 843 607 pro
877 552 1068 606 predicta
1100 566 1248 592 sorore
1281 565 1359 592 sua
1392 556 1535 592 vestra
1568 550 1779 591 industria
1810 549 2055 590 moderetur
2086 555 2129 590 et
2159 554 2206 591 ut
2237 554 2405 605 tempus

224 625 350 664 etiam
385 622 661 662 arbitremini,
696 636 778 675 quo
813 620 1005 676 predicte
1039 620 1159 659 dotes
1194 620 1260 660 vel
1294 621 1481 675 ipsarum
1515 619 1677 659 dotium
1711 633 1812 673 pars
1846 617 1966 658 nobis
1996 622 2069 658 aut
2094 619 2222 660 certis
2246 619 2405 660 nuntiis

225 693 377 732 nostris
413 699 572 731 remota
606 689 857 730 difficultate
891 689 1083 743 qualibet
1115 688 1388 733 exolvantur,
1423 689 1457 728 si
1491 689 1598 729 forte
1623 688 1892 741 contingeret
1924 692 2098 742 propter
2123 688 2406 728 necessitates

224 762 387 814 aliquas
422 759 693 799 imminentes
729 757 994 812 sepedictum
1029 771 1172 810 regem
1205 756 1257 797 ad
1290 764 1495 811 presensc
1530 756 1652 797 dotes
1685 760 1870 796 statutas
1903 756 2108 796 exolvere
2141 769 2224 796 non
2249 756 2406 797 valere.

225 828 574 869 prenominatum
609 835 750 866 nutem
795 826 1013 879 negotium
1048 831 1131 865 tam
1166 824 1218 865 de
1253 825 1493 879 quantitate
1535 823 1920 879 promittendarum
1954 823 2147 864 dotiumb
2196 838 2320 878 quam
2354 823 2406 864 de

225 905 414 950 temporo
449 894 750 935 solvendarum
786 894 844 933 sic
879 894 918 933 in
953 898 1086 933 totum
1121 898 1164 932 ct
1197 893 1330 933 libere
1366 893 1595 947 provisioni
1621 896 1761 933 vestre
1794 892 2112 941 committimus,
2145 891 2257 946 quod
2282 892 2410 946 plene

222 971 388 1017 gratum
439 971 478 1003 et
525 969 659 1003 ratum
705 962 860 1002 habere
909 961 1194 1016 prmnittimus
1240 961 1440 1016 quicquid
1480 975 1607 1016 super
1656 961 1734 1001 hoe
1777 965 1918 1001 vestra
1962 960 2197 1015 paternitas
2239 960 2411 1001 duxerit

223 1032 507 1072 statuendum.
571 1032 618 1071 ln
661 1031 778 1070 cuius
824 1030 883 1069 rei
925 1029 1216 1070 testimonium
1256 1034 1480 1083 presentes
1523 1030 1688 1069 litteras
1731 1029 1822 1070 fieri
1861 1033 1904 1069 et
1944 1028 2060 1069 bulla
2093 1042 2225 1070 aurea
2257 1029 2410 1084 tipario

223 1108 365 1141 nostre
401 1100 637 1141 maiestatis
669 1100 879 1153 impressa
912 1098 1110 1138 iussimus
1143 1098 1405 1138 communiri.

367 1169 486 1209 Dat.d
521 1169 671 1222 Fogie.
705 1182 814 1207 nono
851 1167 1008 1207 mensis
1043 1166 1284 1211 Decembr„
1317 1166 1550 1207 indictione
1574 1166 1699 1207 VIII.

420 1362 517 1404 190.
556 1361 893 1403 PHOMJSSIO
929 1360 1226 1403 HEINRIGI
1264 1360 1456 1402 REGIS
1483 1360 1779 1402 ANGLIAE.
1847 1361 1969 1403 1235.
2001 1360 2125 1402 Febr.
2146 1361 2216 1402 22.

364 1443 490 1484 Dedit
522 1442 676 1494 Rgsmcr
707 1441 916 1482 ‘Foedera'
949 1441 984 1490 Ι,
1015 1444 1050 1490 1,
1072 1443 1157 1481 :223
1187 1454 1206 1481 e
1239 1440 1404 1481 Retulis
1442 1441 1675 1481 litterar-mn
1707 1440 1962 1481 clausarum.
1999 1465 2052 1470 —
2083 1440 2277 1490 Bolemen
2310 1440 2410 1494 Rey.

223 1514 316 1564 imp.
352 1512 393 1561 1',
418 1512 569 1551 11152.
2061 1508 2129 1561 (P.
2152 1509 2269 1563 308.)

364 1626 451 1666 Nos
484 1625 700 1665 Henricus
734 1624 815 1665 Dei
846 1624 986 1678 gratia
1018 1622 1203 1678 Angliae
1237 1627 1315 1664 etc.
1350 1623 1554 1664 vicesimo
1589 1622 1778 1664 secundo
1813 1623 1880 1664 die
1904 1622 2142 1673 Februarii,
2175 1621 2409 1664 indictione

222 1705 391 1736 octava.
434 1708 509 1749 per
550 1707 726 1748 presens
760 1693 964 1747 scriptum
997 1697 1143 1733 notum
1184 1692 1275 1732 fieri
1308 1692 1502 1732 volumus
1535 1691 1748 1733 universis
1780 1695 2005 1746 presentes
2036 1691 2203 1733 litteras
2236 1691 2405 1746 inspec-

222 1765 346 1813 turis,
390 1762 502 1817 quod
544 1775 620 1802 nos
662 1761 715 1802 ad
754 1762 977 1802 eonsilium
1019 1765 1061 1802 et
1104 1761 1416 1802 ordinationem
1458 1760 1619 1801 domini
1658 1760 1856 1816 Gregorii
1896 1764 2171 1802 sacrosancte
2212 1759 2408 1802 Romane

222 1833 405 1875 ecclesie
446 1831 598 1872 summi
642 1831 881 1886 pontificis¹
923 1831 1194 1885 promisimus
1234 1834 1276 1870 et
1317 1829 1597 1884 corporaliter
1638 1830 1818 1885 prestito
1861 1828 2136 1870 iureiurando
2176 1829 2409 1870 iuravimus

221 1902 322 1943 dare
362 1902 402 1941 in
437 1914 615 1940 uxorem
655 1900 891 1953 legitimam
924 1898 1157 1940 Isabellam
1196 1898 1470 1939 karissimam
1513 1912 1701 1939 sororem
1740 1903 1929 1939 nostram
1971 1897 2143 1939 domino
2175 1897 2408 1939 Frederico

221 1970 303 2011 Dei
345 1970 483 2024 gratia
526 1969 802 2009 invictissimo
836 1967 1125 2008 Romanorum
1167 1968 1414 2022 imperatori
1459 1981 1628 2022 semper
1669 1971 1875 2022 augusto,
1916 1967 2154 2008 Ierusalem
2189 1970 2232 2008 et
2264 1966 2409 2008 Sicilie

223 2039 326 2093 regi.
418 2037 478 2091 (l)
514 2037 821 2078 promittentes
855 2037 1059 2090 magistro
1082 2036 1211 2077 Petro
1242 2036 1294 2077 de
1317 2035 1460 2077 Vinea
1491 2050 1645 2091 magne
1678 2036 1913 2091 imperialis
1938 2036 2053 2077 curie
2076 2035 2219 2085 iudici,
2253 2036 2410 2076 nuncio

223 2115 264 2148 ct
298 2107 473 2162 speciali
506 2106 772 2160 procuratori
804 2105 1088 2160 prenominati
1121 2104 1280 2145 domini
1312 2104 1531 2146 Frederici
1570 2105 1841 2160 imperatoris
1874 2119 1951 2160 pro
1983 2108 2106 2160 parte
2138 2105 2408 2160 imperatoris

223 2175 432 2217 eiusdem.
476 2175 648 2215 nomine
687 2173 904 2215 antedicte
936 2173 1123 2215 Isabelle
1165 2175 1322 2223 sororis
1355 2178 1501 2214 nostre
1541 2174 1584 2214 in
1616 2173 1760 2214 dotem
1792 2174 1968 2228 triginta
2000 2173 2136 2214 millia
2167 2187 2408 2214 marcarum

223 2244 391 2299 argenti
424 2243 572 2298 optimi
604 2243 927 2297 sterlingorum,
970 2256 1051 2283 ana
1090 2242 1320 2284 tresdecim
1353 2242 1475 2283 solid.
1508 2246 1551 2283 et
1583 2246 1765 2297 quatuor
1797 2241 1941 2284 denar.
1974 2256 2050 2297 per
2083 2255 2282 2284 marcam.
2346 2242 2411 2284 De

227 2313 379 2367 quibus
411 2317 608 2352 tenemur
640 2311 803 2352 solvere
836 2311 1002 2366 prefato
1035 2311 1240 2365 magistro
1265 2311 1394 2352 Petro
1427 2310 1596 2352 decimo
1629 2310 1697 2351 die
1729 2314 1827 2366 post
1855 2310 2214 2352 resurrectionem
2238 2309 2411 2352 Domini

224 2382 357 2436 primo
393 2386 613 2421 venturam
650 2394 725 2434 per
757 2379 937 2421 eandem
970 2379 1268 2429 indictionem,
1310 2394 1394 2420 una
1427 2394 1522 2420 cum
1555 2379 1750 2432 predicta
1782 2393 1925 2420 sorore
1958 2383 2122 2430 nostra,
2164 2380 2248 2420 tria
2277 2379 2413 2421 millia

225 2464 463 2490 mercarum
505 2449 670 2502 argenti
712 2449 1037 2503 sterlingorum,
1078 2453 1125 2489 ut
1157 2448 1318 2489 dictum
1351 2453 1428 2489 est.
1500 2448 1556 2489 Et
1594 2449 1678 2489 alia
1718 2448 1801 2489 duo
1844 2448 1978 2489 millia
2018 2452 2214 2489 tenemur
2246 2448 2412 2489 solvere

225 2518 440 2559 antedicto
488 2517 735 2572 imperatori
775 2518 842 2558 vel
892 2522 1008 2558 certo
1051 2518 1143 2558 eius
1188 2520 1343 2558 nuncio
1385 2518 1426 2558 in
1466 2517 1575 2558 festo
1618 2517 1734 2558 beati
1774 2516 1978 2558 Iohannis
2020 2516 2072 2558 de
2113 2530 2262 2558 mense
2300 2515 2415 2557 Iunii

226 2587 416 2627 eiusdem
451 2585 708 2626 indictionis.
772 2586 869 2626 Alia
902 2599 1002 2626 vero
1037 2586 1223 2640 quinque
1256 2585 1389 2626 millia
1422 2590 1621 2627 tenemur
1643 2585 1811 2626 solvere
1842 2585 2140 2640 prenominato
2164 2585 2413 2640 imperatori

128 2672 134 2688 ε
165 2673 205 2694 ῃ.
228 2656 291 2696 vel
324 2656 451 2696 certis
484 2655 648 2695 nunciis
683 2655 772 2695 eius
806 2655 848 2694 in
890 2655 1002 2695 festo
1036 2654 1150 2695 beati
1186 2654 1408 2695 Michaelis
1449 2654 1644 2709 proximo
1678 2658 1859 2696 venturo
1892 2668 2002 2695 none
2035 2653 2293 2696 indictionis,
2354 2653 2410 2694 Et

108 2722 202 2779 -Q,
226 2725 309 2765 alia
343 2724 528 2778 quinque
563 2723 696 2763 millia
729 2728 927 2763 tenemur
957 2722 1098 2764 eidem
1132 2724 1299 2764 solvere
1333 2724 1374 2763 in
1406 2724 1515 2764 festo
1549 2723 1709 2778 pasche
1734 2723 1921 2764 secundo
1954 2722 2097 2763 futuro
2130 2737 2207 2777 per
2229 2721 2413 2764 eandem

228 2807 381 2833 nonam
414 2792 702 2832 indictionem.
766 2791 821 2831 Et
852 2791 955 2831 item
989 2791 1073 2831 alia
1106 2791 1292 2846 quinque
1326 2791 1460 2832 millia
1491 2795 1688 2832 tenemur
1723 2791 1861 2832 eidem
1895 2792 2063 2832 solvere
2088 2791 2130 2831 in
2159 2791 2271 2832 festo
2295 2790 2414 2832 beati

91 2877 104 2889 β
128 2874 137 2884 *
228 2861 453 2902 Michaelis
487 2860 679 2914 proximo
711 2860 852 2900 futuro
886 2858 1049 2899 decime
1082 2859 1344 2901 indictionis,
1404 2859 1590 2914 Reliqua
1612 2873 1712 2900 vero
1745 2859 1894 2901 decem
1919 2859 2051 2900 millia
2073 2863 2270 2900 tenemur
2293 2862 2412 2899 ante-

229 2930 338 2970 dicto
380 2929 629 2983 imperatori
662 2929 730 2969 vel
771 2928 861 2969 eius
900 2933 1018 2968 certo
1059 2929 1214 2968 nuncio
1260 2929 1426 2969 solvere
1465 2929 1507 2968 in
1548 2928 1657 2969 festo
1698 2928 1859 2984 pasche
1894 2928 2089 2983 sequenti
2121 2941 2197 2983 per
2229 2926 2413 2968 eandem

83 3006 206 3060 ’,ΧΓ-ΜΒ.
231 2998 437 3039 decimam
471 2996 768 3037 indictionem.
802 2997 861 3036 ita
891 3000 937 3036 ut
969 2996 1021 3036 ab
1056 2997 1139 3037 ista
1171 2996 1334 3051 pascha
1366 3011 1500 3052 usque
1533 2997 1587 3038 ad
1619 2997 1728 3038 duos
1760 3011 1894 3038 annos
1928 2997 2163 3052 completos
2196 2995 2416 3038 antedicta

231 3067 399 3120 triginta
433 3066 563 3105 millia
595 3079 833 3105 marcarum
865 3065 1013 3119 optimi
1047 3069 1089 3105 et
1119 3065 1212 3119 puri
1245 3066 1410 3119 argenti
1435 3066 1741 3120 sterlingorum
1765 3067 1850 3106 sint
1873 3064 2011 3106 eidem
2035 3065 2204 3106 domino
2228 3065 2412 3120 impera-

230 3135 308 3174 tori
342 3143 413 3174 aut
447 3135 537 3174 eius
568 3133 799 3174 heredibus
825 3133 890 3173 vel
924 3134 1050 3173 certis
1083 3147 1230 3174 eorum
1263 3134 1427 3174 nunciis
1460 3135 1626 3188 integre
1659 3135 1904 3189 persoluta,
1939 3135 2058 3175 salvo
2091 3133 2204 3188 quod
2237 3133 2279 3173 in
2312 3146 2414 3187 quo-

230 3203 335 3243 libet
368 3202 654 3256 predictorum
686 3202 976 3242 terminorum.
1011 3207 1156 3256 preter
1188 3203 1384 3256 primum.
1418 3203 1535 3243 beati
1566 3203 1770 3243 Iohannis
1793 3202 1972 3252 scilicet,
2005 3201 2239 3242 debeamus
2263 3214 2411 3255 quam-

230 3271 332 3311 libet
372 3270 621 3310 solutionem
659 3270 803 3311 facere
844 3270 953 3310 infra
992 3284 1204 3317 mensem,
1251 3271 1563 3312 numerandum
1607 3286 1632 3312 a
1669 3271 1738 3312 die
1779 3272 1873 3326 ipsa
1911 3271 1953 3311 in
1995 3270 2210 3311 solutione
2252 3273 2414 3310 taxata.

232 3341 296 3392 (2)
330 3338 599 3378 Antedictam
632 3342 774 3378 autem
808 3339 1055 3392 pecuniam,
1096 3344 1241 3393 preter
1273 3340 1410 3393 prima
1442 3340 1524 3380 tria
1556 3340 1689 3380 millia
1722 3352 1981 3389 marearum,
2020 3342 2217 3379 tenemur
2247 3337 2414 3378 solvere

232 3405 446 3446 antedicto
480 3407 725 3459 imperatori
755 3407 821 3447 vel
855 3407 925 3447 alii
959 3421 1034 3461 pro
1070 3412 1190 3462 parte
1224 3421 1301 3448 sua
1333 3408 1448 3462 apud
1483 3407 1678 3449 London.
1712 3408 1766 3448 in,
1792 3421 1924 3461 regno
1957 3406 2130 3461 Anglie‚
2161 3406 2222 3447 ita
2252 3410 2299 3446 ut
2330 3419 2415 3446 non

370 3508 453 3541 1⁸9.
489 3508 518 3548 b)
545 3509 659 3540 dotum
687 3507 717 3541 2.
837 3515 864 3551 (⁷)
890 3510 995 3542 dictas
1020 3509 1051 3542 2.
1170 3509 1202 3551 d)
1229 3512 1356 3543 Datum
1382 3511 1412 3543 2.

374 3599 403 3630 11
433 3598 481 3637 Cf.
510 3598 641 3631 Iitteras
665 3597 930 3631 adhortatorias
959 3598 1118 3642 Greyorii
1144 3599 1214 3632 IX.
1242 3599 1288 3632 ad
1312 3610 1420 3643 reyem
1443 3598 1547 3633 datas
1577 3611 1610 3633 ιι.
1632 3603 1724 3633 1234.
1753 3598 1835 3633 Dec.
1856 3604 1875 3633 5
1899 3597 1998 3642 apud
2024 3597 2217 3643 Rymerum
2242 3597 2272 3640 Ι,
2293 3603 2321 3640 1,
2335 3602 2416 3638 220,-

237 3655 399 3688 Parthas-t
425 3659 516 3688 9790.

2448 903 2479 927 10

2448 1376 2479 1401 15

2448 2117 2480 2143 25

2448 2461 2482 2487 30

2448 2804 2481 2830 35

2449 3518 2481 3543 45
