2558 3970
183 143 254 182 102
604 136 844 171 FlllliEnlul
876 136 916 169 ll.
944 135 1370 169 coNs'rl'rlf'rloNlcs
1423 137 1520 168 1220.
1563 137 1659 168 1221.
1710 136 1770 168 Nr.
1791 138 1845 170 50.
1871 136 1926 170 81.

175 255 333 293 silium.
380 252 635 293 adiutorium
679 252 743 291 vel
790 252 991 290 favorem.
1055 248 1111 288 Et
1154 253 1238 289 tam
1285 249 1337 289 de
1380 255 1519 290 castro
1560 249 1752 303 predicto
1795 263 1921 303 quam
1965 249 2016 290 de
2058 251 2152 291 aliis
2195 253 2359 298 eastris,

173 323 335 361 scilicet
369 321 640 374 Pegugnag.=-‘
674 329 714 359 et
738 317 955 359 Bonden.¹¹
989 331 1153 357 necnon
1187 317 1238 357 de
1271 322 1360 358 toto
1398 319 1491 372 ipso
1525 318 1743 368 comitatu,
1776 317 1934 372 podere
1978 332 2027 358 ac
2070 320 2196 360 terris
2229 322 2360 361 comi-

173 391 275 429 tisse
311 389 519 444 predicte.
559 388 695 427 dictos
739 387 1015 442 cappellanos
1048 386 1219 426 nomine
1251 385 1444 426 Romane
1479 385 1662 426 ecclesie
1692 385 1987 426 investivimus
2027 390 2070 427 et
2101 401 2174 428 eos
2200 389 2357 429 consti-

173 458 328 497 tuimus
370 469 646 511 possessores
694 462 734 496 et
776 454 1075 494 mandavimus
1116 453 1168 494 de
1212 454 1364 494 castris
1405 453 1611 508 predictis
1659 467 1735 508 per
1774 454 2063 495 venerabilem
2109 456 2358 511 episcopum

172 524 483 564 'sani-inensem
517 524 721 564 vicarium
767 526 958 563 nostrum
1002 523 1042 562 in
1077 522 1341 576 corporalem
1382 522 1703 576 possessionem
1742 521 1906 569 induci;
1947 524 2237 578 precipientes
2270 530 2356 566 tam

173 592 376 632 militibus
421 601 462 632 et
506 590 820 631 habitatoribus
859 596 1097 631 castrorum
1144 591 1332 644 ipsorum
1374 603 1501 644 quam
1550 589 1747 630 omnibus
1792 590 1886 630 aliis
1925 591 2122 632 vassallis
2173 591 2225 633 de
2266 593 2358 647 ipso

172 661 374 700 comitatu
419 674 494 700 seu
538 659 662 699 terris
697 664 739 699 ct
784 658 956 714 poderis
998 659 1210 699 comitisse
1252 658 1434 712 prefate,
1478 672 1584 712 quos
1618 672 1766 699 omnes
1801 658 1852 698 ad
1886 673 2063 713 presens
2096 660 2359 702 absolvimus

171 729 223 768 ab
257 729 370 768 omni
404 729 642 768 iuramento
677 741 758 781 qno
792 728 915 767 nobis
958 732 1160 768 tenentur
1201 727 1366 767 ratione
1406 731 1617 767 terrarum
1654 727 1857 781 ipsarum,
1896 727 2009 782 quod
2041 727 2168 770 dictis
2201 730 2359 770 nuntiis

171 797 326 837 domini
369 811 477 852 pape
511 797 577 837 vel
622 797 746 836 alteri
787 811 931 837 eorum
978 810 1053 837 seu
1097 795 1272 836 cuilibet
1303 795 1374 835 alii
1407 795 1459 836 ab
1501 795 1684 836 ecclesia
1728 794 1923 836 Romana
1961 796 2110 847 misso,
2153 797 2359 839 abiuratis

171 866 265 905 aliis
299 865 550 906 iuramentis
576 865 796 905 contrariis
820 865 928 909 istis,
962 869 1155 919 prestent
1178 863 1398 904 fidelitatis
1422 864 1593 904 nomine
1615 863 1811 904 Romane
1835 865 2017 906 ecclesie
2048 866 2356 914 iuramentum;

171 934 282 988 quod
317 935 351 973 si
386 948 466 974 non
500 933 694 974 fecerint.
729 933 866 973 sciant
900 947 944 973 se
970 947 1025 973 ex
1056 946 1167 973 nunc
1201 932 1398 973 omnibus
1422 932 1543 973 bonis
1568 933 1810 983 comitatus,
1840 933 2014 988 poderis
2038 934 2127 975 sive
2150 939 2360 976 terrarum

171 1003 223 1041 ab
265 1002 423 1043 eisdem
470 1002 678 1056 possessis
727 1001 804 1041 hac
852 1006 999 1042 nostra
1038 1001 1254 1042 sententia
1296 1001 1336 1040 in
1369 1005 1624 1055 perpetuum
1663 1001 1751 1042 fore
1787 1001 1996 1056 privatos:
2045 1007 2087 1043 et
2127 1003 2285 1045 milites
2318 1008 2362 1045 et

173 1070 435 1111 habitatores
469 1071 602 1124 ipsius
628 1071 752 1110 castri
779 1069 987 1123 Gonzaige
1020 1069 1208 1124 desuper
1241 1069 1436 1124 ponimus
1469 1069 1509 1108 in
1533 1074 1741 1124 perpetuo
1772 1069 1912 1111 banno
1945 1075 2105 1112 nostro.
2154 1071 2362 1113 Preterea

173 1140 432 1193 iniungimus
465 1139 643 1179 firmiter
674 1144 715 1178 et
747 1137 999 1178 mandamus
1034 1135 1337 1191 potestatibus,
1372 1135 1619 1176 consulibus
1653 1150 1729 1176 seu
1761 1137 1999 1178 rectoribus
2032 1138 2250 1179 civitatum
2283 1139 2362 1179 sub

173 1222 281 1262 pena
316 1208 431 1248 mille
467 1207 749 1258 marcharum,
782 1212 828 1247 ut
858 1220 1006 1246 omnes
1030 1205 1329 1260 possessiones
1364 1204 1603 1255 comitatus,
1636 1204 1817 1259 predicti
1850 1205 2045 1246 detentas
2078 1206 2130 1247 ab
2153 1207 2257 1262 ipsis
2282 1206 2360 1248 sub

171 1290 280 1330 pena
315 1276 505 1331 predicta
539 1276 654 1316 mille
689 1275 962 1315 marcharum
997 1274 1088 1314 sine
1115 1272 1366 1313 difficultate
1399 1286 1448 1314 ac
1481 1287 1599 1313 mora
1622 1274 1850 1314 restituant
1882 1278 1924 1314 et
1956 1274 2181 1315 absolvant
2213 1289 2361 1318 omnes

172 1345 367 1385 homines
400 1344 452 1385 de
486 1345 690 1385 comitatu
724 1349 766 1385 et
797 1343 922 1384 terris
956 1341 1163 1397 predictis
1196 1341 1249 1382 ab
1283 1341 1397 1382 omni
1427 1342 1680 1392 iuramento,
1711 1341 1907 1382 districtu
1940 1347 1982 1383 et
2013 1342 2362 1398 obligationibus,

170 1413 325 1466 quilius
352 1414 514 1453 ratione
537 1413 716 1453 alicuius
740 1411 1060 1460 iurisdictionis,
1085 1424 1212 1465 quam
1235 1410 1446 1451 hactenus
1472 1415 1760 1451 exercuerunt
1781 1411 1823 1450 in
1847 1425 1934 1462 eos,
1958 1416 2159 1452 tenentur
2177 1412 2361 1463 eisdem3

171 1490 211 1520 et
245 1488 496 1522 removeant
525 1482 737 1522 consules.
771 1485 973 1523 rectores,
997 1480 1163 1520 baiulos
1197 1483 1239 1520 et
1273 1479 1306 1519 si
1331 1492 1434 1532 quos
1468 1479 1672 1519 officiales
1705 1479 1927 1533 posuerint
1959 1480 2000 1520 in
2034 1481 2108 1531 eis,
2140 1485 2182 1521 et
2215 1486 2359 1522 extra-

170 1550 273 1590 hant
306 1564 598 1605 quoscumque
632 1554 870 1605 posuerunt
903 1549 945 1588 in
978 1548 1120 1589 banno
1155 1547 1207 1589 de
1240 1548 1368 1589 terris
1402 1548 1527 1602 ipsis:
1569 1548 1648 1588 sub
1682 1548 1863 1589 obtentu
1894 1548 2111 1590 fidelitatis
2145 1553 2189 1591 et
2219 1551 2357 1604 gratie

171 1626 314 1659 nostre
349 1620 451 1673 ipsis
484 1619 784 1659 nichilominus
819 1618 1108 1671 iniungentes,
1141 1622 1188 1657 ut
1220 1616 1342 1657 dictis
1377 1616 1645 1671 cappellanis
1669 1616 1738 1657 vel
1762 1631 1907 1657 eorum
1939 1618 2064 1658 alteri
2088 1631 2163 1659 seu
2186 1619 2363 1661 cuilibet

170 1688 241 1728 alii
274 1688 326 1728 ad
361 1688 438 1728 hoc
472 1688 492 1727 a
528 1691 677 1727 sancta
702 1686 898 1727 Romana
932 1686 1117 1727 ecclesia
1150 1685 1363 1726 destinato
1397 1685 1452 1726 ad
1483 1685 1754 1726 retinendam
1777 1687 2099 1740 possessionem
2133 1692 2359 1740 terrarum,

169 1770 274 1810 quas
320 1757 493 1800 liabent,
543 1762 584 1796 et
630 1755 983 1810 recuperandam,
1023 1768 1151 1809 quam
1190 1767 1276 1795 non
1318 1754 1501 1804 habent,
1549 1758 1745 1809 prestent
1784 1755 2005 1806 auxilium,
2053 1756 2279 1797 consilium
2320 1762 2363 1799 et

169 1826 375 1865 favorem.
440 1825 600 1865 Verum
644 1825 741 1879 quia
785 1824 868 1879 ipsi
906 1824 982 1865 filii
1015 1824 1224 1864 dictorum
1258 1824 1459 1864 comitum
1492 1827 1683 1864 nostram
1717 1827 2068 1878 contempserunt
2101 1827 2360 1867 sententiam

169 1902 209 1932 vt
243 1893 507 1933 mandatum.
551 1893 787 1948 predictum
828 1897 1016 1933 castrum
1056 1893 1165 1933 infra
1208 1893 1437 1933 terminum
1482 1891 1562 1932 sibi
1594 1891 1741 1932 datum
1774 1906 2045 1947 nequaquam
2078 1897 2124 1933 ut
2157 1895 2356 1949 superius

171 1962 327 2015 legitur
359 1963 643 2016 resignantes,
678 1966 866 2002 nostram
901 1962 1218 2016 promulgatam
1245 1962 1504 2002 sententiam
1530 1966 1679 2002 contra
1702 1961 1817 2016 ipsos
1842 1966 1883 2001 et
1909 1975 2058 2002 omnes
2080 1962 2185 2004 alios
2209 1957 2361 2005 deten-

169 2036 282 2070 tores
317 2031 544 2071 comitatus
586 2030 767 2086 predicti
807 2030 979 2085 poderis
1012 2044 1087 2071 seu
1121 2031 1251 2071 etiam
1294 2034 1503 2070 terrarum
1536 2031 1578 2070 in
1612 2034 1759 2070 nostra
1797 2030 1972 2085 publica
2004 2031 2121 2072 curia
2152 2031 2363 2086 publicari

170 2099 362 2140 fecimus.
404 2103 444 2138 et
483 2103 529 2138 ut
569 2099 690 2139 firma
724 2113 893 2154 semper
925 2104 966 2140 et
998 2100 1249 2140 inconvulsa
1281 2097 1594 2154 permaneanti,
1631 2099 1872 2140 maiestatis
1905 2103 2049 2141 nostre
2083 2114 2213 2142 aurea
2245 2101 2363 2142 bulla

169 2167 372 2207 iussimus
406 2168 671 2208 communiri.

312 2235 532 2290 Principes
556 2240 699 2276 autem
722 2237 888 2291 imperii
924 2240 966 2277 ct
999 2236 1152 2291 prelati
1184 2240 1226 2276 et
1257 2236 1423 2276 nobiles
1448 2236 1591 2287 Italic,
1623 2236 1777 2291 quibus
1811 2237 2086 2291 presentibus
2115 2237 2196 2278 hec
2219 2239 2362 2280 omnia

170 2310 265 2344 acta
299 2310 409 2355 sunt,
446 2303 577 2359 {sunt}
613 2305 690 2345 hii:
725 2306 971 2360 patriarcha
994 2306 1310 2360 Aquilegensis,
1335 2304 1555 2346 Conradus
1580 2306 1789 2346 Metensis
1823 2311 1865 2347 et
1890 2305 2103 2361 Spirensis
2137 2307 2363 2362 episcopus

170 2374 400 2427 imperialis
441 2374 536 2413 aule
579 2373 862 2414 cancellarius
908 2379 950 2414 et
993 2375 1128 2415 tocius
1174 2374 1298 2415 Italic
1337 2375 1524 2428 legatum
1559 2375 1789 2430 episcopus
1832 2374 2118 2426 Patauiensis,
2153 2374 2362 2430 Syfredus

171 2443 457 2496 Augustensis
512 2443 759 2497 episcopus.
808 2443 1015 2484 Albertus
1064 2443 1435 2485 Tridentinensisk
1483 2444 1734 2499 episcopus,
1782 2443 2012 2484 Bertoldus
2062 2444 2362 2498 Brissinensis,

171 2510 304 2551 abbas
337 2511 631 2563 Augenensis,
672 2511 928 2552 Lodowicus
961 2512 1049 2553 dux
1080 2512 1279 2554 Bawarie
1313 2517 1355 2553 et
1389 2526 1533 2554 comes
1565 2513 1780 2568 palatinus
1812 2511 1937 2564 Reni,
1970 2512 2202 2553 Anselmus
2235 2514 2362 2554 mari-

171 2579 335 2619 scalcus
385 2580 570 2634 imperii.
622 2585 663 2620 ct
704 2579 954 2621 Guarnerus
996 2581 1048 2622 de
1091 2581 1317 2622 Bollandia
1367 2581 1665 2632 senescalcus,
1715 2580 1944 2635 episcopus
1987 2580 2268 2622 Taurinensis
2316 2586 2359 2623 et

172 2646 294 2687 ltalie
333 2647 532 2689 vicarius.
574 2648 619 2689 F.
662 2649 891 2704 papiensis
936 2650 1179 2704 episcopus,
1221 2648 1272 2692 O.
1305 2649 1547 2690 Laudensis
1589 2650 1830 2704 episcopus,
1874 2649 1931 2689 M.
1965 2648 2222 2690 Mutinensis
2266 2651 2359 2706 epi-

172 2729 339 2771 scopus.
383 2716 597 2757 Henricus
640 2717 926 2758 Bononiensis
961 2719 1203 2774 episcopus,
1245 2719 1336 2759 Azo
1379 2719 1565 2758 marchio
1594 2718 1808 2767 EstensiS,
1847 2717 2047 2758 Matheus
2079 2717 2131 2758 de
2165 2717 2361 2773 Corrigia

171 2789 363 2838 potestas
402 2785 650 2839 Papiensis,
691 2786 824 2841 Niger
856 2786 1076 2828 Marianus
1116 2791 1311 2842 potestas
1345 2787 1608 2839 Parmensis,
1647 2786 1806 2827 Birrita
1845 2791 2037 2842 potestas
2070 2785 2360 2841 Reginensis¹,

173 2852 350 2906 Egidius
384 2859 577 2908 potestas
610 2854 882 2907 Mutinensis,
918 2856 1045 2897 Tisus
1079 2856 1131 2897 de
1166 2856 1328 2912 Campo
1362 2857 1500 2897 sancti
1532 2856 1649 2897 Petri
1683 2860 1725 2897 et
1757 2856 1832 2897 alii
1864 2855 2021 2910 plures.

315 2921 414 2962 Dat.
448 2923 489 2962 in
523 2924 674 2963 castris
715 2924 828 2979 apud
863 2924 1068 2965 Sanctum
1101 2924 1308 2976 Leonem,
1350 2929 1501 2965 octavo
1534 2924 1631 2965 Kal.
1666 2923 1840 2965 Octobr.
1874 2928 1916 2965 et
1947 2923 2211 2979 publicatum
2243 2923 2356 2980 apud

174 2989 464 3044 Spinlabercm
494 2991 630 3046 pridie
655 2991 752 3035 Kal.
780 2994 942 3033 mensis
976 2993 1182 3045 eiusdem,
1216 3007 1326 3034 anno
1358 2993 1516 3034 domini
1550 2993 1779 3034 millesimo
1813 2992 2107 3033 ducentesimo
2139 2992 2361 3044 vicesimo,

174 3057 406 3097 indictione
439 3064 605 3100 octava.

314 3125 401 3165 Nos
441 3132 582 3167 autem
627 3142 700 3181 pre
742 3130 874 3170 oculis
916 3130 1127 3170 habentes
1163 3129 1407 3171 dilectionis
1442 3134 1483 3171 et
1516 3131 1652 3185 gratie
1686 3132 1929 3186 puritatem,
1972 3143 2096 3184 quam
2141 3128 2359 3184 predictus

174 3200 293 3248 pater
332 3201 476 3234 noster
517 3210 705 3236 summus
746 3198 941 3252 pontifex
980 3199 1019 3238 in
1054 3203 1202 3239 nostra
1242 3200 1505 3253 promotione
1540 3199 1812 3240 laudabiliter
1844 3199 2110 3253 dignoscitur
2139 3197 2359 3249 habuisse,

174 3271 215 3302 ct
255 3261 365 3316 quod
404 3262 455 3301 de
497 3263 606 3303 bono
648 3265 688 3304 in
728 3266 880 3306 melius
922 3266 974 3306 ad
1017 3267 1333 3307 exaltacionem
1367 3271 1554 3307 nostram
1598 3266 1792 3318 intendit,
1827 3267 2033 3322 scriptum
2064 3267 2217 3321 ipsum,
2250 3266 2359 3307 sicut

174 3331 416 3370 continetur
457 3333 667 3385 superius.
713 3334 1015 3375 confirmamus
1055 3339 1096 3374 et
1128 3335 1325 3375 volumus
1359 3335 1412 3375 ab
1448 3335 1644 3376 omnibus
1684 3335 1917 3377 observari.
1978 3334 2034 3375 Et
2065 3334 2119 3375 ad
2151 3334 2358 3375 maiorem

175 3399 445 3438 securitatem
481 3413 656 3453 presens
690 3403 893 3456 scriptum
926 3402 1016 3443 fieri
1051 3403 1230 3443 fecimus
1253 3403 1371 3444 bulla
1393 3417 1524 3445 aurea
1546 3404 1720 3459 typario
1736 3408 1879 3445 nostre
1903 3402 2139 3444 maiestatis
2161 3402 2357 3457 inpressa

174 3466 400 3506 firmatum.

310 3567 371 3601 80.
398 3567 458 3602 Sl.
495 3574 525 3609 gs,
552 3571 750 3614 Pegugnag',
777 3573 886 3604 littera
913 3586 935 3615 g
962 3574 1077 3606 ultima
1105 3586 1193 3606 corr.
1219 3586 1259 3607 ac
1285 3587 1305 3606 n
1332 3588 1380 3606 or.
1475 3573 1507 3611 ¹¹)
1535 3575 1672 3607 Bentleii
1693 3586 1754 3615 0¹12,
1780 3575 1834 3606 uhi
1851 3581 1884 3607 et
1903 3575 2041 3607 ssunden
2059 3574 2107 3604 bis
2124 3573 2250 3615 sci-[pla
2267 3577 2354 3605 sunl.

174 3626 180 3648 1'
223 3627 268 3658 sic
295 3638 343 3658 or.
462 3624 495 3665 k)
522 3627 710 3660 Tridentin.
741 3641 785 3661 ar.
905 3629 928 3669 ¹)
954 3632 1073 3673 Regin.
1100 3643 1147 3663 ον.
1267 3638 1309 3672 ’0)
1336 3622 1491 3674 Spinlab}
1519 3644 1568 3664 or.

2395 876 2427 901 10

2397 1217 2428 1242 15

2394 1559 2428 1585 20

2395 1902 2428 1928 25

2398 2253 2431 2278 30

2396 2595 2428 2620 35

2394 3277 2426 3302 45

2395 3633 2427 3660 50
