2558 3970
179 200 258 237 552
312 195 560 229 MANFHEbl
583 194 722 228 uhjuls
745 193 870 227 1ῚίοΜ
880 193 982 227 ULG.
999 193 1179 227 VICARH
1199 192 1373 227 GENER.
1394 193 1485 227 PER
1504 193 1683 228 MARCH.
1699 192 1926 227 ANCONIT.
1953 194 2051 228 1258.
2077 193 2226 228 Nr.421.

721 451 845 519 421.
898 449 1477 521 MANFREDI
1520 449 1821 521 REGIS

348 561 1115 632 PROMULGATIO
1159 563 1556 634 VICARH
1599 563 2190 636 GENERALIS

186 677 370 747 PER
413 676 979 747 MARCIHAM
1020 677 1809 759 ANCONITANAM
1852 676 2364 750 DUCATUM

598 790 1012 861 SPOLETJ*
1057 792 1182 863 ET
1226 792 1947 864 ROMANIOLAM.

1130 929 1271 976 1258.
1312 928 1417 976 Oct.

320 1071 511 1111 Edictum
552 1072 735 1122 superest
781 1070 824 1109 in
865 1072 1118 1110 trcmsszcmto
1155 1070 1289 1122 ‘ipsius
1328 1072 1478 1113 vicarii
1514 1072 1721 1125 qemi-atis
1762 1071 1991 1113 Percivallz·
2021 1071 2069 1113 de
2100 1071 2242 1112 Auria
2271 1070 2368 1112 dato

182 1144 297 1181 1259.
331 1139 463 1180 nno-t.
489 1143 514 1175 ‘i
544 1139 656 1189 lesit}
691 1141 734 1179 in
767 1139 974 1179 tabulario
1007 1139 1226 1191 ηιρσηὶείρίί
1256 1140 1475 1181 Fabricmo
1506 1142 1733 1190 asservato,
1765 1140 1876 1193 (saed
1905 1140 2123 1191 ezescripsit
2153 1139 2239 1180 iam
2269 1139 2365 1180 olim

176 1209 207 1251 I».
234 1224 283 1250 m.
308 1208 559 1249 Butlemann.
625 1208 754 1249 Θυίης·
785 1209 1016 1260 (κατηιμῖανὶ
1055 1222 1132 1249 usa
1170 1211 1229 1249 est
1259 1209 1382 1250 etiam
1412 1209 1535 1251 editio
1570 1210 1766 1261 princeps
1798 1210 1883 1250 ¹etri
1913 1210 1961 1250 el.
1989 1208 2286 1252 Winkelmmm
2320 1208 2366 1248 in

175 1279 292 1318 ,lctis
327 1277 488 1330 imperii
521 1276 687 1317 ineditis
718 1277 753 1327 Ι,
776 1279 858 1317 415
891 1290 955 1319 ur.
980 1279 1078 1320 498.
1139 1278 1377 1319 Sententiae
1401 1281 1643 1331 potestatem
1676 1279 1823 1319 vicarii
1852 1277 2113 1330 respicientes
2134 1279 2364 1330 conyrmmt

175 1360 261 1386 acm
296 1345 490 1385 »eandam
526 1358 655 1398 snpra
689 1358 751 1386 ην.
774 1346 860 1385 217
890 1344 1012 1396 edito,
1050 1346 1152 1397 finis
1187 1349 1324 1387 autem
1360 1360 1450 1387 eum
1492 1346 1689 1388 waandato
1720 1360 1785 1389 nr.
1808 1348 1905 1387 344.
1948 1371 2000 1376 —-
2038 1345 2232 1396 Bo'lzmer,
2263 1345 2362 1399 Rey.

178 1417 270 1466 [nep.
305 1415 348 1456 Γ
371 1417 495 1454 4601.
1989 1414 2059 1469 (P.
2082 1415 2224 1467 deest.)

318 1528 554 1569 Manfridus
596 1528 679 1569 Dei
718 1529 857 1583 gratia
896 1543 972 1570 rex
1016 1529 1162 1570 Sicilie
1203 1531 1381 1585 prelatis
1425 1530 1724 1582 ecelesiarum,
1769 1529 2021 1581 comitibus,
2061 1528 2364 1585 potestatibus,

178 1599 427 1653 ‹⁷¹2ipitaneis.
463 1598 665 1639 consiliis.
701 1598 1080 1640 communitatibus
1113 1603 1322 1640 terrarum
1356 1605 1399 1640 et
1429 1599 1641 1640 universis
1675 1612 1751 1655 per
1775 1599 2009 1640 marchiam
2034 1597 2366 1649 Anconitanam,

175 1667 378 1708 ducatum
413 1667 579 1722 Spoleti
614 1671 655 1707 et
690 1666 1016 1721 Boinag-niolam
1057 1668 1325 1719 constitutis,
1369 1667 1570 1709 fidelibus
1603 1671 1645 1708 et
1677 1668 1843 1710 devotis
1876 1668 1985 1720 suis,
2026 1668 2210 1723 gratiam
2242 1681 2364 1709 suam

175 1745 216 1777 et
250 1750 375 1777 omne
407 1736 578 1777 bonum.

320 1804 432 1845 Dum
469 1805 628 1845 clarum
662 1804 744 1845 divi
778 1805 981 1859 augustia
1013 1804 1173 1846 domini
1218 1806 1352 1860 patris
1385 1805 1520 1846 nostri
1553 1806 1842 1861 propositum,
1883 1805 1996 1861 quod
2029 1806 2142 1847 eirca
2172 1805 2362 1860 regionis

179 1873 370 1914 ciusdem
405 1873 597 1927 regimen
631 1873 894 1923 versabatur,
936 1874 1115 1914 memori
1151 1874 1430 1915 meditatione
1463 1879 1718 1930 pensantes,
1765 1874 1925 1916 sedatis
1958 1875 2042 1915 iam
2076 1875 2197 1929 regni
2229 1874 2365 1916 turbi-

178 1942 362 1982 dinibus.
387 1943 496 1996 queb
513 1955 637 1982 curas
655 1946 822 1983 nostras
847 1942 1054 1983 hactenus
1079 1943 1368 1997 requirebant,
1394 1957 1497 1998 erga
1515 1944 1671 1985 bonum
1691 1949 1734 1985 et
1755 1944 1979 2000 pacificum
2000 1948 2158 1985 statum
2177 1947 2367 1986 vestrum

177 2019 354 2065 paterne
389 2010 685 2051 sollicitudinis
724 2011 912 2052 libenter
944 2012 1152 2053 efficimur
1184 2026 1462 2054 successores
1496 2016 1539 2054 et
1570 2017 1788 2068 tamquam
1827 2013 2055 2055 liberiores
2089 2013 2214 2054 solito
2246 2012 2365 2067 eogi-

178 2087 329 2119 tanius.
359 2080 542 2133 qualiter
574 2080 709 2134 ipsam
736 2080 814 2120 sub
836 2080 970 2121 felicis
993 2081 1127 2121 nostri
1152 2080 1330 2122 dominii
1354 2085 1550 2137 tempore
1574 2082 1806 2123 salubriter
1831 2082 2133 2130 reformemus;
2166 2085 2213 2122 ut
2233 2081 2364 2136 igitur

179 2158 263 2189 tam
286 2148 512 2189 laudabilis
537 2148 788 2189 intentionis
811 2154 958 2190 nostre
983 2150 1251 2205 propositum
1275 2149 1510 2191 efficaciter
1531 2164 1861 2206 prosequamur:
1893 2164 1993 2192 ecce
2016 2150 2204 2192 nobilem
2227 2150 2365 2191 virum

178 2217 461 2257 Percivallum
507 2217 558 2257 de
592 2217 745 2268 Auria,
789 2217 993 2258 dilectum
1033 2218 1225 2270 affinem,
1271 2219 1434 2260 socium
1472 2219 1730 2260 familiarem
1763 2223 1807 2261 et
1844 2219 2018 2261 fidelem
2050 2223 2263 2271 nostrum,
2313 2218 2366 2260 de

179 2286 296 2325 cuius
339 2285 566 2326 industria.
612 2286 693 2326 fide
737 2291 778 2327 et
820 2286 1049 2341 prudentia
1091 2288 1220 2342 plene
1263 2287 1515 2328 confidimus
1547 2288 1600 2328 ab
1634 2292 1832 2343 experte,
1877 2289 2084 2329 vicarium
2115 2288 2367 2343 generalem

178 2355 309 2408 ipsius
343 2355 563 2409 provincie
597 2354 796 2396 duximus
830 2355 1106 2397 statuendum
1140 2360 1182 2397 et
1213 2355 1266 2397 ad
1291 2371 1366 2398 vos
1400 2360 1619 2412 tamquam
1641 2371 1843 2411 magnam
1873 2357 2020 2398 lateris
2045 2357 2178 2398 nostri
2201 2360 2368 2412 partem

180 2423 424 2477 specialiter
447 2423 727 2467 destinamus,
762 2424 933 2479 plenam
955 2425 1270 2475 auctoritatem,
1303 2425 1652 2476 iurisdietionem,
1675 2439 1840 2467 merum
1864 2439 1914 2467 ac
1938 2426 2112 2466 mistum
2134 2425 2363 2480 imperium

179 2491 463 2532 concedentes
498 2491 652 2542 eidem,
686 2496 731 2532 ut
753 2493 846 2533 loeo
871 2497 914 2533 et
935 2493 1026 2534 vice
1051 2494 1185 2534 nostri
1209 2507 1285 2548 pro
1310 2494 1472 2534 salubri
1496 2494 1803 2535 reformatione
1825 2495 2013 2549 regionis
2043 2494 2177 2549 ipsius
2201 2493 2365 2535 iustitie

179 2561 345 2614 copiam
379 2561 557 2615 singulis
591 2560 905 2612 administrans,
938 2561 1087 2602 fideles
1120 2562 1162 2602 in
1195 2562 1306 2603 bono
1338 2567 1381 2603 et
1412 2563 1591 2618 pacifico
1621 2566 1736 2604 statu
1768 2562 1915 2604 faveat
1938 2567 1981 2604 et
2003 2563 2234 2618 tranquillo
2258 2575 2362 2603 eon-

180 2634 339 2679 servet,
381 2635 421 2669 et
453 2635 499 2669 ut
531 2630 790 2670 facinorosos
823 2630 1166 2671 animadvertere
1200 2631 1362 2682 valeat,
1404 2631 1536 2686 gladii
1570 2631 1651 2672 sibi
1683 2631 1880 2673 dedimus
1912 2635 2194 2686 potestatem,
2237 2631 2365 2686 plena

180 2697 482 2738 nichilominus
516 2699 554 2739 ei
586 2698 741 2739 tradita
774 2701 991 2754 potestate
1025 2699 1197 2740 creandi
1229 2699 1391 2740 iudices
1425 2704 1468 2741 et
1500 2700 1769 2751 tabelliones,
1803 2700 1933 2741 dandi
1965 2704 2130 2742 tutores
2163 2704 2205 2741 et
2237 2714 2361 2742 cura-

180 2773 291 2807 tores
334 2773 375 2807 et
417 2767 718 2821 interponendi
757 2767 933 2809 decreta
964 2782 1012 2808 ae
1045 2767 1097 2809 de
1131 2768 1464 2823 apellationibus
1505 2769 1815 2823 cognoscendi,
1859 2769 2056 2824 quotiens
2090 2769 2133 2810 in
2165 2769 2363 2810 civilibus

181 2835 243 2874 vel
277 2835 566 2876 criminalibus
600 2836 738 2876 causis
770 2836 822 2877 ab
847 2835 1069 2878 ordinariis
1093 2836 1305 2877 iudicibus
1329 2837 1459 2878 fuerit
1482 2838 1767 2892 appellatum3
1802 2838 2102 2894 promittentes
2126 2852 2202 2879 nos
2226 2842 2367 2879 ratum

182 2902 398 2943 habituros
432 2909 473 2944 et
505 2904 671 2944 firmum
705 2908 747 2945 et
779 2904 1085 2945 inviolabiliter
1108 2909 1366 2957 servaturos,
1400 2906 1602 2961 quicquid
1635 2906 1750 2948 idem
1775 2907 1960 2948 vicarius
1983 2910 2131 2948 noster
2153 2905 2364 2947 universi-

180 2972 338 3012 tatibus
372 2981 412 3011 ct
445 2972 822 3014 communitatibus
856 2977 1063 3014 terrarum
1097 2978 1170 3014 aut
1204 2974 1494 3028 singularibus
1525 2975 1723 3030 personis
1746 2974 1993 3030 promiserit
2017 2978 2059 3015 et
2081 2978 2168 3014 tam
2190 2987 2267 3028 per
2289 2987 2366 3014 sua

180 3040 404 3093 privilegia
450 3054 575 3094 quam
614 3041 695 3081 alio
736 3041 861 3082 modo
896 3042 1143 3083 convenerit
1176 3056 1271 3083 cum
1305 3042 1486 3095 eisdem,
1529 3044 1617 3084 acsi
1649 3058 1726 3084 nos
1759 3043 1841 3098 ipsi
1873 3046 2010 3084 totum
2043 3043 2124 3084 hoo
2157 3055 2363 3097 persona-

180 3108 276 3148 liter
316 3110 570 3149 faceremus.
639 3116 817 3157 Quocirca
861 3117 1098 3152 devotionem
1138 3119 1299 3151 vestram
1339 3118 1561 3162 requirimus
1602 3116 1644 3153 et
1685 3112 1907 3154 hortamur
1943 3119 2090 3152 attente
2131 3117 2363 3160 mandantes,

181 3189 361 3225 «piat-:nm
396 3177 447 3217 (lc
489 3178 698 3218 universis
733 3184 774 3219 ct
819 3180 1019 3233 singulis,
1061 3198 1131 3230 quc
1166 3186 1211 3219 ad
1243 3186 1359 3230 ipsius
1392 3187 1534 3222 vicarie
1567 3187 1730 3222 officium
1769 3188 1937 3232 spectare
1969 3187 2183 3228 noscuntur,
2226 3179 2366 3220 eidem

182 3244 418 3285 l'crcivallo
461 3252 593 3287 ‹lex-ete
637 3261 787 3301 parere
838 3252 878 3288 et
925 3254 1117 3289 intendere
1160 3254 1341 3290 studeatis
1387 3254 1605 3304 tamquam
1651 3250 1806 3290 vicario
1852 3249 1987 3304 ipsius
2029 3248 2247 3303 provincie
2291 3261 2368 3303 per

184 3323 368 3352 nostram
388 3312 764 3368 Linagnificcntiam
798 3317 1042 3358 constituto.

326 3381 481 3422 Datum
515 3383 627 3438 apud
655 3384 816 3425 Lacum
848 3385 1064 3426 Pensilem
1096 3400 1173 3441 per
1204 3400 1354 3427 manus
1388 3385 1587 3428 Gualteri
1618 3387 1671 3428 de
1701 3386 1825 3437 Ocra,
1862 3399 2092 3441 regnorum
2124 3384 2362 3427 Ierusalem

2401 1362 2434 1386 10

2402 1755 2434 1780 15

2401 2097 2434 2121 20

2402 2437 2433 2463 25

2401 2787 2434 2812 30

2400 3127 2431 3152 35

185 3460 224 3489 ct
258 3449 401 3490 Sicilie
435 3452 691 3503 cancellarii,
725 3467 836 3494 anno
860 3453 1072 3495 dominice
1102 3455 1409 3496 incarnationis
1434 3454 1721 3508 MOOLVIII,
1753 3469 1900 3496 mense
1923 3454 2138 3506 Oetubris,
2171 3453 2359 3495 secunde
2395 3467 2430 3492 40

183 3516 438 3558 indictionis.

322 3616 405 3651 421.
434 3625 464 3659 ἃ]
491 3624 601 3663 agusti
629 3623 679 3654 erl.
798 3623 831 3665 b)
858 3626 915 3667 qui
942 3626 991 3657 ecl.
