2558 3970
99 998 130 1022 10

98 1343 128 1367 15

96 1693 130 1718 20

97 2039 129 2064 25

101 2794 133 2821 ³0

597 160 841 194 WlLHELMl
873 160 1013 194 urinis
1040 161 1470 195 ‹·‹)Ns'1'1'1‘1''1'1‹›Nlcsz
1526 163 1620 195 12:33.
1675 162 1733 195 Nr.
1753 164 1829 196 366.
1855 163 1931 196 um.
2282 166 2353 203 ,171

645 308 748 351 366.
792 311 1086 352 ‹zissATlo
1121 311 1355 353 II'I)I(.'II
1386 312 1640 355 Lvlls's'rl.
1691 313 1790 355 Nnc.
1824 318 1880 354 ΙΝ.

308 390 457 432 Ειίἱιῐὶί
493 391 678 432 Bo'lemer
721 392 761 431 in
796 392 913 432 Actis
953 392 1115 444 imperii
1147 392 1303 432 selectis
1328 397 1412 431 mm
1446 408 1508 433 nr.
1533 398 1616 431 :um
1656 410 1705 432 ω·
1737 394 1994 446 ‹tetlnglraplm
2026 394 2229 433 tabularii
2264 394 2361 434 lm-

166 460 334 502 diensis.
368 483 421 489 ——
452 459 647 509 Bo'lnncr,
681 460 779 512 Rcy.
815 460 908 512 imp.
946 459 989 509 V,
1013 462 1137 501 5101).
1982 462 2054 505 (1¹.
2078 462 2220 507 ‹lmus-l.)

309 562 557 604 Willelinus
594 563 668 604 Dei
706 564 851 618 gracia
885 563 1178 606 Romanorum
1223 579 1296 605 rex
1344 578 1516 618 semper
1549 571 1758 614 augustus
1802 566 2015 605 universis
2050 566 2158 606 sau-ri
2194 565 2360 620 imperii

166 633 364 675 tidelibus
395 637 620 687 presentes
656 633 822 674 litteras
857 634 1118 690 inspecturis
1160 634 1350 687 grui-iani
1386 648 1505 673 suuni
1541 640 1582 673 et
1615 648 1739 673 mnne
1774 634 1943 674 bennui.
2068 634 2130 674 Ad
2169 635 2360 674 notitiam

166 702 455 744 universitatis
492 707 634 743 vestre
670 703 865 743 volumus
900 703 1140 758 pervenire.
1174 702 1285 757 qued
1321 716 1415 741 cuin
1453 717 1528 742 nos
1563 701 1723 742 (luduin
1758 702 1868 756 apud
1903 703 2148 742 'l'raievtuni
2186 718 2360 757 presen-

165 771 278 813 tibus
311 770 564 826 quibusdam
601 772 866 827 principibus
891 779 933 812 et
958 773 1052 813 aliis
1075 771 1351 826 magnatibus
1387 786 1460 826 pro
1487 771 1687 811 tribunali
1715 771 1753 811 in
1790 779 1931 811 nostrai
1957 772 2072 811 curia
2099 772 2361 812 sederenius.

164 841 379 896 quesitum
413 841 543 881 fuerit
575 841 892 882 sententialiter
925 840 1120 882 diffiniri:
1159 847 1299 882 utrum
1325 841 1535 880 sententie
1561 856 1583 879 a
1609 840 1938 894 quibuscunque
1971 841 2157 880 scabinis
2183 841 2245 880 vel
2272 841 2363 881 aliis¹

164 911 250 952 late
285 914 432 951 contra
465 909 690 965 privilegia
723 925 747 950 a
780 910 935 951 nostris
970 909 1353 966 predecessoribus
1378 908 1486 949 divis
1522 909 1855 963 imperatoribus
1881 924 1955 948 sen
1990 910 2161 961 regibus
2187 910 2360 964 quibus-

168 994 335 1036 cunque
367 978 533 1020 indulta
565 979 746 1020 alicuius
779 978 969 1020 debeant
1002 980 1191 1021 existere
1238 978 1466 1019 firmitatis.
1531 978 1597 1018 Ad
1631 977 1745 1032 qued
1781 992 2032 1032 responsum
2068 979 2144 1018 fuit
2182 985 2223 1017 et
2257 978 2361 1018 iudi-

165 1054 306 1091 catum
338 1048 657 1090 sententialiter
689 1063 835 1090 eoram
870 1049 1011 1090 nobis:
1055 1048 1167 1104 quod
1212 1047 1455 1089 huiusmodi
1492 1048 1704 1088 sententie
1741 1047 1899 1097 nullius
1935 1047 2100 1088 roboris
2137 1049 2200 1087 vel
2237 1049 2359 1087 tirini-

164 1119 265 1160 tatis
289 1119 497 1160 existunt.
561 1118 675 1160 Sane
710 1133 785 1173 pro
819 1122 940 1173 parte
965 1117 1222 1159 dilectorum
1246 1117 1429 1158 filiorum
1455 1122 1715 1158 nostrorum,
1750 1117 1850 1157 cleri
1876 1117 2063 1157 civitatis
2090 1116 2359 1157 lieediensis.

164 1189 339 1230 culmini
382 1192 528 1229 nostro
571 1188 652 1229 fuit
692 1188 838 1229 oblata
872 1188 1069 1243 querela.
1117 1187 1227 1243 quod
1273 1187 1435 1228 scabini
1469 1187 1655 1226 civitatis
1699 1186 1892 1227 eiusdem
1927 1186 2124 1226 (julinum
2160 1187 2363 1226 l'ninuluin

166 1258 343 1300 Henrici
383 1257 435 1299 de
473 1257 668 1299 Ferrires
707 1258 904 1299 canonici
943 1258 1102 1299 Sancte
1137 1256 1288 1297 Crucis
1323 1255 1580 1297 Leodiensis
1623 1259 1769 1296 contra
1813 1256 2039 1310 privilegia
2081 1255 2133 1295 ab
2180 1256 2360 1309 iinpern-

166 1328 329 1369 toribus
362 1327 743 1384 predecessoribus
777 1327 937 1368 nostris
971 1327 1074 1381 ipsis
1108 1340 1318 1367 concessa
1342 1329 1505 1366 temere
1531 1324 1831 1365 abiudicarunt
1865 1339 1939 1379 pro
1965 1339 2039 1364 sue
2067 1325 2185 1364 libito
2214 1325 2362 1363 volun-

163 1398 278 1439 tatis.
347 1397 436 1438 Nos
479 1396 717 1439 venerabili
758 1397 813 1437 H.
853 1395 1083 1437 Leodiensi
1128 1395 1286 1445 electo,
1332 1394 1488 1435 dilecto
1529 1394 1709 1449 principi
1750 1399 1792 1435 et
1837 1394 2160 1447 consanguineo
2205 1399 2362 1433 nostru.

163 1467 484 1518 mandavimus,
530 1471 578 1508 ut
621 1481 750 1522 super
791 1466 873 1507 hiis
917 1466 1122 1521 inquisita
1165 1464 1416 1519 diligentius
1450 1465 1651 1506 veritate.
1702 1464 1735 1503 si
1782 1478 1868 1504 reni
1913 1463 2123 1503 inveniret
2166 1463 2221 1502 ita
2256 1477 2364 1503 esse.

164 1538 426 1580 sententiam
459 1537 596 1592 ipsam
629 1541 848 1591 tamquam
882 1536 1025 1590 inique
1060 1535 1193 1576 latam
1227 1534 1486 1575 auctoritate
1510 1538 1658 1573 nostra
1694 1533 1863 1588 penitus
1890 1532 2047 1572 nullarn
2072 1546 2168 1573 esse
2197 1532 2359 1572 ‹lenun-

164 1608 288 1658 tians,
321 1606 565 1662 predictum
599 1605 797 1647 Colinum
831 1605 884 1646 ad
916 1618 1064 1646 omnes
1097 1608 1220 1644 actus
1255 1603 1473 1658 legitimos
1507 1601 1785 1643 denuntiaret
1818 1602 2010 1655 legitime
2040 1601 2363 1642 admittendum.

167 1675 359 1731 Cumque
397 1676 537 1717 dietus
578 1676 744 1716 electus
776 1675 927 1716 volens
973 1674 1014 1714 in
1055 1673 1134 1714 hac
1179 1678 1301 1729 parte
1345 1672 1462 1727 regie
1504 1671 1720 1713 maiestati
1753 1671 1941 1712 deferre.
1990 1671 2091 1711 lieet
2123 1670 2203 1710 sibi
2239 1670 2364 1725 plene

164 1750 383 1788 constaret
415 1745 468 1786 de
504 1744 702 1786 omnibus
737 1744 1011 1800 supradictis,
1045 1747 1171 1799 prout
1204 1743 1293 1783 suis
1327 1741 1451 1783 nobis
1484 1742 1638 1782 litteris
1673 1741 1900 1785 intimavit,
1933 1740 1986 1781 ad
2021 1754 2096 1780 nos
2130 1739 2368 1780 remitteret

163 1815 324 1856 dictum
359 1815 580 1870 negotium
613 1812 946 1863 terminandum,
980 1827 1058 1854 nos
1083 1811 1316 1854 eorundem
1340 1811 1468 1852 electi
1492 1815 1534 1852 et
1558 1811 1662 1852 cleri
1686 1810 1887 1866 precibus
1912 1810 2104 1850 inclinati
2129 1808 2364 1864 predictam

163 1885 423 1926 sententiam
458 1884 765 1926 denuntiantes
789 1883 963 1939 penitus
987 1882 1147 1923 nullam
1173 1895 1284 1929 esse,
1320 1881 1456 1936 ipsam
1479 1880 1643 1921 viribus
1668 1893 1816 1920 carere
1842 1878 2115 1920 decernimus
2141 1883 2184 1919 et
2208 1877 2365 1917 dictum

166 1953 384 2001 Colinum¹¹
429 1953 720 2010 predictorum
767 1952 1039 1993 scabinorum
1083 1950 1297 1992 sententia
1330 1964 1412 1991 non
1447 1950 1669 1991 obstante.
1712 1948 1764 1989 ad
1800 1962 1949 1989 omnes
1984 1953 2106 1988 actus
2146 1947 2364 2001 legitimos

168 2024 358 2066 habilem
391 2023 698 2065 denuntiamus
731 2022 925 2077 legitime
957 2012 1286 2062 admittendum.

310 2093 468 2134 Datum
503 2092 667 2148 Leyde,
701 2091 849 2133 XIIII.
885 2090 981 2132 Kal.
1021 2090 1285 2134 Decembris,
1321 2090 1556 2131 indictione
1581 2089 1681 2131 Xll.
1717 2103 1829 2129 anno
1864 2087 2034 2128 Domini
2066 2085 2308 2127 MCCLIM.

165 2448 300 2518 367.
340 2444 920 2518 SENTENTIA
958 2441 1375 2514 CONTRA
1408 2438 1832 2511 INIUSTA
1865 2435 2362 2508 TELONEA.

1066 2569 1210 2615 1253.
1246 2568 1372 2627 Aug.
1398 2567 1477 2613 21.

309 2706 439 2749 Dedit
467 2707 766 2749 Winkelmamz
806 2705 926 2746 ‘Acta
969 2704 1134 2756 imperii
1171 2702 1341 2744 ‘inedita’
1385 2701 1450 2752 II,
1482 2704 1537 2741 73
1575 2713 1640 2740 ur.
1674 2701 1726 2739 79
1775 2697 1996 2739 secmulum
2034 2697 2247 2748 exemplar
2289 2696 2368 2735 riri

168 2778 214 2819 cl.
245 2777 293 2818 cle
324 2776 601 2819 Mz'ilvcrstedt
631 2790 650 2818 e
686 2775 881 2830 Copiarlo
902 2775 931 2816 I
940 2774 1015 2824 Va,
1042 2773 1122 2829 fol.
1142 2769 1217 2815 6:2¹
1257 2772 1460 2814 tabularii
1502 2771 1604 2823 reme?
1636 2768 2010 2822 Maydoburymzse's
2047 2767 2279 2818 conseclum.
2319 2791 2363 2793 ff—

166 2847 360 2897 Βὸἠφηον,
392 2845 491 2899 Rey.
526 2847 621 2898 imp.
657 2846 699 2896 V,
724 2846 848 2886 5165.
1992 2837 2061 2889 (P.
2084 2836 2224 2889 deest.)

310 2949 573 2992 Wilhelmus
605 2949 689 2991 Dei
731 2949 877 3005 gracia
909 2948 1198 2989 Romanorum
1240 2960 1317 2987 rex
1359 2959 1531 3000 semper
1564 2950 1775 2999 augustus
1807 2942 2019 2983 universis
2053 2940 2162 2981 sacri
2197 2939 2365 2994 imperii

170 3019 370 3061 fidelibus
403 3024 630 3075 presentes
663 3019 832 3060 litteras
864 3017 1122 3072 inspecturis
1157 3015 1347 3070 graciam
1380 3028 1501 3055 suam
1536 3019 1578 3054 et
1611 3026 1736 3053 omne
1771 3012 1943 3052 bonum.
2066 3009 2170 3050 Cum
2205 3009 2365 3064 pluries

169 3102 309 3131 coram
354 3089 478 3131 nobis
522 3088 834 3131 sententiatum
879 3086 1094 3128 exstiterit
1137 3091 1179 3126 et
1224 3084 1465 3126 comuniter
1506 3082 1813 3138 approbatum.
1858 3087 1905 3121 ut
1948 3080 2051 3121 nulli
2095 3080 2224 3121 liceat
2257 3092 2367 3119 nova

103 3174 135 3200 ³5
172 3159 389 3201 theolonia
429 3160 512 3201 nisi
550 3159 603 3200 de
642 3171 771 3199 manu
814 3156 981 3213 imperii
1021 3160 1064 3197 et
1103 3155 1281 3196 licentia
1313 3152 1491 3209 speciali
1532 3166 1691 3207 ponere
1726 3165 1804 3192 nec
1852 3151 2101 3191 inconsueta
2135 3153 2176 3189 et
2209 3149 2368 3189 iniusta

172 3229 308 3270 eciam
350 3232 631 3284 extorquere,
678 3241 754 3268 nos
798 3226 1024 3282 cupientes
1065 3223 1280 3279 predictas
1324 3222 1588 3263 sententias¹²
1622 3226 1771 3275 utpote
1811 3220 1892 3260 rite
1931 3219 2043 3259 latas
2083 3219 2136 3259 ab
2170 3218 2366 3258 omnibus

172 3297 504 3340 inviolabiliterb
546 3297 806 3347 observaric,
847 3294 1042 3351 presenti
1074 3293 1213 3334 edicto
1259 3293 1415 3333 iterato
1448 3290 1684 3331 districtius
1728 3288 1989 3329 inhibemus.
2034 3302 2085 3328 ne
2127 3287 2219 3342 quis
2260 3300 2367 3327 nova

173 3367 392 3409 theolonia
431 3380 590 3423 ponere
630 3365 788 3407 audeat
830 3378 909 3406 nec
952 3364 1207 3404 inconsueta
1249 3366 1292 3402 et
1335 3361 1495 3400 iniusta
1534 3358 1753 3400 theolonia
1791 3358 1926 3398 eciam
1968 3371 1992 3397 a
2034 3370 2246 3411 quoquam
2287 3356 2365 3396 ali-

173 3441 384 3492 quatenus
429 3441 700 3491 extorquere.
779 3434 825 3475 Si
871 3433 965 3489 quis
1008 3445 1110 3473 vero
1158 3435 1307 3471 contra
1355 3429 1465 3469 hanc
1510 3433 1697 3469 nostram
1738 3427 2037 3468 inhibitionem
2080 3425 2222 3466 venire
2268 3440 2364 3480 pre-

106 3514 139 3540 40
176 3507 422 3562 sumpserit,
454 3519 629 3560 gravem
664 3503 934 3546 celsitudinis
966 3505 1111 3542 nostre
1147 3500 1357 3541 offensam
1391 3512 1436 3538 se
1470 3497 1637 3538 noverit
1670 3497 1952 3537 incursurum.

316 3575 476 3616 Datum
508 3575 674 3630 Leyde,
706 3573 808 3616 XII.
831 3571 1054 3614 Kalendas
1089 3568 1373 3625 Septembris,
1407 3566 1641 3608 indictione
1665 3565 1743 3617 XI,
1779 3579 1892 3607 anno
1920 3564 2098 3606 Domini
2122 3562 2363 3605 MCCLIII.

309 3666 395 3700 367.
430 3670 468 3707 ει)-
489 3678 640 3699 summas
669 3678 695 3699 c.
815 3663 847 3706 b)
873 3664 1091 3696 inviolabiter
1117 3675 1142 3694 c.
1255 3664 1283 3698 0)
1311 3660 1493 3692 observare
1518 3672 1542 3690 c.
