2558 3970
178 153 224 192 15
643 149 847 184 PHlLll‘Pl
877 148 1015 183 REGIS
1041 148 1469 184 CONSTITUTIONES.
1522 150 1620 184 1208.
1670 151 1806 186 N1-.14.
1837 151 1888 186 15.

317 265 530 305 Dilectum
572 278 620 304 ae
662 264 916 303 familiarem
960 267 1149 302 nostrum
1183 263 1499 318 W(0lfg0ru1ni
1533 264 1821 305 venerabilem
1858 265 2189 319 Aquilegensem
2224 265 2354 320 patri-

174 333 344 373 archam
378 342 419 374 et
452 333 701 387 precipuum
735 332 901 386 imperii
925 331 1176 385 principem,
1209 346 1294 372 una
1316 346 1484 387 quoque
1510 346 1603 372 cum
1630 333 1722 387 ipso
1747 332 1852 372 alios
1875 332 2024 374 fideles
2049 347 2099 374 ac
2120 333 2356 374 familiares

175 411 337 441 nostros
363 399 679 455 Grebhardum)
715 400 1015 452 burcgravium
1047 399 1481 454 Magdeburgensem,
1514 400 1750 441 Henricum
1781 399 1833 441 de
1867 400 2130 442 Smalinecki
2162 404 2204 442 et
2229 400 2355 442 Euir-

176 469 352 509 harduin
387 469 439 509 de
473 469 618 509 Lutra.
652 468 914 522 presentium
948 467 1120 512 latores,
1154 482 1179 508 a
1210 468 1346 509 latere
1380 472 1522 508 nostro
1554 467 1606 508 ad
1640 472 1827 508 vestram
1861 467 2169 509 destinavimus
2203 469 2358 510 sancti-

175 545 319 577 tatem.
373 537 538 584 Quibus
562 536 757 576 dedimus
780 535 1093 590 plenitudinem
1117 537 1346 591 potestatis
1370 540 1412 577 et
1435 537 1734 577 auctoritatem
1758 536 2055 588 omnimodam,
2086 537 2198 578 inter
2221 537 2360 579 eccle-

175 606 280 645 siam
315 613 356 646 et
391 605 613 660 imperium
649 609 689 645 et
734 604 844 644 inter
877 618 951 644 vos
986 608 1028 644 et
1061 618 1137 644 nos
1171 618 1322 659 pacem
1356 609 1398 645 et
1431 604 1700 645 concordiam
1732 605 1965 646 reformare
1999 609 2041 646 et
2071 606 2359 661 periculosam

174 673 293 726 regni
338 679 379 713 et
420 673 649 714 sacerdotii
694 673 925 713 scissuram
966 673 1146 714 feliciter
1187 677 1444 716 restaurare.
1507 673 1730 714 Predictos
1764 674 1907 727 itaque
1940 674 2123 726 nuntios,
2168 689 2274 730 quos
2305 674 2360 716 ad

173 752 259 781 tam
294 742 514 782 excellens
549 743 705 782 factum
739 740 916 781 idoneos
950 742 1255 796 reputavimus
1290 742 1342 782 ad
1368 756 1441 783 vos
1475 742 1733 783 accedentes
1764 757 1788 783 a
1811 746 1954 783 vestra
1986 742 2178 784 hilariter
2209 746 2358 798 postu-

173 811 306 849 lamus
350 811 479 864 recipi
523 811 804 865 paternitate.
848 814 1052 864 rogantes
1093 811 1300 851 attentius
1338 816 1380 851 ct
1413 815 1748 862 conunonentes,
1791 814 2002 865 quatenus
2035 811 2232 852 omnibus
2265 811 2360 864 hiis,

172 893 251 932 que
297 894 349 919 ex
392 884 511 933 parte
555 885 700 919 nostra
742 879 967 934 prudentie
1008 884 1148 920 vestre
1189 880 1494 925 intimaverint,
1535 879 1660 920 fidem
1706 883 1748 920 et
1787 880 2089 921 certitudinem
2126 879 2361 934 dignemini

172 946 390 987 adhibere.
453 946 538 1001 Ipsi
573 948 682 988 enim
717 962 741 987 a
775 952 919 987 nostra
953 947 1219 988 sublimitate
1254 947 1326 988 tali
1360 947 1485 988 modo
1521 952 1564 988 et
1597 962 1648 988 eo
1680 948 1764 988 fine
1798 962 2030 998 recessere,
2072 948 2182 1003 quod
2216 961 2359 989 sacro-

175 1025 321 1054 sancta
355 1014 547 1055 Romana
582 1016 765 1056 ecelesia
798 1029 969 1069 semper
1001 1016 1041 1055 in
1075 1015 1196 1055 nobis
1230 1020 1448 1069 tamquam
1484 1020 1618 1056 mater
1651 1017 1692 1057 in
1724 1016 1810 1057 filio
1843 1017 2054 1057 sinceram
2087 1016 2361 1058 dilectionem

172 1092 212 1122 et
255 1083 444 1124 debitam
494 1085 655 1125 invenit
695 1084 981 1130 devotionem,
1027 1083 1253 1124 dumtaxat
1295 1098 1370 1125 nos
1411 1085 1503 1125 eius
1545 1089 1587 1126 ct
1627 1089 1816 1126 vestrum
1857 1085 2085 1140 aliquando
2127 1086 2360 1128 sentiamus

171 1153 385 1194 affectum.
448 1154 712 1207 Queeunque
747 1154 875 1194 etiam
910 1152 1094 1207 sepefati
1127 1153 1262 1193 nuntii
1288 1154 1419 1193 nostri
1443 1168 1518 1208 pro
1544 1154 1665 1194 nobis
1689 1155 1869 1209 polliciti
1892 1154 2065 1205 fuerint,
2097 1159 2144 1195 ut
2166 1154 2360 1196 Romane

172 1221 355 1261 ecclesie
390 1221 717 1262 benivolentiam
752 1222 990 1262 habeamus
1025 1227 1067 1262 et
1101 1222 1306 1269 favorem,
1341 1236 1417 1262 nos
1448 1223 1586 1276 parati
1611 1236 1757 1263 sumus
1782 1227 2004 1277 gratanter
2026 1224 2177 1265 eadem
2202 1224 2361 1265 affectu

173 1298 458 1343 prosequente
494 1291 707 1344 complere
741 1296 782 1330 et
815 1290 1003 1344 ipsorum
1031 1290 1346 1330 ordinationem
1371 1305 1447 1345 per
1472 1291 1615 1331 onmia
1639 1296 1773 1331 ratam
1798 1291 1958 1332 habere
1983 1297 2024 1332 et
2047 1292 2359 1335 inconcussam.

354 1732 437 1798 15.
485 1728 1114 1800 CONVENTIO
1171 1730 1403 1801 CUM
1459 1729 2181 1802 SENENSIBUS.

1075 1855 1217 1902 1Q08.
1258 1856 1366 1902 Mai.
1397 1856 1473 1902 023.

316 1995 634 2037 Com-cntionem
659 2012 736 2049 per
767 1999 943 2050 leyattme
967 1999 1133 2050 imperii
1161 1999 1416 2051 Wolfyermn
1430 1999 1721 2053 patriarcham
1738 2000 2048 2051 Aquileiensem
2068 1999 2231 2055 factam
2253 1999 2365 2041 dedit

171 2065 443 2105 Heu-mannus
470 2065 598 2107 Pahst
629 2066 662 2106 b.
688 2081 736 2107 m.
770 2080 820 2107 ese
851 2067 1104 2119 aictoyrapho
1135 2068 1338 2108 tabularii·
1364 2069 1611 2119 reipublicae
1635 2068 1844 2118 Senensis,
1877 2067 2188 2120 Riformayioni
2209 2081 2276 2109 nr.
2296 2070 2361 2109 77.

173 2132 357 2174 Priorem
384 2137 547 2185 partem
571 2136 659 2175 eius
683 2136 845 2186 publici
868 2137 973 2176 iuris
998 2135 1102 2190 feeit
1123 2150 1142 2176 e
1163 2137 1294 2177 codiee
1316 2137 1576 2178 bibliothecae
1593 2138 1845 2178 Marcianae
1876 2136 2049 2178 Venetae
2066 2137 2160 2178 Lat.
2179 2137 2264 2187 IX,
2280 2137 2362 2178 125

166 2202 244 2254 fol.
268 2205 320 2241 51
353 2201 534 2243 Belemer
567 2203 609 2243 in
642 2203 760 2244 Actis
792 2205 955 2255 imperii
985 2205 1141 2246 selectis
1168 2219 1209 2256 p.
1234 2205 1316 2245 625
1347 2219 1411 2246 ier.
1436 2207 1529 2255 915,
1567 2207 1830 2258 posteriorem
1861 2219 1912 2246 etz·
1940 2205 2194 2258 autoyrapho
2216 2205 2363 2247 ibidem

167 2283 210 2320 p.
235 2271 319 2309 823
350 2283 412 2311 nr.
436 2273 557 2311 1135.
1981 2273 2051 2327 (P.
2077 2274 2220 2325 deest.)

377 2397 474 2446 13²In
521 2399 688 2439 nomine
725 2400 809 2439 veri
843 2399 924 2440 Dei
965 2414 1102 2441 amen
1125 2399 1143 2416 ³
1221 2401 1438 2441 Vicesimo
1472 2401 1604 2442 tercio
1638 2401 1706 2441 die
1739 2401 1899 2442 mensis
1932 2401 2049 2451 Maii,
2083 2401 2190 2442 feria
2222 2405 2360 2452 sexta,

173 2478 282 2504 anno
317 2465 369 2505 ab
388 2447 690 2507 incarnatione
722 2467 894 2508 Domini
927 2469 1150 2509 millesimo
1188 2468 1389 2520 CCVIII,
1423 2469 1654 2511 indictione
1686 2469 1763 2521 XI⁷
1797 2484 1907 2510 anno
1941 2470 2062 2524 regni
2095 2470 2359 2511 serenissimi

175 2532 461 2575 Romanorum
501 2537 615 2589 regis
657 2536 842 2591 Philippi
880 2536 957 2578 XI.
1077 2537 1195 2578 Talis
1239 2542 1304 2579 est
1346 2538 1571 2578 concordia
1612 2539 1722 2579 inter
1765 2538 1983 2579 dominum
2022 2552 2167 2593 regem
2207 2538 2286 2579 Ph.
2320 2542 2364 2580 et

176 2601 405 2643 Senenses.

323 2674 353 2711 1.
389 2671 599 2712 Iurabunt
633 2686 782 2713 omnes
816 2674 930 2714 cives
972 2679 1015 2714 et
1048 2688 1195 2715 omnes
1237 2679 1322 2715 tam
1356 2675 1407 2716 de
1444 2676 1696 2730 episcopatu
1736 2689 1863 2730 quam
1898 2675 1949 2716 de
1984 2676 2190 2716 comitatu
2223 2675 2362 2716 fideli-

175 2747 303 2779 tatem
339 2741 428 2793 regi
463 2740 538 2780 Ph.
574 2756 595 2780 a
631 2742 875 2795 quindecim
908 2744 1031 2783 annis
1065 2758 1192 2798 supra
1226 2748 1268 2784 et
1292 2745 1567 2799 septuaginta
1598 2744 1707 2785 infra
1732 2744 1784 2784 ad
1811 2745 2072 2785 voluntatem
2097 2744 2361 2799 recipientis.

175 2807 229 2847 Et
264 2809 490 2849 restituent
524 2816 664 2850 castra
700 2815 742 2850 et
775 2812 1024 2852 comitatum
1060 2817 1103 2852 et
1135 2817 1388 2853 tenumenta
1421 2814 1575 2861 omnia,
1619 2827 1701 2867 que
1735 2812 1927 2868 possedit
1958 2813 2192 2868 imperator
2223 2812 2359 2854 Hein-

177 2876 289 2915 ricus
324 2876 433 2917 bone
468 2879 673 2918 memorie
706 2883 898 2934 tempore
931 2880 1080 2920 mortis
1114 2894 1204 2924 sue.
1239 2885 1281 2922 et
1304 2881 1588 2935 assignabunt
1620 2895 1671 2921 ea
1695 2882 1736 2921 in
1762 2895 1913 2921 manus
1938 2881 2097 2922 domini
2120 2881 2361 2937 patriarche

177 2946 481 2998 Aquilegensis
515 2953 556 2986 et
588 2948 826 3001 legatorum
860 2947 1019 2988 domini
1052 2950 1180 3003 regis,
1220 2949 1518 3004 recipientium
1553 2964 1603 2990 ea
1636 2950 1728 2990 vice
1762 2954 1804 2990 et
1835 2950 2008 2991 nomine
2041 2949 2200 2990 domini
2231 2949 2361 3003 regis,

176 3013 253 3053 hoc
287 3013 424 3054 modo.
459 3021 504 3054 ut
536 3016 706 3055 nominc
740 3022 781 3056 et
816 3017 905 3057 vice
940 3016 1096 3057 domini
1128 3018 1243 3071 regis
1276 3017 1469 3058 custodie
1504 3023 1547 3058 et
1579 3018 1676 3059 fidei
1710 3017 1912 3059 Iohannis
1947 3016 2104 3058 Strfizii
2136 3017 2362 3073 potestatis

178 3082 429 3122 senensium
477 3093 517 3122 et
559 3085 649 3124 eius
692 3099 1001 3135 successorum,
1048 3086 1344 3140 recipientium
1387 3101 1438 3127 ea
1477 3100 1553 3141 pro
1588 3087 1789 3127 conmuni
1824 3086 2081 3128 Senensium
2115 3091 2158 3127 et
2189 3086 2362 3127 nomine

177 3151 332 3190 ‹lomini
369 3152 494 3205 regis.
529 3154 861 3195 committantur.
894 3159 940 3194 ut
969 3158 1145 3194 teneant
1179 3168 1229 3195 ea
1261 3155 1432 3195 nomine
1466 3154 1625 3195 domini
1661 3156 1773 3209 regis
1807 3159 1849 3196 et
1872 3148 2113 3195 custodiant
2142 3154 2360 3196 bonafide

178 3221 248 3260 ita.
282 3220 391 3275 quod
425 3222 456 3261 si
491 3236 573 3275 pax
607 3222 718 3262 facta
750 3223 878 3262 fuerit
910 3236 987 3277 per
1009 3222 1227 3263 dominum
1256 3223 1546 3277 patriarcham
1570 3223 1906 3277 Aquilegensem
1930 3227 1972 3263 et
1999 3223 2179 3263 nuncios
2202 3222 2360 3263 domini

177 3289 289 3342 regis
327 3289 435 3328 inter
469 3303 678 3330 conmune
713 3290 969 3331 Senensium
1011 3296 1053 3331 et
1085 3305 1297 3331 conmune
1330 3291 1691 3340 Florentinorum,
1736 3305 1818 3346 que
1852 3292 1961 3332 bona
1999 3290 2082 3332 fide
2115 3291 2287 3346 placeat
2319 3295 2362 3331 et

177 3356 455 3410 acceptabilis
505 3359 703 3398 conmuni
748 3358 1002 3399 Senensium
1049 3360 1122 3407 sit,
1172 3360 1315 3400 statim
1365 3360 1647 3400 restituantur
1687 3364 1729 3400 et
1767 3360 2040 3413 resignentur
2078 3359 2120 3399 in
2163 3358 2360 3400 manibus

178 3423 336 3464 domini
369 3426 608 3479 patriarche
645 3433 686 3466 et
718 3427 965 3468 nunciorum
993 3428 1155 3468 domini
1186 3429 1314 3482 regis,
1364 3427 1420 3468 Et
1444 3429 1479 3468 si
1504 3442 1589 3482 pax
1613 3428 1726 3468 facta
1748 3435 1831 3467 non
1854 3429 1995 3479 fuerit,
2028 3427 2361 3481 resignabuntur

179 3494 319 3533 omnia
360 3507 488 3547 supra
529 3495 687 3549 scripta
727 3495 767 3535 in
810 3496 997 3537 adventu
1037 3497 1193 3537 domini
1232 3497 1345 3551 regis
1379 3497 1460 3552 ipsi
1493 3496 1662 3537 domino
1705 3496 1795 3550 regi
1828 3500 1900 3536 aut
1932 3500 2048 3537 certo
2081 3495 2234 3536 nuncio
2271 3509 2360 3546 suo,

178 3562 246 3615 qui
279 3562 459 3615 primum
493 3563 660 3603 veniret
693 3578 786 3604 cum
824 3566 1029 3606 trecentis
1069 3566 1274 3606 militibus
1307 3565 1551 3606 Teutonicis
1585 3569 1629 3606 et
1660 3564 1713 3605 de
1753 3565 2049 3619 patriarchatu
2081 3564 2362 3619 Aquilegensi

178 3638 248 3669 aut
294 3630 499 3684 pluribus.
570 3631 924 3685 Resignabuntur
969 3643 1113 3675 autem
1156 3635 1296 3675 omnia
1339 3649 1468 3690 supra
1509 3634 1668 3689 scripta
1710 3646 1804 3673 cum
1846 3633 2043 3675 omnibus
2081 3632 2288 3675 fructibus
2319 3635 2362 3675 et

2399 895 2431 920 10

2399 1235 2428 1260 15

2399 2083 2432 2109 20

2399 2487 2431 2513 25

2398 2823 2432 2848 30

2397 3165 2430 3189 35

2398 3514 2431 3538 40
