2558 3970
176 196 256 233 5,ssss
723 187 816 220 PAX
845 184 1120 219 COMITA'PUS
1149 182 1448 217 HAINOENSIS.
1500 182 1598 215 1200.
1649 182 1808 215 N1·.425.

882 897 1450 979 APPENDIX
1512 896 1662 976 ΠΙ.

705 1149 1330 1234 SCRIPTA
1402 1147 1843 1231 PACIS.

370 1548 497 1616 495.
554 1543 761 1614 PAX
817 1540 1432 1613 OOMITATUS
1483 1540 2168 1614 HAINOENSIS.

1088 1677 1231 1724 1200.
1270 1677 1358 1723 Iul.
1390 1676 1468 1723 28.

324 1826 450 1867 Dedit
492 1826 557 1866 νῖν
594 1825 642 1865 el.
671 1823 813 1864 Arndt
848 1836 899 1863 esc
939 1821 1193 1875 (cutoqrapleo
1240 1820 1444 1863 tabularii
1482 1820 1720 1861 Montensis
1763 1823 1801 1861 ct
1836 1821 2021 1874 vulyavit
2059 1822 2106 1863 in
2144 1822 2223 1865 SS.
2264 1825 2368 1865 tomo
2419 1841 2433 1864 5

181 1896 303 1945 XXI,
329 1896 422 1935 (519.
484 1893 719 1934 Edideruvl
743 1891 868 1944 privs
899 1891 1145 1932 Ilsarteneus
1180 1891 1227 1931 in
1259 1889 1490 1931 ‘Thesauro
1519 1889 1818 1931 anecdotorum
1840 1891 1876 1940 Ι,
1899 1891 1983 1930 767
2012 1904 2063 1931 cx
2091 1891 2372 1944 manuscrzfpto

184 1963 500 2005 (¹111121w2·mze›2se'
538 1964 574 2001 et
605 1961 786 2001 coriario
817 1959 1106 2000 Ilasnonwnsi
1147 1958 1406 1999 dominorum
1447 1958 1495 1998 de
1525 1958 1722 2008 Avesnis,
1761 1971 1847 2000 van
1878 1958 2066 2000 Lolceren
2097 1958 2294 2001 ‘Chao-tes
2323 1960 2371 2001 de

181 2032 236 2073 St.
272 2032 416 2072 Pam-re
454 2030 501 2071 (Ic
536 2029 674 2070 (r'aml'
712 2029 747 2078 Ι,
770 2030 853 2069 221
890 2041 955 2070 nr.
979 2030 1062 2067 410
1099 2041 1119 2068 c
1151 2026 1408 2068 ‘C'artulario
1438 2026 1518 2069 Nr.
1542 2028 1596 2066 10
1631 2026 1796 2078 p.89'',
1837 2040 1888 2068 ex
1925 2027 2182 2080 autographo
2211 2028 2373 2070 Faider

178 2100 410 2141 ‘Contemnes
440 2100 494 2140 (lu
520 2113 628 2151 pays
658 2101 694 2139 et
725 2099 850 2139 comte
878 2096 926 2138 cle
957 2096 1166 2138 Hainazct'
1198 2096 1236 2145 Ι,
1262 2099 1298 2145 7,
1331 2096 1404 2148 qui
1433 2095 1740 2146 animadvertit,
1771 2108 1844 2136 sex·
1870 2096 2113 2149 siyz'llorum,
2145 2109 2251 2148 quac
2272 2097 2370 2138 olim

179 2168 474 2221 appendebant,
506 2168 586 2208 duo
617 2166 731 2207 'modo
761 2178 986 2218 superesse,
1016 2178 1158 2218 ncnzpe
1187 2164 1392 2207 Walfflcri
1422 2164 1470 2205 dc
1500 2164 1685 2205 Avesnes
1714 2167 1751 2205 et
1781 2164 1938 2205 Alardi
1968 2164 2016 2205 dc
2051 2164 2242 2218 Chimay,
2272 2165 2368 2206 item

181 2236 387 2277 luminans
419 2235 695 2287 ‘Description
727 2234 970 2287 (tvzalybiquc
1000 2233 1048 2274 de
1079 2233 1327 2275 cartulaircs
1357 2234 1394 2273 ct
1424 2232 1650 2274 chartricrs
1672 2232 1795 2274 utiles
1815 2232 1843 2273 ὰ
1864 2232 2061 2274 l’lcistoz're
2083 2232 2139 2273 du
2159 2232 2371 2274 Hainaut'

182 2306 209 2345 I
218 2305 260 2347 Γ,
287 2307 348 2353 115,
380 2304 452 2356 qui
474 2303 759 2357 antoyraplcon
783 2303 826 2343 in
857 2303 982 2343 latere
1003 2302 1169 2343 dextero
1199 2315 1331 2343 vocem
1353 2300 1766 2343 OYROGRAPHV
1785 2303 1943 2354 ,qestare
1964 2301 2076 2342 dicit.
2099 2327 2153 2331 -—
2174 2301 2369 2352 Bo'hmer,

206 2376 281 2424 ἵκῃ.
317 2374 410 2424 imp.
440 2371 484 2422 Γ,
504 2373 655 2412 10642.
1990 2369 2061 2424 (P.
2086 2369 2229 2424 deest.)

326 2507 420 2549 IIec
454 2512 519 2548 est
550 2507 686 2548 forma
716 2508 833 2563 pacis
856 2507 899 2548 in
922 2510 1011 2548 toto
1036 2507 1241 2548 comitatu
1264 2507 1516 2558 Hainoensi‚
1549 2521 1676 2562 quam
1700 2507 1895 2548 dominus
1921 2520 2065 2549 comes
2089 2506 2369 2548 Flandrensis

183 2587 222 2617 et
255 2577 516 2618 Hainoensis
551 2576 789 2617 Balduinus
831 2580 874 2617 et
906 2576 985 2617 viri
1016 2576 1188 2616 nobiles
1222 2579 1265 2616 et
1296 2576 1367 2616 alii
1399 2576 1557 2617 milites
1595 2576 1847 2617 iuramentis
1886 2575 1973 2616 suis
2006 2579 2369 2617 assecuraverunt

184 2652 224 2685 et
258 2646 616 2686 confirmaverunt
648 2644 940 2700 appositisque
973 2643 1126 2699 sigillis
1159 2644 1245 2684 suis
1277 2648 1365 2685 tam
1400 2643 1560 2685 domini
1593 2644 1757 2685 comitis
1787 2658 1914 2699 quam
1941 2644 2128 2684 virorum
2160 2644 2371 2685 nobilium

183 2714 515 2755 roboraverunt:

334 2786 364 2824 l.
407 2781 474 2823 De
515 2780 758 2822 hominibus
796 2781 938 2835 igitur,
977 2781 1047 2835 qui
1080 2780 1239 2822 milites
1271 2781 1339 2822 vel
1377 2781 1452 2822 filii
1491 2781 1673 2822 militum
1705 2795 1790 2823 non
1822 2780 2003 2832 fuerint,
2047 2783 2263 2821 mortuum
2295 2793 2371 2835 pro

186 2855 369 2892 mortuo.
413 2850 638 2891 menbrum
675 2863 752 2904 pro
784 2848 977 2891 menbro.
1038 2848 1139 2890 Filii
1174 2863 1274 2891 vcro
1318 2849 1500 2890 militum
1533 2850 1604 2905 qui
1634 2863 1772 2905 usque
1805 2849 1857 2890 ad
1890 2849 2142 2891 vicesimum
2175 2848 2371 2903 quintum

186 2920 310 2959 etatis
344 2932 418 2960 sue
452 2932 609 2959 annum
641 2932 724 2959 non
757 2917 916 2959 fuerint
947 2917 1048 2958 facti
1079 2918 1253 2969 milites,
1287 2922 1384 2973 post
1416 2919 1668 2959 vicesimum
1697 2918 1891 2973 quintum
1914 2931 2072 2959 annum
2102 2917 2211 2958 tales
2246 2921 2371 2958 erunt

187 2988 238 3027 ad
271 3001 420 3042 pacem
454 3000 581 3041 quam
615 2987 778 3027 rustici.

330 3057 366 3095 2.
407 3054 451 3095 Si
493 3055 586 3109 quis
630 3055 756 3096 homo
799 3055 1016 3096 hominem
1054 3054 1261 3096 invaserit
1301 3054 1414 3109 quod
1447 3055 1686 3110 vulgariter
1723 3053 1918 3096 assallire
1951 3053 2121 3105 dicitur,
2161 3057 2204 3095 et
2241 3052 2368 3094 homo

187 3123 254 3177 qui
289 3123 490 3164 assalitus
523 3123 605 3164 erit
638 3136 768 3178 supra
801 3137 954 3178 corpus
995 3136 1120 3163 suum
1153 3121 1471 3164 defendendum
1512 3123 1776 3164 interfecerit
1814 3122 1934 3163 illum
1974 3122 2045 3176 qui
2077 3135 2174 3163 eum
2207 3121 2369 3163 assala-

189 3192 308 3231 verit.
342 3205 491 3246 pacem
524 3191 687 3232 firmam
720 3190 819 3232 inde
851 3190 982 3232 debet
1013 3191 1174 3232 habere
1209 3204 1312 3245 erga
1344 3190 1561 3232 dominum
1594 3196 1637 3233 et
1669 3205 1773 3245 erga
1805 3190 1967 3231 amicos
2000 3189 2145 3230 occisi.

331 3261 367 3299 3.
402 3258 446 3299 Si
480 3260 574 3314 quis
606 3261 648 3300 in
682 3259 877 3301 custodia
910 3260 1125 3300 fructuum
1157 3263 1368 3300 terrarum
1401 3273 1572 3301 suarum
1596 3259 1664 3300 vel
1696 3272 1917 3300 nemorum
1945 3258 2015 3300 vel
2047 3271 2255 3312 aquarum
2287 3271 2366 3312 per

192 3340 236 3366 se
277 3327 343 3367 vel
384 3341 461 3381 per
501 3328 756 3369 servientem
798 3342 919 3369 suum
960 3341 1104 3383 panna
1148 3340 1224 3368 seu
1262 3327 1388 3368 vadia
1425 3328 1625 3383 accipere
1667 3326 1871 3377 voluerit,
1911 3326 2031 3367 etei
2071 3339 2261 3380 pannum
2301 3325 2370 3366 vel

191 3393 359 3434 vadium
399 3394 659 3449 denegatum
701 3395 743 3436 id
784 3401 851 3437 est
892 3395 1133 3437 sconditum
1174 3395 1321 3445 fuerit,
1366 3399 1408 3436 et
1449 3395 1549 3436 inde
1590 3396 1701 3436 inter
1733 3407 1830 3435 eum
1862 3396 1905 3434 et
1945 3393 2064 3433 illum
2096 3392 2168 3448 qui
2199 3392 2372 3434 vadium

192 3461 411 3515 denegarit
445 3461 484 3502 id
519 3468 584 3503 est
617 3463 887 3512 scondiverit,
921 3477 1047 3518 quem
1080 3477 1210 3519 supra
1240 3477 1362 3504 suum
1395 3463 1622 3515 invenerit,
1654 3463 1748 3503 rixe
1780 3465 1824 3502 ct
1856 3461 2153 3502 contentiones
2175 3461 2245 3502 vel
2268 3474 2369 3501 con-

193 3529 331 3568 flictus
364 3535 627 3581 moveantur,
661 3536 701 3571 et
732 3532 817 3582 ille,
852 3532 971 3572 cuius
1004 3531 1133 3573 fuerit
1154 3535 1271 3573 terra
1292 3531 1361 3572 vel
1386 3545 1536 3573 nemus
1559 3532 1627 3573 vel
1649 3534 1820 3586 pratum
1842 3530 1910 3570 vel
1943 3543 2068 3584 aqua,
2097 3529 2216 3570 illum
2236 3529 2367 3570 inter-

191 3596 362 3636 fecerit.
396 3610 520 3650 quem
552 3611 680 3652 supra
713 3612 835 3639 suum
867 3599 1099 3651 invenerit,
1140 3600 1259 3640 nulla
1290 3599 1332 3639 in
1365 3613 1462 3641 eum
1494 3600 1566 3641 fiet
1597 3599 1808 3650 vindicta,
1841 3611 1920 3639 nec
1951 3598 2024 3638 ille
2056 3596 2186 3638 faciet
2219 3610 2364 3638 emen-

193 3663 406 3705 dationem
440 3665 639 3719 aliquam.
674 3666 749 3708 sed
781 3680 933 3721 pacem
965 3667 1129 3708 firmam
1161 3667 1322 3709 habere
1355 3667 1500 3709 debet.

2408 2181 2439 2205 10

2405 2930 2438 2956 20

2404 3277 2436 3303 25

2405 3612 2436 3638 30
