2558 3970
151 141 173 176 4
649 133 855 168 PHILIPPI
883 134 1022 168 REGIS
1048 131 1478 167 CONSTITUTIONES.
1529 132 1626 166 1199.
1674 132 1737 167 Nr.
1755 133 1786 166 3.
1813 132 1845 166 4.

151 255 307 290 statum
351 251 554 304 optimum
602 263 771 302 semper
812 248 1062 290 dileximus.
1111 247 1162 287 ad
1202 248 1294 286 iura.
1333 248 1501 301 imperii
1549 260 1720 286 manum
1760 261 1854 286 cum
1897 247 2051 287 iniuria
2092 247 2334 287 nullatenus

151 318 409 359 extendatis.
444 317 692 370 diligentius
730 316 1020 358 attendentes.
1055 315 1166 369 quod
1200 329 1282 356 non
1317 316 1577 355 sustinemus
1607 316 1671 354 ius
1705 315 1887 355 ecclesie
1911 315 1964 355 ab
1994 316 2134 369 aliquo
2157 315 2335 356 diminui

150 392 223 427 aut
256 386 442 440 infringi.
507 386 644 439 Igitur
683 385 876 425 favorem
911 389 1099 424 vestrum
1133 388 1176 424 et
1214 383 1551 424 benivolentiam
1585 383 1954 423 excellentissimo
1988 383 2155 424 domino
2187 387 2333 424 nostro

149 454 410 494 fructuosius
446 453 702 507 impendatis
737 458 778 493 et
811 454 902 492 eius
936 452 1118 493 honores
1151 466 1201 492 ac
1234 452 1459 492 commoda
1481 452 1553 502 ita,
1586 451 1660 491 ubi
1683 451 1878 505 potestis,
1912 451 2075 505 erigere
2099 450 2334 505 dignemini

150 536 244 562 cum
279 522 448 564 effectu.
481 527 527 561 ut
560 522 728 561 iusticie
762 535 844 561 non
880 521 1123 561 dominetur
1153 520 1370 574 iniquitaS,
1405 520 1478 560 sed
1514 519 1722 560 subdatur
1753 532 1921 573 semper
1951 518 2117 559 falsitas
2151 519 2334 562 veritati.
2386 527 2401 552 ⁵

149 590 211 642 (Η
244 589 468 629 Monemus
513 589 687 643 insuper
727 593 768 628 ct
814 602 1055 642 precamur,
1097 592 1143 628 ut
1181 588 1338 628 dilecto
1381 588 1516 628 amico
1555 592 1716 637 nostro,
1757 586 1912 627 devoto
1954 591 1996 627 et
2027 586 2143 627 fideli
2175 587 2336 628 domini

150 658 282 698 nostri
319 658 430 711 regis
464 657 687 712 Pholippi)
720 655 1025 709 Mon-owardo)
1057 656 1293 696 marchioni
1326 655 1646 706 Anohonensib,
1678 655 1774 695 duci
1806 654 2098 704 Rauennensi,
2130 669 2334 709 procura-

149 726 228 766 tori
278 726 398 779 regni
441 724 601 768 Sicilie.
645 725 878 779 imperialis
919 724 1014 764 aule
1058 725 1323 774 senescalco,
1368 725 1409 764 in
1452 724 1642 778 negociis
1682 723 1841 763 domini
1882 723 2015 763 nostri
2055 723 2336 778 apostolicam

148 793 347 847 presteris
389 793 725 833 benivolentiam
768 798 810 833 et
848 792 1036 833 favorem
1078 807 1156 833 nec
1198 792 1497 833 resistentibus
1538 792 1576 833 ei
1616 792 1834 846 prebeatis
1868 791 2097 840 adiutoria,
2141 793 2251 832 sicut
2282 793 2335 834 de

149 868 288 901 vestra
324 861 575 901 confidimus
610 862 859 904 sanctitate,
895 861 1133 901 certissime
1157 861 1360 909 scientes,
1394 860 1504 915 quod
1528 861 1724 901 omnibus
1748 859 1908 900 viribus
1932 860 2084 914 quibus
2107 874 2335 915 possumus
2373 873 2406 898 10

149 929 324 969 Romam
359 931 399 969 in
433 930 551 970 brevi
587 943 681 969 cum
717 930 808 983 ipso
843 929 1014 969 domino
1047 934 1192 969 nostro
1223 929 1448 969 divinitate
1480 929 1673 984 propicia
1694 928 1919 969 veniemus
1954 942 2028 983 pro
2061 928 2336 983 imperatorie

149 999 431 1038 coronationis
465 997 675 1051 dignitate
708 998 787 1052 ipsi
823 997 1064 1038 sublimiter
1088 997 1335 1038 obtinenda.
1454 997 1516 1051 (5)
1549 997 1644 1038 Hec
1668 997 1811 1037 omnia
1834 997 1955 1037 vobis
1986 1001 2073 1037 tam
2098 1011 2153 1037 ex
2175 1002 2337 1050 nostra,

147 1067 217 1120 qui
251 1072 473 1120 presentes
510 1067 747 1106 existimus.
782 1080 908 1120 quani
943 1080 997 1106 ex
1028 1070 1150 1120 parte
1184 1066 1364 1106 aliorum
1399 1066 1637 1120 principum
1664 1066 1924 1120 scripsimus,
1958 1079 2136 1120 quorum
2159 1066 2336 1107 nuncios

147 1143 189 1174 et
223 1135 387 1174 litteras
422 1135 661 1177 habuimus.
695 1134 765 1188 qui
789 1135 918 1174 etiam
942 1134 1115 1175 domino
1139 1139 1284 1174 nostro
1306 1134 1559 1175 fidelitatem
1582 1134 1779 1175 fecerunt
1802 1139 1843 1174 et
1869 1134 2124 1182 hominium;
2158 1148 2336 1189 quorum

148 1204 317 1243 nomina
353 1209 450 1243 sunt
482 1203 578 1243 hec:
621 1203 866 1257 patriarcha
898 1202 1221 1257 Aquilegensis,
1265 1203 1617 1257 archiepiscopus
1649 1202 1911 1254 Bremensis,
1943 1202 2193 1253 verdensis,
2225 1202 2333 1243 Hal·
2373 1221 2404 1246 15

149 1270 457 1319 uerstadcnsis,
491 1271 865 1324 Merseburgensis
899 1271 1101 1325 episcopi,
1133 1270 1544 1324 Nuwenbergensis,
1576 1270 1946 1322 Monasteriensis,
1973 1269 2335 1324 Osnaburgensis,
2523 1270 2538 1314 ’ξ

147 1338 529 1392 Babenbergensis
562 1340 769 1394 episcopi,
812 1339 1116 1390 Pattauiensis,
1160 1338 1393 1389 Curiensis,
1426 1338 1703 1379 Tridentinus
1737 1339 1944 1394 episcopi,
1977 1339 2208 1390 Metensis,
2233 1338 2334 1379 Tol·
2448 1350 2450 1353 ·
2520 1334 2538 1394 3³

147 1408 292 1448 lensis.
326 1407 637 1450 Vordunensis.
682 1406 939 1448 Leodiensis
980 1408 1185 1462 episcopi,
1231 1421 1373 1448 comes
1416 1407 1631 1462 palatinus
1672 1406 1940 1461 Burgundie,
1988 1406 2075 1447 dux
2120 1405 2335 1461 Oaringie,

146 1475 230 1515 dux
266 1474 507 1518 Karinthie.
552 1475 638 1516 dux
679 1475 730 1516 (le
763 1476 899 1522 Bitcs,
942 1477 1131 1517 marchio
1172 1476 1224 1517 de
1257 1475 1551 1530 Lannesperc,
1591 1475 1780 1516 marchio
1820 1475 1872 1516 de
1906 1475 2149 1526 Voheberc,
2192 1488 2335 1516 comes

146 1544 359 1598 palatinus
393 1544 444 1585 de
478 1544 716 1599 Tuingenc,
760 1559 902 1586 eomes
934 1545 1150 1599 palatinus
1183 1544 1234 1585 de
1266 1544 1626 1595 witelinesbach,
1669 1548 1712 1584 et
1743 1544 1815 1584 alii
1847 1544 2123 1598 quamplures
2156 1543 2334 1584 comites
2371 1561 2405 1586 20

146 1618 188 1652 et
222 1612 401 1657 nobiles,
436 1626 615 1666 quorum
650 1612 718 1653 hic
752 1614 927 1654 nomina
958 1614 1203 1654 reticemus

289 1680 446 1721 Datum
483 1680 619 1735 Spire.
653 1681 705 1721 V.
739 1681 835 1722 Kal.
870 1681 1020 1723 Iuniid.

420 2088 472 2155 4.
506 2089 556 2155 5.
611 2083 1099 2155 LEGATIO
1151 2083 1299 2154 AD
1353 2082 2060 2154 PONTIFIOEM.

1075 2208 1244 2265 (1199.
1283 2209 1412 2265 Iun.)

931 2349 973 2392 4.
1014 2349 1319 2412 EPIszoLA
1349 2349 1550 2393 REGIS.
2370 2375 2403 2400 25
2520 2335 2534 2415 Ξ

289 2432 417 2473 Dedit
447 2432 512 2472 vir
542 2431 580 2472 cl.
607 2431 742 2484 Tanyl
773 2446 791 2472 c
820 2431 1005 2483 Ray-istri
1026 2431 1264 2473 Innocenti-i
1285 2431 1375 2473 ΙΙΙ.
1407 2433 1499 2472 tom.
1532 2430 1604 2481 VI,
1630 2429 1708 2485 fol.
1733 2431 1769 2480 5,
1801 2445 1861 2482 ep.
1886 2431 1953 2472 17.
2011 2428 2087 2470 Vir
2107 2429 2156 2469 cl.
2179 2427 2331 2469 Ficker

141 2501 309 2550 censuit,
349 2501 456 2542 hamc
498 2501 604 2552 regns
642 2500 884 2551 legationem
923 2513 1010 2540 mm
1049 2513 1138 2540 cum
1177 2499 1473 2541 Declaraz‘ionc
1505 2499 1745 2551 principum
1793 2504 1944 2551 (supra
1982 2511 2048 2539 mu
2076 2499 2122 2548 3)
2156 2496 2332 2538 Romam

144 2570 315 2609 missam
346 2582 440 2611 csse.
476 2594 526 2598 —
562 2568 752 2618 L'o'lemer,
785 2568 884 2622 Ray.
916 2569 1015 2620 imp.
1044 2567 1087 2618 V,
1109 2569 1177 2609 28.
1955 2565 2024 2619 (P.
2048 2566 2190 2619 deest.)

283 2705 566 2748 Reverendo³
612 2706 655 2746 in
703 2704 873 2746 Christo
922 2705 1033 2759 patri
1084 2704 1253 2746 domino
1298 2704 1551 2745 Innocentio
1599 2707 1870 2745 sacrosancte
1912 2703 2105 2744 Romane
2149 2700 2333 2743 ecclesie

142 2789 306 2816 summo
340 2775 533 2830 pontifici
565 2774 789 2828 Philippus
822 2773 905 2814 Dei
945 2774 1085 2828 gratia
1116 2773 1410 2814 Romanorum
1445 2787 1521 2814 rex
1553 2777 1596 2814 et
1628 2787 1798 2828 semper
1828 2779 2038 2826 augustus
2072 2771 2255 2812 salutem
2288 2773 2331 2810 et
2369 2789 2402 2816 30

2518 2755 2527 2771 ι

2519 2779 2532 2812 2

141 2844 314 2884 filialem
349 2843 636 2884 dilectionem.
2513 2812 2538 2951 ἶ

286 2912 368 2952 Pro
414 2912 597 2965 negotiis
636 2912 804 2966 imperii
845 2925 940 2952 cum
981 2910 1209 2951 sanctitate
1249 2914 1393 2951 vestra
1436 2909 1750 2964 pertractandis
1794 2909 2024 2949 familiares
2067 2912 2109 2949 et
2147 2907 2330 2948 dilectos
2515 2957 2535 2967 ι

145 2980 420 3034 cappellanos
444 2985 614 3020 nostros
638 2978 902 3020 Fridericum
934 2979 1199 3034 prepositum
1222 2977 1368 3019 Sancti
1391 2978 1558 3019 Thome
1581 2977 1693 3033 apud
1718 2978 2000 3032 Argentinam
2025 2980 2066 3017 et
2090 2975 2328 3017 Iohannem
2514 2971 2538 2998 ⁰

143 3054 289 3088 sancte
324 3047 517 3088 Romane
551 3048 737 3089 ecclesie
762 3047 1088 3099 subdiaconum,
1121 3048 1280 3088 latores
1304 3047 1585 3101 presentium,
1618 3046 1945 3087 transmittimus
1970 3044 2023 3085 ad
2047 3043 2328 3099 apostolicam

141 3116 548 3170 presentiam,‘'cum
580 3117 709 3171 plena
742 3115 896 3157 fiducia
927 3116 1130 3156 universa
1159 3115 1349 3169 negotia,
1382 3128 1463 3169 que
1487 3128 1581 3155 cum
1607 3115 1866 3169 paternitate
1889 3117 2035 3154 vestra
2057 3111 2327 3153 decrevimus
2366 3130 2398 3157 35

142 3184 456 3239 pertractanda,
495 3185 682 3238 ipsorum
725 3184 993 3239 providentie
1040 3183 1389 3224 commendantes
1423 3187 1466 3224 et
1498 3183 1631 3224 verba
1669 3187 1816 3223 nostra
1847 3182 1891 3222 in
1923 3195 1996 3222 ore
2029 3182 2217 3236 ipsorum
2249 3192 2326 3233 po·
2392 3216 2404 3234 ,
2478 3218 2485 3224 .

141 3258 303 3292 nentes.
356 3251 575 3306 Rogamus
608 3253 738 3306 igitur
769 3258 811 3293 et
834 3266 1056 3293 monemus
1087 3251 1399 3306 benignitatem
1422 3251 1714 3305 apostolicam,
1748 3251 1946 3305 quatinus
1969 3263 2033 3300 ea,
2066 3262 2148 3303 que
2172 3246 2328 3303 prefati

142 3320 379 3374 cappellani
411 3322 546 3361 nostri
580 3334 633 3360 cx
666 3326 788 3375 parte
823 3326 970 3362 nostra
1001 3321 1121 3361 vobis
1155 3319 1461 3370 intimaverint,
1495 3323 1662 3360 attenta
1693 3332 1796 3359 aure
1829 3317 2082 3372 intelligatis
2118 3320 2160 3356 et
2183 3314 2327 3356 verbis

140 3388 327 3442 ipsorum
360 3393 577 3443 tamquam
611 3403 635 3430 a
666 3391 836 3444 proprio
869 3403 939 3430 ore
973 3394 1118 3430 nostro
1150 3388 1325 3444 prolatis
1358 3387 1487 3429 fidem
1518 3386 1804 3439 indubitatam
1835 3385 2094 3426 adhibeatis.

277 3500 313 3535 3.
339 3501 371 3543 b)
397 3503 542 3535 Anchofi
567 3515 593 3536 c.
713 3504 742 3545 θ’)
769 3505 884 3546 Tuin'g
909 3515 934 3536 c.
1052 3501 1086 3545 d)
1112 3504 1209 3536 Iunie
1234 3515 1259 3536 c.
2365 3506 2399 3532 40

277 3568 311 3602 4.
346 3571 376 3610 a)
403 3572 568 3604 everendo
596 3589 635 3594 -—
663 3583 738 3604 sacr
764 3573 799 3604 in
823 3582 951 3604 rasura
977 3583 1002 3604 c.
