2558 3970
96 940 126 963 10

88 1287 120 1311 15

85 1633 118 1659 20

82 2324 115 2349 30

81 2669 114 2694 35

80 3013 114 3038 40

79 3377 112 3402 45

80 3661 113 3687 50

340 186 613 222 CLEMENTIS
640 187 698 221 IV.
728 187 956 222 EPISTOLA
985 190 1179 225 (foN'rnA
1215 193 1521 230 ELE(‘'1'1‹›N1·3M
1551 198 1832 233 (ΉΝΗΑΗΙΝΙ.
1885 202 1981 235 1260.
2035 203 2094 237 Nr.
2114 205 2189 238 loo.
2281 209 2360 243 5:323

166 301 450 357 predecessor
470 306 618 344 noster
641 302 920 345 Innocentius
944 305 1089 346 multis
1113 312 1336 361 speetata¹
1362 312 1512 355 oeulis,
1549 315 1692 354 multis
1726 316 1903 370 probata
1916 324 1933 348 ³¹
1957 319 2168 360 sensibus.
2203 335 2358 375 appro-

169 370 297 411 bante
330 384 449 412 sacro
482 372 677 421 concilio,
710 371 919 413 diffinivit.
984 374 1070 415 Sed
1104 376 1184 416 iam
1220 386 1346 417 ecee‘
1381 380 1520 434 prodit
1554 383 1593 422 in
1629 384 1843 437 public-um
1879 401 1959 427 non
1985 389 2228 429 transfnsn³
2262 404 2355 430 rum

168 440 332 480 semine
365 441 499 495 patris
533 440 755 496 iniquitaS,
797 441 871 481 scd
903 442 1015 482 avite
1050 445 1189 498 potius
1223 446 1383 487 ambitu
1421 451 1749 502 magnitudinis,
1791 455 1908 495 ruins
1941 457 1979 496 ei
2019 471 2120 512 sepe
2154 459 2358 498 memoria

168 509 433 559 refricaturb,
477 508 530 549 ad
575 514 775 564 nepotem
823 510 1104 565 improvidum
1146 518 1308 555 temere
1351 525 1604 572 propagata.
1683 522 1840 577 Sit-que
1882 526 2058 565 multum
2100 541 2357 582 pwpropere

165 577 352 618 tumidus
390 577 643 619 adolescens
688 578 796 619 iamc
835 593 880 619 sc
921 580 1072 620 scribit
1113 595 1257 636 regem
1293 585 1440 625 Sicilie
1485 594 1525 627 et
1571 603 1664 629 vum
1699 592 1912 646 aliquibus
1948 594 2126 634 inimicis
2159 596 2357 638 ecclesie.

164 646 432 699 Lonibardis,
467 646 732 688 Marchianis
766 652 808 688 et
840 647 1008 698 Tuscis,
1043 650 1199 704 Apulis
1233 653 1361 694 etiam
1396 662 1522 710 atque
1557 659 1714 698 Siculis
1748 661 2033 702 fraudulentis
2068 679 2113 701 sc·
2147 679 2353 705 vonum-r-

163 714 266 756 ciisd
298 716 527 771 implicat0,
560 719 817 771 potestatem
851 717 1035 758 ecclesie
1070 733 1151 760 non
1186 722 1478 770 considerans,
1519 740 1598 779 que
1634 728 1742 767 sieut
1782 744 1905 770 avum
1948 732 2039 770 eius
2073 733 2245 774 nudavit
2278 735 2350 774 im-

162 785 281 840 perio
311 785 397 826 suis
439 785 601 826 meritis
648 785 924 840 exigentibus
967 791 1096 842 atque
1140 803 1270 843 regno
1308 792 1471 835 Siviliv.
1516 795 1575 834 sie
1609 801 1649 835 et
1691 811 1786 837 vum
1830 799 1919 839 inre
1958 815 2005 839 av
2042 801 2200 842 honor«-
2236 805 2353 854 regni

161 853 493 895 Ierosolimitani
527 854 710 908 aliisque
744 854 1051 908 dignitatibus,
1086 857 1235 898 boniss
1267 865 1309 899 et.
1344 861 1519 906 iuribus,
1555 864 1588 903 si
1624 873 1737 918 quau<
1771 866 1918 912 habet,
1955 870 2123 922 privare
2159 872 2356 925 p‹›t‹·rit'¹.

163 923 243 963 nisi
267 922 345 963 sibi
371 923 552 964 consilio
577 923 755 964 meliore
779 924 1002 978 provideat
1025 930 1067 965 et
1090 926 1206 966 sedis
1229 930 1464 982 apostolice
1490 931 1772 987 beneplacitis
1797 951 1841 974 se
1867 943 2077 992 (soaph-t&
2135 940 2199 989 (23)
2228 940 2356 980 Porro

164 1006 247 1033 non
291 992 383 1033 sine
421 1006 577 1046 magna
615 991 754 1032 cordis
796 993 1084 1034 amaritudine
1126 1009 1262 1050 nuper
1301 999 1580 1053 accepimusff,
1624 1002 1735 1056 quod
1771 1005 1959 1045 nonnulli
1995 1022 2045 1046 ex
2090 1008 2167 1047 liiis
2202 1010 2351 1062 prinei>

163 1061 287 1116 pibus
321 1066 364 1102 et
404 1061 597 1116 prelatis,
641 1060 693 1101 ad
727 1075 830 1116 quos
863 1062 927 1102 ius
969 1064 1157 1117 pertinet
1190 1065 1377 1119 eligendi
1412 1067 1701 1111 Romanorum
1739 1087 1900 1126 regem,
1953 1074 2018 1115 in¹¹
2055 1076 2352 1131 imperatorem

161 1130 434 1186 postmodum
468 1130 816 1186 promovendum,
850 1131 890 1171 in
925 1146 1019 1173 eam
1054 1132 1343 1175 devenerunt¹
1377 1137 1616 1184 andaciam,
1652 1146 1697 1181 ut
1729 1156 1857 1197 super
1890 1144 2105 1184 electione
2131 1146 2352 1186 (formidini

160 1199 350 1241 eiusdem
392 1199 444 1240 ad
486 1200 710 1255 imperium
756 1200 948 1241 occultos
988 1201 1178 1243 audeant
1210 1208 1253 1245 et
1285 1210 1458 1260 apertos
1493 1208 1596 1249 inire
1630 1214 1858 1257 tractatus,
1907 1227 1984 1253 sue
2017 1214 2169 1254 salutis
2205 1215 2348 1254 imme-

158 1283 321 1322 moreS,
354 1269 500 1311 hostes
534 1269 696 1310 iustitie
729 1273 771 1309 et
803 1270 960 1324 quietis
994 1271 1166 1326 publice
1200 1273 1469 1322 turbatores,
1516 1291 1611 1317 cum
1646 1292 1725 1319 non
1763 1280 1899 1321 solum
1933 1281 2180 1323 ‹lobni—onte
2214 1289 2350 1324 atten-

155 1339 272 1392 dere,
306 1338 419 1394 quod
453 1352 674 1380 assumere
709 1339 994 1394 ineligibilem
1029 1341 1131 1381 nulli
1165 1342 1309 1395 licet'¹,
1343 1353 1520 1386 verum⁰
1553 1347 1678 1388 etiam
1713 1348 1944 1404 diligenter
1976 1351 2213 1394 advertere.
2247 1368 2351 1408 quo-

155 1408 278 1449 modo
313 1422 422 1449 nunc
457 1409 547 1450 eis1’
579 1422 807 1464 personam
843 1410 1105 1464 quamlibet,
1151 1413 1309 1453 etiaml‘
1341 1415 1455 1455 omni
1500 1418 1758 1472 exceptione
1792 1421 2014 1470 maiorem,
2058 1436 2138 1462 non
2153 1431 2168 1451 ‘¹
2206 1423 2352 1462 lim-rvr

154 1478 335 1533 eligere,
380 1478 567 1519 maxime
612 1477 828 1533 pendente
871 1479 1049 1520 duarum
1095 1481 1352 1523 electionum
1396 1486 1570 1539 negotio
1605 1502 1746 1528 eoram
1789 1490 1937 1534 nobis,
1982 1505 2063 1545 que
2097 1492 2267 1532 fuerunt
2301 1492 2351 1531 d«-

154 1547 387 1588 carissimis
422 1548 463 1588 in
498 1547 667 1588 Christo
699 1547 798 1588 filiis
832 1549 988 1589 nostris
1022 1582 1064 1591 ..
1098 1564 1199 1605 rege
1224 1551 1416 1593 Castellc
1450 1557 1493 1594 et
1516 1554 1724 1597 Riccardo
1758 1559 1934 1598 comiter
1960 1559 2190 1601 (tornutio.
2227 1562 2347 1600 viris*

155 1616 394 1657 illustribus
427 1621 470 1657 et
502 1617 742 1672 magnificis
775 1631 852 1672 per
885 1631 972 1667 eos,
1008 1618 1060 1659 ad
1095 1633 1201 1674 quos
1235 1621 1299 1660 ius
1332 1621 1516 1676 eligendi
1552 1626 1750 1679 pertinet,
1785 1627 1823 1667 in
1848 1627 2061 1669 discordia
2085 1629 2347 1669 colubrae-0.

154 1685 280 1727 Hunc
319 1690 462 1727 autem
505 1699 602 1727 esse
643 1686 821 1742 probatt
860 1686 1142 1742 ineligibilem
1176 1690 1305 1730 etatis
1339 1690 1581 1741 infirmitas,
1622 1708 1704 1749 que
1738 1695 1968 1737 inhabilem
2005 1711 2098 1737 eum
2135 1700 2264 1738 univit
2298 1699 2348 1738 ad

153 1754 358 1807 honores,
403 1761 630 1810 cumque¹¹,
677 1756 847 1796 etiamsi
886 1756 1126 1811 legitimum
1169 1759 1399 1800 terminum
1444 1763 1679 1817 attigisset,
1725 1766 1854 1806 talem
1872 1773 1887 1789 V
1920 1771 2098 1806 tamenW
2131 1767 2230 1818 eligi
2268 1783 2347 1808 non

153 1823 341 1876 deceret,
374 1825 443 1879 qui
468 1824 521 1865 de
543 1824 897 1880 persecutoribus
922 1825 1106 1867 ecclesie
1131 1828 1387 1872 manifestis.
1412 1834 1497 1870 tam
1526 1833 1744 1874 veteribus
1768 1848 1894 1888 quam
1920 1835 2148 1879 nmdernis.
2175 1837 2347 1877 trahens

152 1893 359 1948 originem
391 1894 505 1935 iusta
537 1898 685 1949 posset
715 1893 797 1935 hac
830 1893 924 1934 sola
956 1895 1120 1937 ratione
1154 1897 1324 1952 repelli;
1359 1907 1512 1953 quemx
1544 1904 1688 1943 tamen
1720 1909 1928 1958 aggravat
1964 1905 2099 1959 ipsius
2125 1906 2346 1946 manifesta

99 1979 113 2003 5
151 1963 394 2013 temeritas,
434 1977 519 2019 qua
551 1977 597 2004 se
630 1967 774 2019 parat,
808 1967 855 2004 ut
887 1963 1161 2006 evidentibus
1194 1970 1315 2021 patet
1347 1967 1537 2021 indiciis,
1580 1969 1633 2010 ad
1666 1970 1904 2013 Romanam
1939 1974 2166 2015 eeclesiam
2201 1983 2347 2015 eontra

151 2044 197 2072 se
229 2032 381 2072 merito
413 2032 745 2088 provocandam.
865 2032 928 2088 (4)
962 2032 1199 2087 Quocirca,
1238 2050 1334 2076 cum
1369 2036 1510 2079 officio
1543 2043 1689 2081 nostre
1724 2042 1943 2082 servitutis
1977 2043 2197 2084 incumbat
2231 2044 2343 2084 frau—

150 2099 276 2141 dibus
316 2105 359 2142 et
402 2102 578 2143 malitiis
621 2115 919 2158 perversorum
965 2116 1213 2155 occurrere,
1258 2119 1325 2157 ne,
1372 2106 1484 2161 quod
1529 2107 1662 2159 absit,
1707 2110 1905 2165 neglecta
1938 2112 2113 2153 valcant
2155 2113 2347 2154 incendia

150 2169 262 2211 vires
297 2184 481 2222 sumere,
516 2184 598 2226 quc
633 2171 675 2211 in
709 2171 813 2226 ipsis
848 2171 982 2212 initiis
1016 2171 1153 2213 levius
1187 2174 1482 2229 extinguntur,
1516 2190 1594 2218 nos
1627 2178 1668 2218 in
1705 2192 1855 2220 omnes
1889 2185 1931 2221 et
1965 2181 2170 2236 singulos,
2204 2183 2345 2222 cuius-

150 2252 332 2295 cumque
374 2239 596 2295 dignitatis
628 2240 697 2282 vel
744 2241 1025 2293 excellentie,
1072 2241 1452 2300 archiepiscopalis
1496 2246 1626 2287 etiam
1660 2248 1728 2288 vel
1770 2249 2029 2304 episcopalis
2063 2254 2136 2290 aut
2169 2250 2347 2290 alterius

152 2308 444 2350 ecclesiastice
478 2310 546 2350 vel
579 2310 784 2350 secularis
825 2311 1056 2362 existant),
1098 2312 1405 2368 cuiuscumque
1450 2314 1534 2355 sint
1566 2316 1746 2370 gradus,
1791 2318 2050 2359 condicionis
2084 2319 2149 2360 vel
2185 2319 2345 2360 ordinis

152 2377 244 2419 sive
276 2392 430 2431 sexus,
464 2379 535 2434 qui
568 2393 645 2435 per
676 2383 883 2421 tractatus
916 2379 1110 2435 publicos
1142 2382 1211 2423 vel
1245 2383 1436 2424 occultos
1471 2398 1546 2425 seu
1580 2398 1871 2442 quoscumque
1905 2389 2008 2429 alios
2041 2388 2213 2429 modosz
2246 2403 2344 2443 pro-

151 2447 362 2489 curabunt
404 2447 506 2490 dicti
549 2447 773 2489 Corradini
819 2449 1133 2504 promotionem
1180 2451 1221 2491 in
1254 2450 1547 2494 Romanorum
1593 2468 1738 2510 regem
1780 2456 1874 2496 vela
1906 2457 2229 2512 imperatorem,
2274 2463 2346 2498 aut

150 2515 393 2557 huiusmodi
426 2517 682 2559 tractatibus
716 2518 1027 2571 consenserint,
1060 2519 1127 2560 vel
1160 2519 1270 2561 hocb
1303 2522 1633 2576 procurantibus
1666 2523 1830 2566 dabunt
1863 2526 2101 2569 consilium,
2135 2526 2341 2567 auxilium

150 2584 243 2626 vele
265 2585 468 2638 favorem,
502 2590 544 2628 et
565 2587 607 2628 in
629 2601 792 2640 omnes,
826 2587 898 2643 qui
920 2587 974 2628 ad
996 2587 1039 2628 id
1061 2589 1380 2644 procurandum
1404 2592 1471 2632 vel
1493 2592 1706 2647 agendum
1731 2595 2021 2645 convenerint,
2048 2596 2341 2636 exconnnuni-

151 2653 334 2696 cationis
356 2656 614 2698 sententiam
638 2657 963 2713 promulgamus
986 2661 1041 2709 et,
1077 2658 1369 2701 anathematis
1400 2674 1474 2702 cos
1498 2662 1668 2703 vinculo
1702 2663 1971 2715 innodantes,
2007 2669 2142 2705 terras
2167 2678 2313 2705 eorum
2326 2664 2343 2688 ‘¹

149 2724 445 2766 ecclesiastico
487 2725 723 2767 subicimus
760 2725 1001 2767 interdicto.
1072 2726 1190 2782 Siqui
1225 2742 1326 2770 vero
1366 2728 1419 2770 ad
1458 2730 1589 2785 ipsius
1630 2732 1916 2773 electionem⁰
1957 2733 2265 2788 processerint,
2307 2733 2340 2773 si

149 2795 368 2851 principes
399 2796 572 2848 fuerint,
607 2810 680 2838 eos
713 2800 757 2838 et
787 2797 972 2839 heredes
996 2797 1168 2839 eorums
1199 2799 1437 2855 perpetuod
1469 2801 1666 2842 omnibus
1699 2801 1839 2842 feudis
1872 2805 1914 2842 et
1946 2801 2193 2848 honoribus,
2227 2809 2342 2856 (μιωζ

148 2863 202 2904 ab
235 2864 434 2906 ecclesiis
466 2865 534 2907 vel
566 2867 764 2922 personis
798 2866 1135 2908 ecclesiasticish
1168 2868 1377 2921 obtinent,
1412 2873 1454 2911 et
1485 2874 1572 2911 tam
1606 2884 1680 2911 eos
1710 2884 1836 2925 quam
1869 2871 2168 2926 posteritatem
2193 2885 2338 2911 eorum

148 2945 286 2987 usque
318 2932 372 2974 ad
404 2939 599 2990 quartam
631 2936 958 2990 generationem
999 2936 1111 2978 iurei
1143 2937 1333 2992 eligendi
1366 2937 1660 2980 Romanorum
1707 2953 1852 2993 regem
1885 2939 2121 2995 apostolica
2153 2940 2338 2979 auetori-

148 3000 267 3042 tatek
297 3003 515 3058 privamus
555 3008 599 3045 et
640 3005 816 3060 insuper
856 3004 1113 3046 eorundem¹
1144 3006 1254 3047 filios
1301 3007 1477 3049 elericos
1521 3022 1658 3063 usque
1701 3008 1752 3049 ad
1786 3013 1982 3063 quartam
2015 3008 2338 3060 generationem

148 3069 365 3112 reddimus
398 3087 572 3128 prorsus
605 3073 819 3114 inhabiles
852 3073 905 3114 ad
938 3074 1169 3129 dignitates
1205 3076 1271 3116 vel
1306 3076 1517 3118 beneficia
1550 3077 1844 3118 ecclesiastica
1871 3076 2113 3118 obtinenda.
2170 3076 2211 3115 Si
2239 3090 2337 3116 vero

284 3196 372 3233 406.
397 3199 430 3242 Χ)
455 3206 639 3245 conspecta
663 3201 696 3233 Β
714 3201 749 3242 1;
775 3201 928 3244 inspecta
953 3201 986 3233 Β
1002 3200 1033 3234 2.
1173 3201 1206 3245 y)
1232 3204 1450 3246 comprobata
1477 3203 1510 3236 B
1528 3203 1557 3236 1.
1583 3202 1614 3236 2.
1754 3204 1782 3244 z)
1807 3215 1885 3236 ecce
1911 3204 1978 3235 iam
2007 3204 2039 3235 (J.
2174 3202 2205 3244 ¹¹)
2232 3209 2337 3235 trans-

148 3260 260 3289 sumta
286 3256 321 3289 Ο.
436 3256 467 3297 b)
493 3264 671 3292 revocatur
698 3259 732 3292 0.
862 3257 892 3301 c)
918 3260 986 3292 iam
1012 3277 1053 3282 —
1079 3264 1112 3292 et
1136 3259 1204 3292 cles.
1225 3259 1259 3292 Ο.
1391 3259 1425 3302 d)
1452 3285 1566 3293 .....
1597 3262 1629 3294 (1,
1751 3262 1781 3302 e)
1805 3261 1951 3303 applicat
1978 3260 2012 3292 C.
2131 3258 2160 3299 s)
2187 3260 2275 3291 deest
2303 3261 2337 3292 (ι’.

147 3311 182 3354 8)
206 3324 272 3356 que
300 3314 335 3348 0.
451 3313 484 3357 h)
510 3321 575 3360 pot.
602 3317 687 3360 priv.
716 3316 750 3349 (J.
867 3315 891 3358 i)
917 3317 1099 3360 recipimus
1127 3316 1162 3350 C.
1286 3315 1320 3359 k)
1346 3318 1388 3351 ad
1416 3318 1449 3350 C.
1574 3317 1598 3359 ¹)
1625 3319 1780 3351 venerint
1807 3318 1838 3350 C.
1958 3323 2001 3358 ¹¹¹)
2033 3317 2107 3350 deb.
2135 3329 2200 3349 non
2227 3318 2335 3350 solum

147 3369 181 3402 B
198 3369 229 3403 1.
245 3369 278 3404 3.
297 3371 327 3405 5.
357 3371 391 3404 Ο.
523 3373 557 3416 ¹¹)
593 3374 696 3407 liceat
723 3373 757 3406 C.
899 3372 932 3417 o)
970 3385 1087 3406 verum
1122 3392 1161 3397 -—
1196 3375 1364 3407 celebrate
1397 3375 1466 3408 cles.
1485 3374 1517 3407 B
1535 3375 1566 3408 Γ).
1707 3376 1738 3416 1))
1775 3376 1822 3407 cis
1854 3380 2006 3417 paratum
2033 3374 2217 3416 quemlibet
2242 3380 2273 3406 et
2302 3377 2335 3406 (ι’.

147 3426 180 3469 ¹1)
207 3428 295 3462 deest
319 3428 363 3461 A.
389 3429 422 3461 Β
439 3428 467 3462 l.
497 3430 530 3464 O.
625 3431 652 3471 r)
677 3442 757 3474 rege
785 3431 820 3464 Ο.
914 3432 942 3473 s)
969 3432 1041 3464 coco
1067 3432 1148 3464 viris
1175 3450 1217 3455 ——-
1245 3433 1434 3475 magnificis
1459 3433 1509 3464 L':
1535 3434 1567 3465 in
1594 3434 1822 3465 Romanorum
1849 3443 1945 3474 reges
1971 3432 2095 3464 electis.
2190 3432 2216 3474 t)
2244 3433 2335 3474 prob.

146 3495 219 3519 esse
245 3485 280 3519 C.
374 3488 408 3529 ¹²)
434 3488 533 3521 cuius
558 3488 600 3521 A.
622 3489 665 3527 C,·
697 3496 730 3522 et
753 3495 792 3522 ut
816 3488 849 3521 Β
866 3488 898 3522 2.
991 3488 1024 3532 V)
1051 3500 1129 3522 eum
1155 3489 1187 3521 B
1207 3489 1234 3521 1.
1260 3488 1360 3522 3—5.
1388 3491 1431 3528 (,';
1465 3490 1555 3523 deest
1578 3490 1610 3522 B
1627 3489 1658 3523 52.
1752 3494 1791 3530 w)
1817 3490 1918 3523 talem
1944 3489 2026 3521 add.
2048 3491 2081 3520 (s.
2176 3488 2209 3532 x)
2235 3501 2334 3530 qnam

147 3541 190 3576 A.
215 3543 248 3575 B
266 3543 304 3584 13
328 3555 430 3586 quem
455 3563 496 3568 —-
524 3547 772 3589 provocandam
798 3546 867 3579 cles.
887 3545 923 3579 G.
1025 3545 1058 3587 y)
1084 3547 1209 3578 existat
1234 3546 1270 3578 (J.
1372 3548 1400 3586 z)
1426 3548 1484 3588 qni
1511 3547 1667 3590 pretactis
1693 3547 1837 3589 publicis
1863 3547 1916 3578 vel
1942 3546 2083 3578 occultis
2109 3557 2167 3578 seu
2195 3546 2330 3588 quibus-

146 3611 292 3644 cumque
315 3603 391 3635 aliis
415 3604 522 3636 modis
550 3604 585 3638 G.
724 3604 756 3647 a)
795 3604 849 3637 vel
877 3621 914 3626 —
943 3605 1093 3636 favorem
1119 3604 1189 3636 cles.
1207 3603 1240 3635 B
1256 3603 1355 3637 3—5.
1496 3603 1530 3646 b)
1568 3605 1619 3636 his
1647 3604 1680 3637 O.
1821 3603 1850 3643 ⁰)
1882 3609 1914 3636 et
1941 3603 1975 3635 C.
2116 3600 2150 3643 d)
2183 3603 2271 3633 ‹lec-sl
2299 3603 2333 3634 (χ’.

148 3655 180 3699 e)
205 3658 248 3691 el.
273 3659 379 3702 ipsius
406 3659 441 3692 0.
547 3659 577 3704 ¹')
603 3661 752 3704 ipsorum
778 3661 813 3694 C.
932 3660 966 3703 g)
991 3672 1076 3704 quos
1104 3661 1137 3694 ζ’.
1246 3659 1279 3703 ¹¹)
1305 3662 1386 3695 eccl.
1413 3672 1500 3705 pers.
1528 3662 1563 3695 (J.
1670 3660 1694 3703 i)
1722 3662 1794 3694 iure
1821 3678 1859 3682 —
1887 3661 2140 3703 generationem
2167 3660 2234 3692 des.
2254 3659 2285 3690 J}
2302 3658 2332 3691 4.

145 3711 178 3756 k)
204 3721 293 3749 auct.
317 3728 371 3759 ap.
397 3718 431 3750 O.
550 3716 573 3758 ¹)
589 3730 714 3760 ‚eorum
743 3720 778 3752 Ο.
