2558 3970
16 1418 96 1442 ''ahl-
120 1420 198 1443 1.1]“ι.

44 1452 123 1476 ‘'aiat.
141 1456 153 1475 1’

15 2936 112 2961 ali-221.

42 1361 122 1385 (sant.
140 1366 163 1386 ’.κ
176 1363 199 1385 d.

39 1633 198 1660 ἱ’·,119..·’».

243 155 317 194 152
718 150 956 184 FRIDERICI
983 150 1027 183 H.
1053 148 1479 183 CONSTITUTIONES.
1532 149 1626 183 1230.
1677 149 1740 184 Nr.
1762 150 1835 183 147.
1864 150 1938 184 148.

237 267 435 321 prodiens
469 270 718 319 operaretur
748 265 927 317 gratiam
963 264 1225 317 ampliorem.
1280 263 1542 303 Remisimus
1567 267 1709 304 autem
1733 264 1978 318 specialiter
2000 264 2180 317 singulis
2215 269 2258 305 et
2281 280 2413 319 gene-

237 334 381 373 raliter
420 333 629 372 universis
671 333 740 386 qui
783 337 928 371 coiitra
974 346 1048 371 nos
1082 331 1180 371 olim
1222 345 1386 371 summo
1426 331 1613 385 pontifici
1647 330 1926 379 adheserunt,
1970 336 2013 372 et
2046 333 2087 372 in
2121 332 2199 372 hiis
2231 337 2274 373 et
2306 334 2415 383 aliis,

235 417 316 455 quc
360 401 437 441 sibi
476 406 595 453 grata
640 402 828 441 fuerunt.
872 400 1110 454 apostolice
1154 399 1534 440 condescendimus
1577 399 1803 447 voluntati,
1843 398 2052 440 habentes
2091 414 2187 441 eum
2225 401 2267 441 in
2300 403 2415 442 omni

237 470 494 510 reverentia.
539 483 622 522 qua
655 469 735 508 sibi
769 475 982 522 tamquam
1016 469 1141 508 unico
1171 474 1213 508 ct
1244 468 1475 508 universali
1509 468 1617 522 patri
1648 471 1864 516 tenemur,
1897 472 1939 508 ct
1970 482 2048 508 nos
2081 469 2120 509 ei
2151 482 2228 523 pro
2261 469 2415 511 devoto

236 539 418 578 ecclesie
451 538 534 577 filio
568 537 825 577 exhibentes
860 537 901 576 in
936 550 984 576 eo
1009 536 1176 576 vinculo
1200 537 1406 586 caritatis,
1440 550 1522 590 quo
1547 535 1837 576 sacerdotium
1860 540 1902 576 et
1930 536 2155 591 imperium
2176 536 2412 579 adinvicem

235 615 331 645 sunt
364 606 601 646 coniuncta.
665 605 805 659 Super
837 605 993 659 quibus
1027 605 1238 649 omnibus,
1272 605 1396 659 quiac
1429 618 1502 644 vos
1537 604 1733 659 cupimus
1766 608 2010 645 nostrorum
2034 619 2130 646 esse
2163 606 2416 661 participem

233 673 499 725 gaudiorum.
532 674 804 714 ditm-tionmn
838 678 1023 713 vestram
1058 673 1184 727 plene
1218 677 1377 713 certam
1411 673 1500 713 fieri
1535 672 1730 712 volumus
1763 675 1805 713 ct
1836 672 2075 714 iocundam.

309 841 406 883 148.
446 842 745 884 EPISTULA
782 842 1099 884 GREGORH
1126 843 1210 883 IX.
1243 842 1332 883 AD
1364 842 1595 883 REGEM
1618 841 2023 884 FRANGORUM.
2076 842 2205 895 (Sept.
2241 842 2348 892 Oct.)

377 923 473 975 Rosa.
508 936 571 962 ην.
594 926 670 973 :31;
708 922 865 963 Perseia·
903 923 1115 974 arcmplcer
1151 922 1426 976 supplcmlmn
1457 925 1546 963 crat
1577 936 1596 963 c
1628 922 1852 977 Raymtlclo
1882 936 1921 964 a.
1946 923 2056 962 1230
2085 923 2114 977 ἕ
2136 924 2200 963 13.
2261 921 2415 964 Eodem

233 991 346 1031 modo
380 991 616 1044 It'odwzbcm
649 991 683 1041 I,
716 1005 778 1031 nr.
802 994 897 1031 115).
968 991 1174 1032 IIecillard
1183 991 1420 1033 -ΒνάΙιοῖῐθε
1450 990 1539 1041 ΙΙΙ,
1560 992 1644 1031 229
1684 990 1926 1031 alentionem
1966 992 2128 1031 tantum
2161 990 2262 1044 fecit
2291 990 2415 1031 latius

232 1061 521 1111 qulstnla12—
554 1059 1328 1111 lotthast,11'1‹s.]›‹mt.Romana.
1391 1058 1584 1108 Bmmoer,
1618 1058 1716 1110 ch.
1749 1058 2067 1110 imp-1268&

2066 1126 2137 1181 (P.
2158 1126 2277 1176 275.)

378 1209 538 1250 illustri
573 1209 662 1263 regi
695 1208 971 1249 Francorum.
1034 1208 1277 1249 Ecclesiam
1319 1222 1440 1248 suam
1473 1207 1682 1248 Dominus
1724 1207 1926 1248 continua
1963 1208 2125 1263 pietate
2158 1207 2418 1259 custodiens,

233 1292 358 1332 quam
400 1279 441 1318 in
484 1277 628 1317 multis
670 1277 752 1317 sibi
794 1277 1139 1317 miserationibus
1178 1276 1487 1331 desponsatam
1527 1280 1646 1317 tanta
1677 1276 1854 1316 caritate
1887 1276 2205 1330 complectitur,
2247 1280 2294 1317 ut
2323 1277 2418 1332 ipsa

233 1347 370 1387 levam
404 1347 496 1387 eius
529 1345 607 1385 sub
640 1346 779 1400 capite
811 1359 886 1386 suo
921 1346 1112 1386 sentiens
1145 1349 1187 1385 et
1209 1345 1433 1386 dexteram
1467 1344 1509 1384 in
1541 1343 1755 1398 amplexu,
1790 1344 2023 1385 letabunda
2055 1344 2185 1385 dicat:
2220 1344 2414 1385 ‘dilectus

233 1429 351 1455 meus
385 1415 494 1454 iuter
534 1414 665 1455 ubera
708 1428 803 1454 mea
835 1414 1186 1463 commorabitur,
1230 1427 1282 1454 ne
1316 1413 1529 1453 dimittam
1570 1412 1690 1452 illum
1723 1412 1861 1453 donec
1894 1426 1961 1453 me
1994 1411 2238 1453 introducat
2268 1413 2310 1453 in
2341 1426 2417 1453 sue

232 1483 472 1523 cubiculum
509 1481 752 1536 genitricis]
795 1495 896 1536 sepe
934 1482 1069 1536 ipsam
1112 1481 1315 1537 temptari
1354 1481 1581 1536 permittit,
1621 1494 1674 1522 ne
1708 1481 1786 1521 sibi
1819 1481 1966 1522 forsan
2000 1481 2176 1522 innoxia
2206 1480 2418 1534 videatur,

233 1562 295 1591 set
329 1551 494 1592 erudita
526 1551 667 1605 potius
701 1550 754 1591 ad
787 1551 983 1601 salutem,
1018 1556 1188 1592 terrena
1217 1550 1430 1605 despiciat
1459 1554 1501 1591 et
1533 1549 1713 1590 celestia
1737 1550 2013 1604 concupiscat
2045 1549 2162 1591 etad
2186 1563 2417 1604 supernam

230 1621 412 1675 patriam
444 1619 646 1660 ardenter
678 1619 873 1674 aspirans
907 1619 1066 1660 defleat
1096 1619 1330 1660 incolatum
1360 1633 1482 1660 suum
1516 1632 1612 1659 cum
1644 1618 1940 1660 habitantibus
1967 1618 2107 1660 Cedar
2137 1632 2233 1660 esse
2257 1618 2416 1659 diutius

228 1690 542 1743 prolongatum.
593 1687 935 1743 Verumptamen
967 1702 1019 1729 ne
1052 1689 1181 1729 nimio
1211 1688 1362 1730 timore
1386 1687 1593 1729 deterrita
1615 1688 1656 1728 in
1682 1687 1996 1729 exercitatione
2029 1687 2125 1742 plus
2151 1687 2295 1728 debito
2318 1701 2415 1742 per—

230 1758 444 1798 turbetur.
488 1770 757 1811 nequaquam
791 1771 885 1797 eam
917 1756 1127 1797 Dominus
1160 1757 1273 1798 ultra
1305 1757 1508 1811 temptari
1550 1756 1711 1811 patitur
1743 1769 1868 1811 quam
1901 1756 2042 1797 valeat
2081 1756 2317 1807 sustinere,
2351 1760 2418 1797 set

235 1828 393 1867 faciens
428 1840 522 1867 cum
556 1827 838 1880 temptatione
871 1830 1146 1880 proventum,
1187 1826 1322 1880 ipsam
1353 1824 1690 1866 misericorditer
1723 1825 1988 1876 consolatur,
2023 1825 2080 1865 ita
2112 1828 2159 1865 ut
2191 1828 2234 1866 et
2266 1823 2418 1866 eadem

232 1900 452 1947 gratanter
485 1894 683 1935 exultans
719 1899 861 1934 cantet
893 1893 1065 1934 Domini
1098 1893 1412 1935 misericordias
1444 1895 1487 1934 in
1521 1897 1731 1934 eternum.
1795 1893 1907 1934 Sane
1939 1893 2044 1933 satis
2073 1906 2210 1947 nuper
2233 1893 2418 1934 ecclesia

232 1968 439 2017 temptata
473 1964 616 2004 extitit
649 1966 691 2003 et
724 1962 915 2008 turbata.
956 1962 1056 2003 dum
1090 1963 1336 2004 carissimus
1369 1963 1412 2002 in
1446 1960 1620 2002 Christo
1652 1961 1764 2002 filius
1796 1965 1944 2002 noster
1976 1960 2221 2002 Fridericus
2253 1961 2414 2002 Roma-

231 2046 380 2072 norum
425 2033 658 2087 imperator
701 2031 879 2071 illustris
914 2045 1085 2087 semper
1116 2035 1347 2086 augustus,
1388 2044 1467 2072 rex
1509 2030 1674 2082 Sicilie,
1718 2043 1845 2085 quem
1885 2043 1961 2084 pre
2004 2029 2286 2084 participibus
2327 2030 2415 2071 suis

231 2101 443 2141 honorans
476 2101 695 2142 excelsum
735 2114 810 2154 pre
850 2101 1022 2155 regibus
1063 2104 1177 2142 terre
1209 2100 1332 2151 fecit,
1374 2099 1577 2141 seductus
1609 2099 1821 2139 malivolis
1854 2098 2211 2152 suggestionibus
2240 2112 2415 2153 perver-

231 2183 371 2209 sorum
410 2174 590 2210 matrem
634 2182 836 2223 spernere
877 2169 1122 2220 videbatur,
1164 2169 1311 2209 multis
1353 2168 1492 2223 ipsum
1534 2167 1730 2221 nequiter
1766 2166 2073 2221 instigantibus
2117 2170 2267 2207 contra
2306 2180 2414 2208 eam.

49 2267 77 2280 ,.
139 2259 150 2281 2
174 2260 196 2282 s.
231 2236 373 2283 Quare
406 2237 577 2277 diversa
609 2236 783 2277 dissidia
815 2236 1098 2291 pullulabant,
1130 2237 1190 2277 ita
1213 2236 1327 2291 quod
1355 2250 1462 2290 gens
1496 2238 1730 2289 exurgeret
1753 2238 1900 2275 contra
1921 2239 2094 2289 gentem
2127 2239 2170 2276 et
2194 2235 2415 2290 opiniones

230 2305 441 2345 bellorum
475 2306 735 2360 multiplices
769 2309 1072 2356 tractarentur,
1105 2319 1159 2347 ex
1191 2305 1344 2360 quibus
1379 2305 1542 2345 infinita
1565 2304 1707 2345 multis
1740 2308 1937 2359 poterant
1958 2304 2176 2345 formidari
2207 2303 2416 2359 pericula,

38 2402 47 2410 ,
140 2400 152 2418 ,,
191 2374 384 2428 aquibus
424 2388 508 2414 non
542 2374 726 2428 compati
768 2374 1017 2415 nullatenus
1059 2379 1319 2429 poteramus.
1382 2374 1469 2415 Sed
1501 2373 1676 2414 tandem
1713 2372 1993 2427 magnificans
2026 2372 2237 2413 Dominus
2268 2373 2411 2413 facere

126 2940 214 2963 1212.

58 3012 100 3028 ‘¹¹¹3
118 3012 140 3031 21
158 3010 198 3031 'l-i.

232 2442 466 2491 nobiscum,
500 2442 780 2497 magnificans
802 2442 1013 2483 Dominus
1035 2443 1179 2485 facere
1204 2457 1300 2484 cum
1324 2442 1422 2494 illis,
1456 2449 1616 2497 quarea
1637 2441 1738 2483 facti
1762 2455 1908 2482 sumus
1938 2442 2138 2491 letantes,
2173 2441 2416 2493 multorum,

230 2519 275 2550 ut
315 2510 586 2562 confidimus,
629 2511 893 2551 orationibus
933 2512 1163 2552 inclinatus
1205 2511 1446 2552 humiliavit
1488 2524 1560 2552 cor
1596 2510 1800 2566 principis
1842 2514 1885 2551 et
1924 2509 1980 2550 ad
2016 2510 2163 2550 matris
2203 2510 2415 2565 gremium

232 2580 460 2630 revocavit,
493 2580 594 2620 dum
627 2579 916 2620 mediantibus
949 2579 1215 2635 principibus
1248 2580 1507 2620 Alamannie
1538 2583 1627 2620 tam
1651 2579 1957 2620 ecclesiasticis
1981 2592 2108 2633 quam
2132 2578 2415 2632 secularibus,

231 2653 415 2687 tractatu
447 2649 564 2702 pacis
598 2648 820 2701 prehabito
855 2652 897 2689 et
928 2648 980 2688 ab
1013 2653 1192 2703 utraque
1224 2653 1347 2703 parte
1378 2648 1662 2689 communiter
1683 2651 1920 2702 acceptato,
1950 2646 2062 2687 idem
2086 2647 2139 2688 ad
2162 2647 2413 2688 mandatum

232 2716 414 2756 ecclesie
448 2715 618 2756 rediens
652 2716 870 2757 humiliter
903 2721 946 2757 et
977 2717 1131 2758 devote
1165 2717 1449 2757 absolutionis
1482 2716 1741 2757 beneficium
1771 2716 1926 2756 meruit
1955 2715 2168 2766 obtinere,
2201 2716 2309 2757 alias
2330 2716 2412 2757 Dei

231 2790 271 2822 ct
314 2784 498 2824 ecclesie
543 2784 822 2839 beneplacitis
867 2785 1061 2827 hilariter
1100 2800 1146 2827 se
1190 2785 1423 2827 offerendo.
1492 2784 1618 2825 Unde
1659 2798 1754 2825 cum
1799 2789 1892 2839 post
1932 2784 2124 2825 nubilum
2163 2786 2326 2839 gratius
2359 2786 2416 2826 sit

232 2866 428 2892 serenum
473 2857 513 2893 ct
552 2853 757 2907 gaudium
797 2855 1015 2908 acceptius
1056 2858 1153 2909 post
1185 2854 1395 2904 dolorem,
1438 2858 1575 2895 mater
1606 2854 1794 2894 ecclesia
1834 2854 1876 2893 in
1914 2854 2021 2894 tanti
2060 2854 2308 2909 receptione
2340 2854 2415 2895 filii

231 2921 383 2961 merito
415 2920 667 2972 iucundata,
711 2922 872 2975 gratias
905 2923 994 2976 agit
1026 2924 1084 2974 ci,
1126 2924 1197 2977 qui
1229 2937 1315 2964 non
1347 2923 1390 2962 in
1423 2922 1591 2963 turbine
1623 2936 1703 2963 nec
1734 2922 1776 2961 in
1808 2922 1926 2975 igne,
1970 2921 2045 2963 sed
2076 2922 2118 2962 in
2152 2921 2277 2963 sibilo
2311 2935 2414 2964 aure

232 2989 371 3028 tenuis
406 3003 613 3044 apparere
646 2989 847 3044 <lignatus
880 3004 1031 3044 pacem
1064 2990 1304 3031 hominibus
1338 2990 1448 3031 bone
1472 2990 1702 3031 voluntatis
1736 2989 1919 3030 reddidit
1951 2990 2196 3030 salutarem.
2251 2989 2416 3031 Verum

231 3057 327 3108 quia
362 3071 586 3097 commune
620 3050 736 3112 pacis
768 3058 925 3098 bonum
959 3059 1162 3113 gaudium
1194 3058 1324 3099 debet
1355 3072 1451 3099 esse
1484 3072 1727 3107 commune,
1761 3058 1874 3112 quod
1906 3062 2155 3099 cunctorum
2189 3057 2412 3100 desideriis

231 3125 368 3164 fuerat
408 3125 716 3179 expetendum.
763 3126 1058 3167 celsitudinem
1100 3128 1263 3181 regiam
1303 3141 1519 3181 rogamusz,
1562 3140 1785 3167 monemus
1819 3131 1860 3166 et
1892 3126 2113 3167 hortamur
2145 3127 2185 3166 in
2218 3126 2416 3178 Domino,

231 3198 441 3245 quatenus
483 3195 760 3247 magnificans
793 3194 1025 3236 Dominum
1057 3209 1110 3236 cx
1154 3195 1278 3236 corde
1318 3196 1540 3236 nobiscum
1575 3195 1827 3250 suppliciter
1859 3195 2052 3250 postules
2085 3194 2138 3235 ab
2171 3194 2336 3245 eodem,
2369 3198 2416 3236 ut

232 3273 380 3313 pacem
429 3262 648 3302 continuet
697 3268 740 3303 ct
787 3264 1028 3314 confirmet,
1077 3265 1248 3319 aliaque
1297 3264 1608 3304 conservationi
1649 3264 1768 3318 pacis
1811 3263 2030 3318 cooperari
2080 3262 2217 3303 modis
2261 3263 2416 3317 quibus

232 3330 392 3382 poteris
425 3344 508 3369 non
541 3330 742 3372 desistas
787 3332 846 3372 ita
877 3333 990 3387 quod
1021 3333 1371 3388 propitiationem
1403 3333 1591 3373 divinam
1624 3346 1677 3373 ex
1710 3332 1790 3372 hoe
1822 3331 1997 3372 uberius
2030 3331 2236 3372 merearis
2270 3335 2313 3372 et
2341 3345 2416 3372 nos

231 3397 520 3438 sinceritatem
552 3403 667 3438 tuam
704 3401 916 3453 possimus
949 3402 1100 3442 merito
1134 3401 1452 3442 commendare.

375 3465 420 3504 In
455 3466 645 3506 ‹iusdtm
678 3468 812 3508 sonna
846 3469 1035 3510 mandati
1071 3470 1274 3524 scriptum
1309 3475 1373 3509 (st
1406 3469 1639 3509 rectoribus
1672 3441 1948 3508 fratelnitatis
1982 3467 2126 3508 Urbis.

370 3566 450 3600 147.
484 3575 512 3604 ⁰)
540 3571 595 3610 qui
624 3582 647 3600 c.

369 3623 452 3657 148.
479 3630 508 3664 ³)
535 3626 656 3657 abhinc
681 3638 696 3657 e
725 3627 921 3668 Ιίιιμνίαίιίο.

2452 1002 2485 1026 10

2453 1355 2484 1379 15

2453 1695 2487 1721 20

2452 2037 2485 2063 25

2449 2387 2484 2411 30

2451 2728 2483 2752 35

2451 3069 2485 3093 40

2451 3420 2482 3444 45
