<?xml version="1.0" encoding="UTF-8"?>
<!DOCTYPE html PUBLIC "-//W3C//DTD XHTML 1.0 Transitional//EN"
    "http://www.w3.org/TR/xhtml1/DTD/xhtml1-transitional.dtd">
<html xmlns="http://www.w3.org/1999/xhtml" xml:lang="en" lang="en">
 <head>
  <title>
</title>
<meta http-equiv="Content-Type" content="text/html;charset=utf-8" />
  <meta name='ocr-system' content='tesseract 3.04.00' />
  <meta name='ocr-capabilities' content='ocr_page ocr_carea ocr_par ocr_line ocrx_word'/>
</head>
<body>
  <div class='ocr_page' id='page_1' title='image "./monumentager02geseuoft_0170.png"; bbox 0 0 2558 3970; ppageno 0'>
   <div class='ocr_carea' id='block_1_1' title="bbox 211 130 1909 178">
    <p class='ocr_par' dir='ltr' id='par_1_1' title="bbox 211 130 1909 178">
     <span class='ocr_line' id='line_1_1' title="bbox 211 130 1909 178; baseline -0.005 -8"><span class='ocrx_word' id='word_1_1' title='bbox 211 140 285 178; x_wconf 73' lang='lat'>134</span> <span class='ocrx_word' id='word_1_2' title='bbox 686 134 926 169; x_wconf 76' lang='lat' dir='ltr'>FRIDERICI</span> <span class='ocrx_word' id='word_1_3' title='bbox 953 135 996 168; x_wconf 90' lang='lat'>11.</span> <span class='ocrx_word' id='word_1_4' title='bbox 1023 130 1450 168; x_wconf 75' lang='lat' dir='ltr'>CONSTITUTIONES.</span> <span class='ocrx_word' id='word_1_5' title='bbox 1503 131 1599 165; x_wconf 71' lang='lat'>1226.</span> <span class='ocrx_word' id='word_1_6' title='bbox 1649 130 1712 165; x_wconf 88' lang='lat' dir='ltr'>Nr.</span> <span class='ocrx_word' id='word_1_7' title='bbox 1733 131 1807 165; x_wconf 86' lang='lat'>105.</span> <span class='ocrx_word' id='word_1_8' title='bbox 1836 131 1909 165; x_wconf 76' lang='lat'>106.</span> 
     </span>
    </p>
   </div>
   <div class='ocr_carea' id='block_1_2' title="bbox 203 243 2388 509">
    <p class='ocr_par' dir='ltr' id='par_1_2' title="bbox 203 243 2388 509">
     <span class='ocr_line' id='line_1_2' title="bbox 206 243 2386 299; baseline -0.003 -9"><span class='ocrx_word' id='word_1_9' title='bbox 206 251 520 290; x_wconf 74' lang='lat' dir='ltr'>contumaciam</span> <span class='ocrx_word' id='word_1_10' title='bbox 556 256 597 289; x_wconf 85' lang='lat' dir='ltr'>ct</span> <span class='ocrx_word' id='word_1_11' title='bbox 631 250 808 289; x_wconf 82' lang='lat' dir='ltr'>iniurias</span> <span class='ocrx_word' id='word_1_12' title='bbox 842 248 1106 290; x_wconf 79' lang='lat' dir='ltr'>eorumdem.</span> <span class='ocrx_word' id='word_1_13' title='bbox 1140 246 1373 288; x_wconf 83' lang='lat' dir='ltr'>secundum</span> <span class='ocrx_word' id='word_1_14' title='bbox 1408 246 1584 286; x_wconf 84' lang='lat' dir='ltr'>formam</span> <span class='ocrx_word' id='word_1_15' title='bbox 1620 245 1807 286; x_wconf 85' lang='lat' dir='ltr'>mandati</span> <span class='ocrx_word' id='word_1_16' title='bbox 1831 245 2054 299; x_wconf 89' lang='lat' dir='ltr'>apostolici</span> <span class='ocrx_word' id='word_1_17' title='bbox 2080 243 2386 285; x_wconf 85' lang='lat' dir='ltr'>sentenciando</span> 
     </span>
     <span class='ocr_line' id='line_1_3' title="bbox 207 313 2386 373; baseline -0.002 -17"><span class='ocrx_word' id='word_1_18' title='bbox 207 318 439 373; x_wconf 78' lang='lat' dir='ltr'>procedere</span> <span class='ocrx_word' id='word_1_19' title='bbox 481 323 625 358; x_wconf 64' lang='lat' dir='ltr'>contra</span> <span class='ocrx_word' id='word_1_20' title='bbox 667 331 741 356; x_wconf 80' lang='lat' dir='ltr'>eos</span> <span class='ocrx_word' id='word_1_21' title='bbox 783 317 834 357; x_wconf 81' lang='lat' dir='ltr'>dc</span> <span class='ocrx_word' id='word_1_22' title='bbox 876 318 966 356; x_wconf 82' lang='lat' dir='ltr'>iure</span> <span class='ocrx_word' id='word_1_23' title='bbox 1009 321 1176 370; x_wconf 81' lang='lat' dir='ltr'>poterat</span> <span class='ocrx_word' id='word_1_24' title='bbox 1210 321 1251 355; x_wconf 82' lang='lat' dir='ltr'>et</span> <span class='ocrx_word' id='word_1_25' title='bbox 1283 315 1483 355; x_wconf 83' lang='lat' dir='ltr'>debebat.</span> <span class='ocrx_word' id='word_1_26' title='bbox 1546 313 1610 354; x_wconf 87' lang='lat' dir='ltr'>Ea</span> <span class='ocrx_word' id='word_1_27' title='bbox 1642 319 1815 368; x_wconf 88' lang='lat' dir='ltr'>propter</span> <span class='ocrx_word' id='word_1_28' title='bbox 1846 313 1899 352; x_wconf 89' lang='lat' dir='ltr'>ad</span> <span class='ocrx_word' id='word_1_29' title='bbox 1932 313 2064 367; x_wconf 90' lang='lat' dir='ltr'>ipsius</span> <span class='ocrx_word' id='word_1_30' title='bbox 2098 313 2288 368; x_wconf 81' lang='lat' dir='ltr'>episcopi</span> <span class='ocrx_word' id='word_1_31' title='bbox 2323 313 2386 352; x_wconf 93' lang='lat' dir='ltr'>in-</span> 
     </span>
     <span class='ocr_line' id='line_1_4' title="bbox 203 381 2388 438; baseline -0.002 -12"><span class='ocrx_word' id='word_1_32' title='bbox 203 388 410 426; x_wconf 80' lang='lat' dir='ltr'>stanciam</span> <span class='ocrx_word' id='word_1_33' title='bbox 445 393 486 425; x_wconf 81' lang='lat' dir='ltr'>ct</span> <span class='ocrx_word' id='word_1_34' title='bbox 519 386 847 425; x_wconf 67' lang='lat' dir='ltr'>excusacionem</span> <span class='ocrx_word' id='word_1_35' title='bbox 881 399 930 424; x_wconf 81' lang='lat' dir='ltr'>ac</span> <span class='ocrx_word' id='word_1_36' title='bbox 964 397 1194 438; x_wconf 74' lang='lat' dir='ltr'>processus</span> <span class='ocrx_word' id='word_1_37' title='bbox 1226 383 1471 424; x_wconf 87' lang='lat' dir='ltr'>firmitatem</span> <span class='ocrx_word' id='word_1_38' title='bbox 1505 381 1719 428; x_wconf 81' lang='lat' dir='ltr'>ciusdem,</span> <span class='ocrx_word' id='word_1_39' title='bbox 1760 381 1958 421; x_wconf 80' lang='lat' dir='ltr'>duximus</span> <span class='ocrx_word' id='word_1_40' title='bbox 1994 381 2073 421; x_wconf 91' lang='lat' dir='ltr'>hec</span> <span class='ocrx_word' id='word_1_41' title='bbox 2106 386 2254 421; x_wconf 87' lang='lat' dir='ltr'>nostra</span> <span class='ocrx_word' id='word_1_42' title='bbox 2287 394 2388 421; x_wconf 88' lang='lat' dir='ltr'>con-</span> 
     </span>
     <span class='ocr_line' id='line_1_5' title="bbox 205 451 1416 509; baseline -0.003 -14"><span class='ocrx_word' id='word_1_43' title='bbox 205 455 297 495; x_wconf 82' lang='lat' dir='ltr'>silia</span> <span class='ocrx_word' id='word_1_44' title='bbox 331 454 485 508; x_wconf 80' lang='lat' dir='ltr'>sigillis</span> <span class='ocrx_word' id='word_1_45' title='bbox 519 454 795 509; x_wconf 75' lang='lat' dir='ltr'>presentibus</span> <span class='ocrx_word' id='word_1_46' title='bbox 830 454 1110 508; x_wconf 72' lang='lat' dir='ltr'>solempniter</span> <span class='ocrx_word' id='word_1_47' title='bbox 1142 451 1416 493; x_wconf 85' lang='lat' dir='ltr'>communire.</span> 
     </span>
    </p>
   </div>
   <div class='ocr_carea' id='block_1_3' title="bbox 345 516 2458 577">
    <p class='ocr_par' dir='ltr' id='par_1_3' title="bbox 345 516 2458 577">
     <span class='ocr_line' id='line_1_6' title="bbox 345 516 2458 577; baseline -0.002 -15"><span class='ocrx_word' id='word_1_48' title='bbox 345 523 500 563; x_wconf 83' lang='lat' dir='ltr'>Actum</span> <span class='ocrx_word' id='word_1_49' title='bbox 534 529 635 577; x_wconf 87' lang='lat' dir='ltr'>aput</span> <span class='ocrx_word' id='word_1_50' title='bbox 668 522 882 563; x_wconf 78' lang='lat' dir='ltr'>Parmam.</span> <span class='ocrx_word' id='word_1_51' title='bbox 917 535 1024 562; x_wconf 87' lang='lat' dir='ltr'>anno</span> <span class='ocrx_word' id='word_1_52' title='bbox 1057 521 1267 561; x_wconf 89' lang='lat' dir='ltr'>dominice</span> <span class='ocrx_word' id='word_1_53' title='bbox 1298 519 1610 561; x_wconf 82' lang='lat' dir='ltr'>incarnacionis</span> <span class='ocrx_word' id='word_1_54' title='bbox 1641 517 1872 558; x_wconf 90' lang='lat' dir='ltr'>millesimo</span> <span class='ocrx_word' id='word_1_55' title='bbox 1904 517 2199 558; x_wconf 86' lang='lat' dir='ltr'>ducentesimo</span> <span class='ocrx_word' id='word_1_56' title='bbox 2222 516 2389 570; x_wconf 85' lang='lat' dir='ltr'><strong>XXVI,</strong></span> <span class='ocrx_word' id='word_1_57' title='bbox 2442 531 2458 556; x_wconf 81' lang='lat'><strong>5</strong></span> 
     </span>
    </p>
   </div>
   <div class='ocr_carea' id='block_1_4' title="bbox 204 591 892 631">
    <p class='ocr_par' dir='ltr' id='par_1_4' title="bbox 204 591 892 631">
     <span class='ocr_line' id='line_1_7' title="bbox 204 591 892 631; baseline -0.001 0"><span class='ocrx_word' id='word_1_58' title='bbox 204 591 255 631; x_wconf 77' lang='lat' dir='ltr'>X.</span> <span class='ocrx_word' id='word_1_59' title='bbox 292 591 414 631; x_wconf 87' lang='lat' dir='ltr'>lunii.</span> <span class='ocrx_word' id='word_1_60' title='bbox 449 591 597 631; x_wconf 80' lang='lat' dir='ltr'>XIIII.</span> <span class='ocrx_word' id='word_1_61' title='bbox 633 591 892 631; x_wconf 79' lang='lat' dir='ltr'>indictionis.</span> 
     </span>
    </p>
   </div>
   <div class='ocr_carea' id='block_1_5' title="bbox 388 929 2214 1117">
    <p class='ocr_par' dir='ltr' id='par_1_5' title="bbox 388 929 2214 1117">
     <span class='ocr_line' id='line_1_8' title="bbox 388 929 2214 1005; baseline -0.002 -1"><span class='ocrx_word' id='word_1_62' title='bbox 388 938 515 1005; x_wconf 76' lang='lat'>106.</span> <span class='ocrx_word' id='word_1_63' title='bbox 571 931 1073 1005; x_wconf 72' lang='lat' dir='ltr'>(¹ASSATIO</span> <span class='ocrx_word' id='word_1_64' title='bbox 1127 929 1780 1002; x_wconf 77' lang='lat' dir='ltr'><strong>COMMUNIAE</strong></span> <span class='ocrx_word' id='word_1_65' title='bbox 1824 930 2214 1002; x_wconf 77' lang='lat' dir='ltr'>CIVIUM</span> 
     </span>
     <span class='ocr_line' id='line_1_9' title="bbox 822 1044 1782 1117; baseline -0.001 0"><span class='ocrx_word' id='word_1_66' title='bbox 822 1044 1782 1117; x_wconf 68' lang='lat' dir='ltr'><strong>QAMERACENSIUM.</strong></span> 
     </span>
    </p>
   </div>
   <div class='ocr_carea' id='block_1_6' title="bbox 1155 1169 1442 1217">
    <p class='ocr_par' dir='ltr' id='par_1_6' title="bbox 1155 1169 1442 1217">
     <span class='ocr_line' id='line_1_10' title="bbox 1155 1169 1442 1217; baseline -0.003 -1"><span class='ocrx_word' id='word_1_67' title='bbox 1155 1170 1298 1217; x_wconf 66' lang='lat'><strong>1226.</strong></span> <span class='ocrx_word' id='word_1_68' title='bbox 1337 1169 1442 1215; x_wconf 88' lang='lat' dir='ltr'>Iun.</span> 
     </span>
    </p>
   </div>
   <div class='ocr_carea' id='block_1_7' title="bbox 342 1312 2453 1368">
    <p class='ocr_par' dir='ltr' id='par_1_7' title="bbox 342 1312 2453 1368">
     <span class='ocr_line' id='line_1_11' title="bbox 342 1312 2453 1368; baseline -0.002 -11"><span class='ocrx_word' id='word_1_69' title='bbox 342 1317 469 1358; x_wconf 66' lang='lat' dir='ltr'>Dedit</span> <span class='ocrx_word' id='word_1_70' title='bbox 503 1317 565 1357; x_wconf 70' lang='lat' dir='ltr'>cir</span> <span class='ocrx_word' id='word_1_71' title='bbox 595 1316 633 1357; x_wconf 75' lang='lat' dir='ltr'>d.</span> <span class='ocrx_word' id='word_1_72' title='bbox 656 1315 798 1357; x_wconf 78' lang='lat' dir='ltr'>Arndt</span> <span class='ocrx_word' id='word_1_73' title='bbox 829 1329 848 1356; x_wconf 84' lang='lat' dir='ltr'>c</span> <span class='ocrx_word' id='word_1_74' title='bbox 878 1315 1035 1356; x_wconf 78' lang='lat' dir='ltr'>dnobus</span> <span class='ocrx_word' id='word_1_75' title='bbox 1056 1313 1337 1368; x_wconf 73' lang='lat' dir='ltr'>autoyrczpleis,</span> <span class='ocrx_word' id='word_1_76' title='bbox 1369 1327 1473 1366; x_wconf 74' lang='lat' dir='ltr'>quae</span> <span class='ocrx_word' id='word_1_77' title='bbox 1504 1314 1588 1354; x_wconf 81' lang='lat' dir='ltr'>iam</span> <span class='ocrx_word' id='word_1_78' title='bbox 1609 1315 1879 1355; x_wconf 74' lang='lat' dir='ltr'>asservantur</span> <span class='ocrx_word' id='word_1_79' title='bbox 1909 1313 1956 1353; x_wconf 74' lang='lat' dir='ltr'>in</span> <span class='ocrx_word' id='word_1_80' title='bbox 1985 1312 2192 1354; x_wconf 76' lang='lat' dir='ltr'>tabulario</span> <span class='ocrx_word' id='word_1_81' title='bbox 2215 1313 2383 1365; x_wconf 76' lang='lat' dir='ltr'>publico</span> <span class='ocrx_word' id='word_1_82' title='bbox 2421 1329 2453 1354; x_wconf 83' lang='grc' dir='ltr'>ιο</span> 
     </span>
    </p>
   </div>
   <div class='ocr_carea' id='block_1_8' title="bbox 195 1381 2391 1709">
    <p class='ocr_par' dir='ltr' id='par_1_8' title="bbox 195 1381 2391 1643">
     <span class='ocr_line' id='line_1_12' title="bbox 202 1381 2390 1439; baseline -0.002 -11"><span class='ocrx_word' id='word_1_83' title='bbox 202 1388 423 1436; x_wconf 64' lang='lat' dir='ltr'>Insulam),</span> <span class='ocrx_word' id='word_1_84' title='bbox 455 1390 491 1427; x_wconf 73' lang='lat' dir='ltr'>ct</span> <span class='ocrx_word' id='word_1_85' title='bbox 520 1386 682 1438; x_wconf 56' lang='lat' dir='ltr'>quidrm</span> <span class='ocrx_word' id='word_1_86' title='bbox 728 1385 768 1439; x_wconf 86' lang='lat'>1)</span> <span class='ocrx_word' id='word_1_87' title='bbox 795 1383 926 1439; x_wconf 78' lang='lat' dir='ltr'>fonds</span> <span class='ocrx_word' id='word_1_88' title='bbox 956 1383 1147 1425; x_wconf 76' lang='lat' dir='ltr'>Delattrc</span> <span class='ocrx_word' id='word_1_89' title='bbox 1177 1396 1245 1423; x_wconf 76' lang='lat' dir='ltr'>nr.</span> <span class='ocrx_word' id='word_1_90' title='bbox 1266 1384 1335 1433; x_wconf 72' lang='lat'>24,</span> <span class='ocrx_word' id='word_1_91' title='bbox 1367 1382 1484 1423; x_wconf 76' lang='lat' dir='ltr'>cuius</span> <span class='ocrx_word' id='word_1_92' title='bbox 1515 1381 1630 1422; x_wconf 77' lang='lat' dir='ltr'>bulla</span> <span class='ocrx_word' id='word_1_93' title='bbox 1660 1394 1802 1431; x_wconf 68' lang='lat' dir='ltr'>(nerea,</span> <span class='ocrx_word' id='word_1_94' title='bbox 1844 1394 1948 1433; x_wconf 76' lang='lat' dir='ltr'>quac</span> <span class='ocrx_word' id='word_1_95' title='bbox 1977 1381 2138 1422; x_wconf 80' lang='lat' dir='ltr'>saeculo</span> <span class='ocrx_word' id='word_1_96' title='bbox 2159 1383 2390 1433; x_wconf 74' lang='lat' dir='ltr'>praeterito</span> 
     </span>
     <span class='ocr_line' id='line_1_13' title="bbox 198 1449 2389 1507; baseline -0.002 -12"><span class='ocrx_word' id='word_1_97' title='bbox 198 1456 331 1496; x_wconf 67' lang='lat' dir='ltr'>adhue</span> <span class='ocrx_word' id='word_1_98' title='bbox 361 1454 657 1507; x_wconf 71' lang='lat' dir='ltr'>appendebat1,</span> <span class='ocrx_word' id='word_1_99' title='bbox 695 1467 806 1494; x_wconf 69' lang='lat' dir='ltr'>mmo</span> <span class='ocrx_word' id='word_1_100' title='bbox 837 1452 1048 1505; x_wconf 72' lang='lat' dir='ltr'>deperdita</span> <span class='ocrx_word' id='word_1_101' title='bbox 1081 1454 1156 1501; x_wconf 65' lang='lat' dir='ltr'>est,</span> <span class='ocrx_word' id='word_1_102' title='bbox 1195 1451 1282 1503; x_wconf 75' lang='lat' dir='ltr'>filis</span> <span class='ocrx_word' id='word_1_103' title='bbox 1312 1451 1456 1491; x_wconf 72' lang='lat' dir='ltr'>sericis</span> <span class='ocrx_word' id='word_1_104' title='bbox 1485 1449 1604 1490; x_wconf 62' lang='lat' dir='ltr'>rubra·</span> <span class='ocrx_word' id='word_1_105' title='bbox 1634 1453 1672 1489; x_wconf 76' lang='lat' dir='ltr'>et</span> <span class='ocrx_word' id='word_1_106' title='bbox 1698 1449 1801 1500; x_wconf 77' lang='lat' dir='ltr'>flavi</span> <span class='ocrx_word' id='word_1_107' title='bbox 1831 1450 1977 1490; x_wconf 74' lang='lat' dir='ltr'>coloris</span> <span class='ocrx_word' id='word_1_108' title='bbox 2007 1450 2320 1502; x_wconf 40' lang='lat' dir='ltr'>superstitibus</span> <span class='ocrx_word' id='word_1_109' title='bbox 2350 1453 2389 1492; x_wconf 73' lang='lat' dir='ltr'>et</span> 
     </span>
     <span class='ocr_line' id='line_1_14' title="bbox 200 1518 2391 1578; baseline -0.002 -13"><span class='ocrx_word' id='word_1_110' title='bbox 200 1525 243 1569; x_wconf 55' lang='lat'>2)</span> <span class='ocrx_word' id='word_1_111' title='bbox 270 1523 400 1578; x_wconf 76' lang='lat' dir='ltr'>fonds</span> <span class='ocrx_word' id='word_1_112' title='bbox 430 1523 478 1563; x_wconf 80' lang='lat' dir='ltr'>(Ic</span> <span class='ocrx_word' id='word_1_113' title='bbox 513 1523 731 1577; x_wconf 77' lang='lat' dir='ltr'>Cambray,</span> <span class='ocrx_word' id='word_1_114' title='bbox 770 1522 836 1562; x_wconf 73' lang='lat' dir='ltr'>eui</span> <span class='ocrx_word' id='word_1_115' title='bbox 867 1520 1070 1573; x_wconf 76' lang='lat' dir='ltr'>appendet</span> <span class='ocrx_word' id='word_1_116' title='bbox 1100 1520 1234 1560; x_wconf 74' lang='lat' dir='ltr'>adhue</span> <span class='ocrx_word' id='word_1_117' title='bbox 1264 1519 1449 1571; x_wconf 70' lang='lat' dir='ltr'>siqillum</span> <span class='ocrx_word' id='word_1_118' title='bbox 1478 1519 1694 1570; x_wconf 65' lang='lat' dir='ltr'>imperiale</span> <span class='ocrx_word' id='word_1_119' title='bbox 1724 1531 1881 1559; x_wconf 73' lang='lat' dir='ltr'>cereum</span> <span class='ocrx_word' id='word_1_120' title='bbox 1908 1518 1996 1570; x_wconf 72' lang='lat' dir='ltr'>filis</span> <span class='ocrx_word' id='word_1_121' title='bbox 2026 1519 2171 1559; x_wconf 74' lang='lat' dir='ltr'>sericis</span> <span class='ocrx_word' id='word_1_122' title='bbox 2202 1519 2323 1560; x_wconf 79' lang='lat' dir='ltr'>rubri</span> <span class='ocrx_word' id='word_1_123' title='bbox 2352 1521 2391 1560; x_wconf 76' lang='lat' dir='ltr'>et</span> 
     </span>
     <span class='ocr_line' id='line_1_15' title="bbox 195 1585 2018 1643; baseline -0.002 -11"><span class='ocrx_word' id='word_1_124' title='bbox 195 1593 296 1643; x_wconf 68' lang='lat' dir='ltr'>flavi</span> <span class='ocrx_word' id='word_1_125' title='bbox 326 1593 484 1634; x_wconf 60' lang='lat' dir='ltr'>eoloris.</span> <span class='ocrx_word' id='word_1_126' title='bbox 520 1617 569 1621; x_wconf 87' lang='lat'><strong>—</strong></span> <span class='ocrx_word' id='word_1_127' title='bbox 603 1589 1061 1632; x_wconf 58' lang='lat' dir='ltr'>Huillard-Brsssholles</span> <span class='ocrx_word' id='word_1_128' title='bbox 1092 1588 1157 1637; x_wconf 87' lang='grc' dir='ltr'>ΙΙ,</span> <span class='ocrx_word' id='word_1_129' title='bbox 1182 1589 1275 1629; x_wconf 75' lang='grc'>629.</span> <span class='ocrx_word' id='word_1_130' title='bbox 1336 1586 1530 1637; x_wconf 70' lang='grc' dir='ltr'>Βόἷιηῑεν,</span> <span class='ocrx_word' id='word_1_131' title='bbox 1561 1585 1663 1640; x_wconf 68' lang='lat' dir='ltr'>Ray.</span> <span class='ocrx_word' id='word_1_132' title='bbox 1695 1587 1793 1638; x_wconf 69' lang='lat' dir='ltr'>imp.</span> <span class='ocrx_word' id='word_1_133' title='bbox 1825 1585 1870 1636; x_wconf 86' lang='lat' dir='ltr'>V,</span> <span class='ocrx_word' id='word_1_134' title='bbox 1894 1588 2018 1629; x_wconf 81' lang='lat'><em>1638.</em></span> 
     </span>
    </p>

    <p class='ocr_par' dir='ltr' id='par_1_9' title="bbox 2008 1655 2244 1709">
     <span class='ocr_line' id='line_1_16' title="bbox 2008 1655 2244 1709; baseline 0.004 -12"><span class='ocrx_word' id='word_1_135' title='bbox 2008 1655 2077 1709; x_wconf 90' lang='lat' dir='ltr'>(P.</span> <span class='ocrx_word' id='word_1_136' title='bbox 2101 1655 2244 1704; x_wconf 77' lang='lat' dir='ltr'>deest.)</span> 
     </span>
    </p>
   </div>
   <div class='ocr_carea' id='block_1_9' title="bbox 199 1757 2388 2024">
    <p class='ocr_par' dir='ltr' id='par_1_10' title="bbox 199 1757 2388 2024">
     <span class='ocr_line' id='line_1_17' title="bbox 341 1757 2388 1817; baseline -0.002 -13"><span class='ocrx_word' id='word_1_137' title='bbox 341 1763 428 1817; x_wconf 65' lang='lat' dir='ltr'>(C.)</span> <span class='ocrx_word' id='word_1_138' title='bbox 508 1763 556 1803; x_wconf 88' lang='lat' dir='ltr'>In</span> <span class='ocrx_word' id='word_1_139' title='bbox 581 1764 752 1803; x_wconf 89' lang='lat' dir='ltr'>nomine</span> <span class='ocrx_word' id='word_1_140' title='bbox 778 1767 926 1803; x_wconf 87' lang='lat' dir='ltr'>sancte</span> <span class='ocrx_word' id='word_1_141' title='bbox 951 1767 993 1803; x_wconf 89' lang='lat' dir='ltr'>et</span> <span class='ocrx_word' id='word_1_142' title='bbox 1015 1760 1233 1802; x_wconf 81' lang='lat' dir='ltr'>individue</span> <span class='ocrx_word' id='word_1_143' title='bbox 1252 1760 1488 1801; x_wconf 82' lang='lat' dir='ltr'>Trinitatis.</span> <span class='ocrx_word' id='word_1_144' title='bbox 1542 1758 1786 1800; x_wconf 85' lang='lat' dir='ltr'>Fridericus</span> <span class='ocrx_word' id='word_1_145' title='bbox 1809 1757 2022 1800; x_wconf 88' lang='lat' dir='ltr'>secundus</span> <span class='ocrx_word' id='word_1_146' title='bbox 2048 1758 2194 1800; x_wconf 87' lang='lat' dir='ltr'>divina</span> <span class='ocrx_word' id='word_1_147' title='bbox 2214 1759 2388 1801; x_wconf 85' lang='lat' dir='ltr'>favente</span> 
     </span>
     <span class='ocr_line' id='line_1_18' title="bbox 199 1826 2387 1886; baseline -0.002 -13"><span class='ocrx_word' id='word_1_148' title='bbox 199 1833 427 1873; x_wconf 85' lang='lat' dir='ltr'>clementia</span> <span class='ocrx_word' id='word_1_149' title='bbox 460 1832 754 1873; x_wconf 89' lang='lat' dir='ltr'>Romanorum</span> <span class='ocrx_word' id='word_1_150' title='bbox 788 1832 1023 1886; x_wconf 84' lang='lat' dir='ltr'>imperator</span> <span class='ocrx_word' id='word_1_151' title='bbox 1056 1842 1225 1884; x_wconf 82' lang='lat' dir='ltr'>semper</span> <span class='ocrx_word' id='word_1_152' title='bbox 1258 1833 1482 1883; x_wconf 72' lang='lat' dir='ltr'>augustus,</span> <span class='ocrx_word' id='word_1_153' title='bbox 1515 1827 1753 1868; x_wconf 86' lang='lat' dir='ltr'>Ierusalem</span> <span class='ocrx_word' id='word_1_154' title='bbox 1788 1831 1831 1867; x_wconf 92' lang='lat' dir='ltr'>et</span> <span class='ocrx_word' id='word_1_155' title='bbox 1864 1827 2011 1868; x_wconf 81' lang='lat' dir='ltr'>Sicilie</span> <span class='ocrx_word' id='word_1_156' title='bbox 2043 1826 2173 1880; x_wconf 45' lang='grc' dir='ltr'>ηιξ</span> <span class='ocrx_word' id='word_1_157' title='bbox 2278 1826 2387 1868; x_wconf 84' lang='lat' dir='ltr'>Cum</span> 
     </span>
     <span class='ocr_line' id='line_1_19' title="bbox 199 1895 2387 1956; baseline -0.001 -16"><span class='ocrx_word' id='word_1_158' title='bbox 199 1901 517 1956; x_wconf 79' lang='lat' dir='ltr'>imperatoriam</span> <span class='ocrx_word' id='word_1_159' title='bbox 551 1899 702 1941; x_wconf 87' lang='lat' dir='ltr'>deceat</span> <span class='ocrx_word' id='word_1_160' title='bbox 734 1900 1026 1943; x_wconf 81' lang='lat' dir='ltr'>maiestatem,</span> <span class='ocrx_word' id='word_1_161' title='bbox 1059 1899 1213 1938; x_wconf 85' lang='lat' dir='ltr'>merita</span> <span class='ocrx_word' id='word_1_162' title='bbox 1246 1911 1419 1938; x_wconf 88' lang='lat' dir='ltr'>suorum</span> <span class='ocrx_word' id='word_1_163' title='bbox 1452 1896 1644 1937; x_wconf 82' lang='lat' dir='ltr'>fidelium</span> <span class='ocrx_word' id='word_1_164' title='bbox 1678 1895 1910 1950; x_wconf 87' lang='lat' dir='ltr'>diligenter</span> <span class='ocrx_word' id='word_1_165' title='bbox 1941 1895 2166 1937; x_wconf 86' lang='lat' dir='ltr'>attendere</span> <span class='ocrx_word' id='word_1_166' title='bbox 2208 1900 2251 1938; x_wconf 90' lang='lat' dir='ltr'>et</span> <span class='ocrx_word' id='word_1_167' title='bbox 2283 1896 2387 1937; x_wconf 91' lang='lat' dir='ltr'>sub-</span> 
     </span>
     <span class='ocr_line' id='line_1_20' title="bbox 201 1965 2387 2024; baseline -0.002 -14"><span class='ocrx_word' id='word_1_168' title='bbox 201 1970 405 2010; x_wconf 87' lang='lat' dir='ltr'>iectorum</span> <span class='ocrx_word' id='word_1_169' title='bbox 449 1969 808 2024; x_wconf 88' lang='lat' dir='ltr'>postulationibus</span> <span class='ocrx_word' id='word_1_170' title='bbox 851 1969 973 2009; x_wconf 88' lang='lat' dir='ltr'>iustis</span> <span class='ocrx_word' id='word_1_171' title='bbox 1011 1966 1186 2014; x_wconf 74' lang='lat' dir='ltr'>adesse,</span> <span class='ocrx_word' id='word_1_172' title='bbox 1228 1971 1346 2006; x_wconf 88' lang='lat' dir='ltr'>tanto</span> <span class='ocrx_word' id='word_1_173' title='bbox 1387 1966 1535 2021; x_wconf 86' lang='lat' dir='ltr'>pocius</span> <span class='ocrx_word' id='word_1_174' title='bbox 1567 1965 1620 2005; x_wconf 89' lang='lat' dir='ltr'>ad</span> <span class='ocrx_word' id='word_1_175' title='bbox 1663 1969 1961 2005; x_wconf 86' lang='lat' dir='ltr'>sacrosanctas</span> <span class='ocrx_word' id='word_1_176' title='bbox 1995 1965 2204 2006; x_wconf 90' lang='lat' dir='ltr'>ecclesias</span> <span class='ocrx_word' id='word_1_177' title='bbox 2238 1965 2387 2006; x_wconf 89' lang='lat' dir='ltr'>oculos</span> 
     </span>
    </p>
   </div>
   <div class='ocr_carea' id='block_1_10' title="bbox 201 2032 2526 2093">
    <p class='ocr_par' dir='ltr' id='par_1_11' title="bbox 201 2032 2526 2093">
     <span class='ocr_line' id='line_1_21' title="bbox 201 2032 2526 2093; baseline -0.003 -15"><span class='ocrx_word' id='word_1_178' title='bbox 201 2044 373 2079; x_wconf 89' lang='lat' dir='ltr'>tenetur</span> <span class='ocrx_word' id='word_1_179' title='bbox 411 2038 615 2079; x_wconf 83' lang='lat' dir='ltr'>reducere</span> <span class='ocrx_word' id='word_1_180' title='bbox 656 2037 856 2093; x_wconf 78' lang='lat' dir='ltr'>pietatis,</span> <span class='ocrx_word' id='word_1_181' title='bbox 901 2042 1061 2091; x_wconf 86' lang='lat' dir='ltr'>quanto</span> <span class='ocrx_word' id='word_1_182' title='bbox 1101 2036 1193 2090; x_wconf 89' lang='lat' dir='ltr'>regi</span> <span class='ocrx_word' id='word_1_183' title='bbox 1232 2048 1383 2089; x_wconf 89' lang='lat' dir='ltr'>regum</span> <span class='ocrx_word' id='word_1_184' title='bbox 1427 2034 1598 2089; x_wconf 89' lang='lat' dir='ltr'>gracius</span> <span class='ocrx_word' id='word_1_185' title='bbox 1648 2032 1830 2083; x_wconf 77' lang='lat' dir='ltr'>residet,</span> <span class='ocrx_word' id='word_1_186' title='bbox 1874 2047 1970 2073; x_wconf 86' lang='lat' dir='ltr'>cum</span> <span class='ocrx_word' id='word_1_187' title='bbox 2014 2037 2056 2074; x_wconf 87' lang='lat' dir='ltr'>et</span> <span class='ocrx_word' id='word_1_188' title='bbox 2095 2048 2171 2074; x_wconf 88' lang='lat' dir='ltr'>sue</span> <span class='ocrx_word' id='word_1_189' title='bbox 2211 2034 2386 2090; x_wconf 86' lang='lat' dir='ltr'>pietatis</span> <span class='ocrx_word' id='word_1_190' title='bbox 2423 2045 2457 2072; x_wconf 80' lang='lat'>20</span> <span class='ocrx_word' id='word_1_191' title='bbox 2515 2033 2526 2051; x_wconf 62' lang='lat'><em>³</em></span> 
     </span>
    </p>
   </div>
   <div class='ocr_carea' id='block_1_11' title="bbox 200 2101 2392 2367">
    <p class='ocr_par' dir='ltr' id='par_1_12' title="bbox 200 2101 2392 2367">
     <span class='ocr_line' id='line_1_22' title="bbox 201 2101 2388 2162; baseline -0.002 -14"><span class='ocrx_word' id='word_1_192' title='bbox 201 2108 403 2162; x_wconf 87' lang='lat' dir='ltr'>operibus</span> <span class='ocrx_word' id='word_1_193' title='bbox 451 2116 598 2148; x_wconf 88' lang='lat' dir='ltr'>noster</span> <span class='ocrx_word' id='word_1_194' title='bbox 638 2106 895 2147; x_wconf 82' lang='lat' dir='ltr'>adhibeatur</span> <span class='ocrx_word' id='word_1_195' title='bbox 933 2119 1150 2147; x_wconf 86' lang='lat' dir='ltr'>assensus.</span> <span class='ocrx_word' id='word_1_196' title='bbox 1219 2103 1463 2158; x_wconf 86' lang='lat' dir='ltr'>Eapropter</span> <span class='ocrx_word' id='word_1_197' title='bbox 1498 2106 1646 2144; x_wconf 89' lang='lat' dir='ltr'>notum</span> <span class='ocrx_word' id='word_1_198' title='bbox 1685 2102 1778 2143; x_wconf 87' lang='lat' dir='ltr'>fieri</span> <span class='ocrx_word' id='word_1_199' title='bbox 1810 2101 2006 2143; x_wconf 81' lang='lat' dir='ltr'>volumus</span> <span class='ocrx_word' id='word_1_200' title='bbox 2038 2103 2250 2144; x_wconf 87' lang='lat' dir='ltr'>universis</span> <span class='ocrx_word' id='word_1_201' title='bbox 2282 2102 2388 2144; x_wconf 86' lang='lat' dir='ltr'>fide-</span> 
     </span>
     <span class='ocr_line' id='line_1_23' title="bbox 200 2170 2390 2230; baseline -0.002 -14"><span class='ocrx_word' id='word_1_202' title='bbox 200 2176 311 2217; x_wconf 90' lang='lat' dir='ltr'>libus</span> <span class='ocrx_word' id='word_1_203' title='bbox 350 2176 509 2217; x_wconf 88' lang='lat' dir='ltr'>nostris</span> <span class='ocrx_word' id='word_1_204' title='bbox 551 2180 636 2216; x_wconf 89' lang='lat' dir='ltr'>tam</span> <span class='ocrx_word' id='word_1_205' title='bbox 679 2174 956 2230; x_wconf 87' lang='lat' dir='ltr'>presentibus</span> <span class='ocrx_word' id='word_1_206' title='bbox 997 2187 1124 2228; x_wconf 86' lang='lat' dir='ltr'>quam</span> <span class='ocrx_word' id='word_1_207' title='bbox 1167 2172 1342 2221; x_wconf 85' lang='lat' dir='ltr'>futuris,</span> <span class='ocrx_word' id='word_1_208' title='bbox 1391 2171 1503 2226; x_wconf 88' lang='lat' dir='ltr'>quod</span> <span class='ocrx_word' id='word_1_209' title='bbox 1547 2170 1760 2212; x_wconf 85' lang='lat' dir='ltr'>accedens</span> <span class='ocrx_word' id='word_1_210' title='bbox 1800 2170 1854 2211; x_wconf 90' lang='lat' dir='ltr'>ad</span> <span class='ocrx_word' id='word_1_211' title='bbox 1894 2171 2157 2226; x_wconf 84' lang='lat' dir='ltr'>presentiam</span> <span class='ocrx_word' id='word_1_212' title='bbox 2196 2175 2390 2213; x_wconf 86' lang='lat' dir='ltr'>nostram</span> 
     </span>
     <span class='ocr_line' id='line_1_24' title="bbox 204 2239 2390 2296; baseline -0.002 -11"><span class='ocrx_word' id='word_1_213' title='bbox 204 2243 462 2285; x_wconf 88' lang='lat' dir='ltr'>Godefridus</span> <span class='ocrx_word' id='word_1_214' title='bbox 498 2243 756 2285; x_wconf 81' lang='lat' dir='ltr'>venerabilis</span> <span class='ocrx_word' id='word_1_215' title='bbox 781 2242 1112 2284; x_wconf 83' lang='lat' dir='ltr'>Cameracensis</span> <span class='ocrx_word' id='word_1_216' title='bbox 1137 2242 1379 2296; x_wconf 86' lang='lat' dir='ltr'>episcopus,</span> <span class='ocrx_word' id='word_1_217' title='bbox 1413 2240 1596 2281; x_wconf 88' lang='lat' dir='ltr'>dilectus</span> <span class='ocrx_word' id='word_1_218' title='bbox 1618 2240 1822 2295; x_wconf 87' lang='lat' dir='ltr'>princeps</span> <span class='ocrx_word' id='word_1_219' title='bbox 1845 2243 1888 2281; x_wconf 90' lang='lat' dir='ltr'>et</span> <span class='ocrx_word' id='word_1_220' title='bbox 1908 2239 2047 2281; x_wconf 90' lang='lat' dir='ltr'>fidelis</span> <span class='ocrx_word' id='word_1_221' title='bbox 2071 2244 2236 2291; x_wconf 87' lang='lat' dir='ltr'>noster,</span> <span class='ocrx_word' id='word_1_222' title='bbox 2266 2239 2390 2282; x_wconf 86' lang='lat' dir='ltr'>nobis</span> 
     </span>
     <span class='ocr_line' id='line_1_25' title="bbox 203 2308 2392 2367; baseline -0.001 -14"><span class='ocrx_word' id='word_1_223' title='bbox 203 2314 417 2367; x_wconf 75' lang='lat' dir='ltr'>exposuit.</span> <span class='ocrx_word' id='word_1_224' title='bbox 450 2313 635 2367; x_wconf 83' lang='lat' dir='ltr'>qualiter</span> <span class='ocrx_word' id='word_1_225' title='bbox 666 2313 779 2352; x_wconf 90' lang='lat' dir='ltr'>inter</span> <span class='ocrx_word' id='word_1_226' title='bbox 810 2312 949 2366; x_wconf 90' lang='lat' dir='ltr'>ipsum</span> <span class='ocrx_word' id='word_1_227' title='bbox 975 2325 1029 2351; x_wconf 79' lang='lat' dir='ltr'>ex</span> <span class='ocrx_word' id='word_1_228' title='bbox 1058 2315 1176 2366; x_wconf 83' lang='lat' dir='ltr'>parte</span> <span class='ocrx_word' id='word_1_229' title='bbox 1199 2324 1285 2350; x_wconf 91' lang='lat' dir='ltr'>una</span> <span class='ocrx_word' id='word_1_230' title='bbox 1308 2314 1351 2350; x_wconf 89' lang='lat' dir='ltr'>et</span> <span class='ocrx_word' id='word_1_231' title='bbox 1374 2310 1487 2350; x_wconf 84' lang='lat' dir='ltr'>cives</span> <span class='ocrx_word' id='word_1_232' title='bbox 1511 2308 1851 2350; x_wconf 86' lang='lat' dir='ltr'>Cameracenses</span> <span class='ocrx_word' id='word_1_233' title='bbox 1876 2322 1931 2349; x_wconf 84' lang='lat' dir='ltr'>ex</span> <span class='ocrx_word' id='word_1_234' title='bbox 1955 2309 2090 2350; x_wconf 88' lang='lat' dir='ltr'>altera</span> <span class='ocrx_word' id='word_1_235' title='bbox 2121 2310 2392 2365; x_wconf 88' lang='lat' dir='ltr'>conpositum</span> 
     </span>
    </p>
   </div>
   <div class='ocr_carea' id='block_1_12' title="bbox 201 2377 2457 2436">
    <p class='ocr_par' dir='ltr' id='par_1_13' title="bbox 201 2377 2457 2436">
     <span class='ocr_line' id='line_1_26' title="bbox 201 2377 2457 2436; baseline -0.003 -14"><span class='ocrx_word' id='word_1_236' title='bbox 201 2382 342 2422; x_wconf 80' lang='lat' dir='ltr'>extitit</span> <span class='ocrx_word' id='word_1_237' title='bbox 375 2387 416 2422; x_wconf 86' lang='lat' dir='ltr'>et</span> <span class='ocrx_word' id='word_1_238' title='bbox 448 2381 681 2428; x_wconf 85' lang='lat' dir='ltr'>firmatum,</span> <span class='ocrx_word' id='word_1_239' title='bbox 722 2386 768 2421; x_wconf 89' lang='lat' dir='ltr'>ut</span> <span class='ocrx_word' id='word_1_240' title='bbox 803 2380 1051 2436; x_wconf 78' lang='lat' dir='ltr'>privilegia,</span> <span class='ocrx_word' id='word_1_241' title='bbox 1091 2393 1173 2434; x_wconf 91' lang='lat' dir='ltr'>que</span> <span class='ocrx_word' id='word_1_242' title='bbox 1206 2383 1387 2433; x_wconf 89' lang='lat' dir='ltr'>utraque</span> <span class='ocrx_word' id='word_1_243' title='bbox 1431 2392 1531 2432; x_wconf 89' lang='lat' dir='ltr'>pars</span> <span class='ocrx_word' id='word_1_244' title='bbox 1563 2377 1616 2418; x_wconf 88' lang='lat' dir='ltr'>ab</span> <span class='ocrx_word' id='word_1_245' title='bbox 1649 2377 2001 2418; x_wconf 85' lang='lat' dir='ltr'>antecessoribus</span> <span class='ocrx_word' id='word_1_246' title='bbox 2039 2378 2196 2419; x_wconf 88' lang='lat' dir='ltr'>nostris</span> <span class='ocrx_word' id='word_1_247' title='bbox 2227 2377 2388 2419; x_wconf 86' lang='lat' dir='ltr'>Roma·</span> <span class='ocrx_word' id='word_1_248' title='bbox 2425 2389 2457 2415; x_wconf 78' lang='lat'>25</span> 
     </span>
    </p>
   </div>
   <div class='ocr_carea' id='block_1_13' title="bbox 201 2445 2391 2710">
    <p class='ocr_par' dir='ltr' id='par_1_14' title="bbox 201 2445 2391 2710">
     <span class='ocr_line' id='line_1_27' title="bbox 201 2445 2391 2505; baseline -0.001 -15"><span class='ocrx_word' id='word_1_249' title='bbox 201 2464 352 2491; x_wconf 89' lang='lat' dir='ltr'>norum</span> <span class='ocrx_word' id='word_1_250' title='bbox 399 2449 728 2505; x_wconf 86' lang='lat' dir='ltr'>imperatoribus</span> <span class='ocrx_word' id='word_1_251' title='bbox 777 2463 854 2490; x_wconf 89' lang='lat' dir='ltr'>seu</span> <span class='ocrx_word' id='word_1_252' title='bbox 892 2449 1066 2503; x_wconf 90' lang='lat' dir='ltr'>regibus</span> <span class='ocrx_word' id='word_1_253' title='bbox 1111 2461 1156 2488; x_wconf 90' lang='lat' dir='ltr'>se</span> <span class='ocrx_word' id='word_1_254' title='bbox 1199 2447 1358 2488; x_wconf 85' lang='lat' dir='ltr'>habere</span> <span class='ocrx_word' id='word_1_255' title='bbox 1399 2446 1590 2497; x_wconf 64' lang='lat' dir='ltr'>dicebat,</span> <span class='ocrx_word' id='word_1_256' title='bbox 1636 2445 1690 2487; x_wconf 89' lang='lat' dir='ltr'>ad</span> <span class='ocrx_word' id='word_1_257' title='bbox 1731 2446 1893 2487; x_wconf 90' lang='lat' dir='ltr'>curiam</span> <span class='ocrx_word' id='word_1_258' title='bbox 1924 2446 2184 2488; x_wconf 87' lang='lat' dir='ltr'>Alemannie</span> <span class='ocrx_word' id='word_1_259' title='bbox 2222 2446 2391 2489; x_wconf 88' lang='lat' dir='ltr'>deferre</span> 
     </span>
     <span class='ocr_line' id='line_1_28' title="bbox 201 2514 2390 2573; baseline -0.002 -13"><span class='ocrx_word' id='word_1_260' title='bbox 201 2519 411 2560; x_wconf 90' lang='lat' dir='ltr'>deberent</span> <span class='ocrx_word' id='word_1_261' title='bbox 446 2524 488 2560; x_wconf 89' lang='lat' dir='ltr'>et</span> <span class='ocrx_word' id='word_1_262' title='bbox 520 2532 571 2559; x_wconf 89' lang='lat' dir='ltr'>ea</span> <span class='ocrx_word' id='word_1_263' title='bbox 604 2519 644 2559; x_wconf 91' lang='lat' dir='ltr'>in</span> <span class='ocrx_word' id='word_1_264' title='bbox 676 2519 771 2573; x_wconf 89' lang='lat' dir='ltr'>ipsa</span> <span class='ocrx_word' id='word_1_265' title='bbox 804 2518 920 2558; x_wconf 88' lang='lat' dir='ltr'>curia</span> <span class='ocrx_word' id='word_1_266' title='bbox 951 2521 1218 2573; x_wconf 87' lang='lat' dir='ltr'>presentare,</span> <span class='ocrx_word' id='word_1_267' title='bbox 1251 2519 1298 2556; x_wconf 89' lang='lat' dir='ltr'>ut</span> <span class='ocrx_word' id='word_1_268' title='bbox 1329 2529 1406 2570; x_wconf 89' lang='lat' dir='ltr'>per</span> <span class='ocrx_word' id='word_1_269' title='bbox 1436 2514 1640 2556; x_wconf 88' lang='lat' dir='ltr'>iudicium</span> <span class='ocrx_word' id='word_1_270' title='bbox 1673 2514 1867 2556; x_wconf 87' lang='lat' dir='ltr'>eiusdem</span> <span class='ocrx_word' id='word_1_271' title='bbox 1900 2516 2015 2557; x_wconf 90' lang='lat' dir='ltr'>curie</span> <span class='ocrx_word' id='word_1_272' title='bbox 2043 2515 2276 2568; x_wconf 83' lang='lat' dir='ltr'>videretur,</span> <span class='ocrx_word' id='word_1_273' title='bbox 2308 2528 2390 2571; x_wconf 91' lang='lat' dir='ltr'>que</span> 
     </span>
     <span class='ocr_line' id='line_1_29' title="bbox 201 2583 2389 2642; baseline -0.001 -14"><span class='ocrx_word' id='word_1_274' title='bbox 201 2588 350 2642; x_wconf 87' lang='lat' dir='ltr'>pocius</span> <span class='ocrx_word' id='word_1_275' title='bbox 377 2601 430 2628; x_wconf 78' lang='lat' dir='ltr'>ex</span> <span class='ocrx_word' id='word_1_276' title='bbox 461 2587 579 2642; x_wconf 74' lang='lat' dir='ltr'>ipsiS.</span> <span class='ocrx_word' id='word_1_277' title='bbox 615 2587 794 2627; x_wconf 82' lang='lat' dir='ltr'>cassatis</span> <span class='ocrx_word' id='word_1_278' title='bbox 818 2586 925 2634; x_wconf 64' lang='lat' dir='ltr'>aliis,</span> <span class='ocrx_word' id='word_1_279' title='bbox 959 2585 1168 2626; x_wconf 90' lang='lat' dir='ltr'>deberent</span> <span class='ocrx_word' id='word_1_280' title='bbox 1199 2585 1446 2625; x_wconf 88' lang='lat' dir='ltr'>firmitatem</span> <span class='ocrx_word' id='word_1_281' title='bbox 1469 2583 1632 2625; x_wconf 89' lang='lat' dir='ltr'>roboris</span> <span class='ocrx_word' id='word_1_282' title='bbox 1656 2583 1888 2625; x_wconf 63' lang='lat' dir='ltr'>obtinere-³.</span> <span class='ocrx_word' id='word_1_283' title='bbox 1940 2584 2103 2626; x_wconf 92' lang='lat' dir='ltr'>Verum</span> <span class='ocrx_word' id='word_1_284' title='bbox 2127 2585 2226 2640; x_wconf 88' lang='lat' dir='ltr'>quia</span> <span class='ocrx_word' id='word_1_285' title='bbox 2247 2583 2389 2626; x_wconf 86' lang='lat' dir='ltr'>dictus</span> 
     </span>
     <span class='ocr_line' id='line_1_30' title="bbox 203 2651 2390 2710; baseline -0.001 -14"><span class='ocrx_word' id='word_1_286' title='bbox 203 2656 425 2710; x_wconf 88' lang='lat' dir='ltr'>episcopus</span> <span class='ocrx_word' id='word_1_287' title='bbox 457 2655 509 2695; x_wconf 93' lang='lat' dir='ltr'>ad</span> <span class='ocrx_word' id='word_1_288' title='bbox 544 2656 704 2695; x_wconf 89' lang='lat' dir='ltr'>curiam</span> <span class='ocrx_word' id='word_1_289' title='bbox 739 2659 1010 2709; x_wconf 74' lang='lat' dir='ltr'>pretaxatam</span> <span class='ocrx_word' id='word_1_290' title='bbox 1045 2653 1250 2697; x_wconf 80' lang='lat' dir='ltr'>accessit,</span> <span class='ocrx_word' id='word_1_291' title='bbox 1292 2657 1333 2693; x_wconf 90' lang='lat' dir='ltr'>et</span> <span class='ocrx_word' id='word_1_292' title='bbox 1365 2653 1538 2694; x_wconf 91' lang='lat' dir='ltr'>nemine</span> <span class='ocrx_word' id='word_1_293' title='bbox 1570 2665 1648 2707; x_wconf 91' lang='lat' dir='ltr'>pro</span> <span class='ocrx_word' id='word_1_294' title='bbox 1679 2657 1803 2707; x_wconf 90' lang='lat' dir='ltr'>parte</span> <span class='ocrx_word' id='word_1_295' title='bbox 1835 2651 2125 2707; x_wconf 89' lang='lat' dir='ltr'>predictorum</span> <span class='ocrx_word' id='word_1_296' title='bbox 2157 2653 2315 2693; x_wconf 91' lang='lat' dir='ltr'>civium</span> <span class='ocrx_word' id='word_1_297' title='bbox 2346 2653 2390 2693; x_wconf 88' lang='lat' dir='ltr'>in</span> 
     </span>
    </p>
   </div>
   <div class='ocr_carea' id='block_1_14' title="bbox 2423 1677 2454 1702">
    <p class='ocr_par' dir='ltr' id='par_1_15' title="bbox 2423 1677 2454 1702">
     <span class='ocr_line' id='line_1_31' title="bbox 2423 1677 2454 1702; baseline 0 0"><span class='ocrx_word' id='word_1_298' title='bbox 2423 1677 2454 1702; x_wconf 86' lang='lat'>15</span> 
     </span>
    </p>
   </div>
   <div class='ocr_carea' id='block_1_15' title="bbox 202 2720 2456 2779">
    <p class='ocr_par' dir='ltr' id='par_1_16' title="bbox 202 2720 2456 2779">
     <span class='ocr_line' id='line_1_32' title="bbox 202 2720 2456 2779; baseline -0.001 -15"><span class='ocrx_word' id='word_1_299' title='bbox 202 2726 293 2779; x_wconf 89' lang='lat' dir='ltr'>ipsa</span> <span class='ocrx_word' id='word_1_300' title='bbox 336 2724 451 2764; x_wconf 86' lang='lat' dir='ltr'>curia</span> <span class='ocrx_word' id='word_1_301' title='bbox 490 2729 773 2778; x_wconf 87' lang='lat' dir='ltr'>conparente.</span> <span class='ocrx_word' id='word_1_302' title='bbox 816 2723 917 2763; x_wconf 88' lang='lat' dir='ltr'>licet</span> <span class='ocrx_word' id='word_1_303' title='bbox 949 2721 1121 2776; x_wconf 86' lang='lat' dir='ltr'>quidam</span> <span class='ocrx_word' id='word_1_304' title='bbox 1155 2736 1209 2762; x_wconf 76' lang='lat' dir='ltr'>ex</span> <span class='ocrx_word' id='word_1_305' title='bbox 1243 2721 1407 2761; x_wconf 80' lang='lat' dir='ltr'>civibus</span> <span class='ocrx_word' id='word_1_306' title='bbox 1448 2721 1553 2776; x_wconf 91' lang='lat' dir='ltr'>ipsis</span> <span class='ocrx_word' id='word_1_307' title='bbox 1586 2720 1844 2761; x_wconf 89' lang='lat' dir='ltr'>accederent</span> <span class='ocrx_word' id='word_1_308' title='bbox 1875 2720 1928 2760; x_wconf 89' lang='lat' dir='ltr'>ad</span> <span class='ocrx_word' id='word_1_309' title='bbox 1961 2720 2164 2772; x_wconf 86' lang='lat' dir='ltr'>eandem,</span> <span class='ocrx_word' id='word_1_310' title='bbox 2203 2721 2275 2776; x_wconf 93' lang='lat' dir='ltr'>qui</span> <span class='ocrx_word' id='word_1_311' title='bbox 2305 2734 2385 2762; x_wconf 86' lang='lat' dir='ltr'>nec</span> <span class='ocrx_word' id='word_1_312' title='bbox 2421 2731 2456 2757; x_wconf 79' lang='lat'>³⁰</span> 
     </span>
    </p>
   </div>
   <div class='ocr_carea' id='block_1_16' title="bbox 201 2789 2389 3051">
    <p class='ocr_par' dir='ltr' id='par_1_17' title="bbox 201 2789 2389 3051">
     <span class='ocr_line' id='line_1_33' title="bbox 201 2789 2387 2847; baseline -0.001 -14"><span class='ocrx_word' id='word_1_313' title='bbox 201 2791 448 2833; x_wconf 88' lang='lat' dir='ltr'>mandatum</span> <span class='ocrx_word' id='word_1_314' title='bbox 480 2806 558 2833; x_wconf 89' lang='lat' dir='ltr'>nec</span> <span class='ocrx_word' id='word_1_315' title='bbox 599 2792 912 2847; x_wconf 83' lang='lat' dir='ltr'>procurationis</span> <span class='ocrx_word' id='word_1_316' title='bbox 945 2792 1112 2831; x_wconf 86' lang='lat' dir='ltr'>litteras</span> <span class='ocrx_word' id='word_1_317' title='bbox 1147 2789 1435 2831; x_wconf 86' lang='lat' dir='ltr'>ostendebant</span> <span class='ocrx_word' id='word_1_318' title='bbox 1474 2795 1516 2831; x_wconf 89' lang='lat' dir='ltr'>et</span> <span class='ocrx_word' id='word_1_319' title='bbox 1548 2803 1692 2830; x_wconf 87' lang='lat' dir='ltr'>coram</span> <span class='ocrx_word' id='word_1_320' title='bbox 1724 2789 1894 2830; x_wconf 87' lang='lat' dir='ltr'>dilectis</span> <span class='ocrx_word' id='word_1_321' title='bbox 1933 2789 2198 2845; x_wconf 90' lang='lat' dir='ltr'>principibus</span> <span class='ocrx_word' id='word_1_322' title='bbox 2231 2789 2387 2830; x_wconf 84' lang='lat' dir='ltr'>nostris</span> 
     </span>
     <span class='ocr_line' id='line_1_34' title="bbox 201 2857 2389 2914; baseline -0.001 -14"><span class='ocrx_word' id='word_1_323' title='bbox 201 2861 521 2902; x_wconf 72' lang='lat' dir='ltr'>venerabilibus</span> <span class='ocrx_word' id='word_1_324' title='bbox 562 2860 792 2901; x_wconf 88' lang='lat' dir='ltr'>Basiliensi</span> <span class='ocrx_word' id='word_1_325' title='bbox 839 2866 881 2901; x_wconf 88' lang='lat' dir='ltr'>et</span> <span class='ocrx_word' id='word_1_326' title='bbox 918 2860 1190 2900; x_wconf 89' lang='lat' dir='ltr'>Lausanensi</span> <span class='ocrx_word' id='word_1_327' title='bbox 1239 2859 1452 2914; x_wconf 86' lang='lat' dir='ltr'>episcopis</span> <span class='ocrx_word' id='word_1_328' title='bbox 1493 2872 1542 2899; x_wconf 90' lang='lat' dir='ltr'>ac</span> <span class='ocrx_word' id='word_1_329' title='bbox 1583 2857 1858 2899; x_wconf 83' lang='lat' dir='ltr'>Morbacensi</span> <span class='ocrx_word' id='word_1_330' title='bbox 1908 2857 2087 2909; x_wconf 78' lang='lat' dir='ltr'>abbate,</span> <span class='ocrx_word' id='word_1_331' title='bbox 2135 2871 2241 2913; x_wconf 90' lang='lat' dir='ltr'>quos</span> <span class='ocrx_word' id='word_1_332' title='bbox 2284 2858 2389 2913; x_wconf 89' lang='lat' dir='ltr'>ipsis</span> 
     </span>
     <span class='ocr_line' id='line_1_35' title="bbox 202 2926 2387 2983; baseline -0.001 -14"><span class='ocrx_word' id='word_1_333' title='bbox 202 2929 395 2970; x_wconf 87' lang='lat' dir='ltr'>dedimus</span> <span class='ocrx_word' id='word_1_334' title='bbox 428 2928 665 2978; x_wconf 78' lang='lat' dir='ltr'>auditores,</span> <span class='ocrx_word' id='word_1_335' title='bbox 700 2929 963 2983; x_wconf 75' lang='lat' dir='ltr'>exciperent,</span> <span class='ocrx_word' id='word_1_336' title='bbox 998 2927 1110 2983; x_wconf 90' lang='lat' dir='ltr'>quod</span> <span class='ocrx_word' id='word_1_337' title='bbox 1143 2927 1371 2983; x_wconf 90' lang='lat' dir='ltr'>privilegia</span> <span class='ocrx_word' id='word_1_338' title='bbox 1404 2930 1642 2968; x_wconf 87' lang='lat' dir='ltr'>memorata</span> <span class='ocrx_word' id='word_1_339' title='bbox 1673 2940 1758 2967; x_wconf 90' lang='lat' dir='ltr'>non</span> <span class='ocrx_word' id='word_1_340' title='bbox 1790 2926 1872 2966; x_wconf 89' lang='lat' dir='ltr'>nisi</span> <span class='ocrx_word' id='word_1_341' title='bbox 1902 2926 1944 2966; x_wconf 91' lang='lat' dir='ltr'>in</span> <span class='ocrx_word' id='word_1_342' title='bbox 1979 2926 2098 2968; x_wconf 87' lang='lat' dir='ltr'>curia</span> <span class='ocrx_word' id='word_1_343' title='bbox 2128 2926 2387 2968; x_wconf 88' lang='lat' dir='ltr'>Alemannie</span> 
     </span>
     <span class='ocr_line' id='line_1_36' title="bbox 203 2995 2387 3051; baseline -0.001 -13"><span class='ocrx_word' id='word_1_344' title='bbox 203 2997 429 3038; x_wconf 87' lang='lat' dir='ltr'>ostendere</span> <span class='ocrx_word' id='word_1_345' title='bbox 462 2996 737 3046; x_wconf 82' lang='lat' dir='ltr'>tenebantur,</span> <span class='ocrx_word' id='word_1_346' title='bbox 782 2995 974 3037; x_wconf 89' lang='lat' dir='ltr'>dicentes</span> <span class='ocrx_word' id='word_1_347' title='bbox 1016 3010 1102 3037; x_wconf 89' lang='lat' dir='ltr'>non</span> <span class='ocrx_word' id='word_1_348' title='bbox 1135 3010 1232 3037; x_wconf 88' lang='lat' dir='ltr'>esse</span> <span class='ocrx_word' id='word_1_349' title='bbox 1265 2996 1426 3037; x_wconf 88' lang='lat' dir='ltr'>curiam</span> <span class='ocrx_word' id='word_1_350' title='bbox 1459 2995 1718 3037; x_wconf 86' lang='lat' dir='ltr'>Alemannie</span> <span class='ocrx_word' id='word_1_351' title='bbox 1751 2995 1825 3036; x_wconf 90' lang='lat' dir='ltr'>ubi</span> <span class='ocrx_word' id='word_1_352' title='bbox 1858 3000 2007 3036; x_wconf 87' lang='lat' dir='ltr'>nostra</span> <span class='ocrx_word' id='word_1_353' title='bbox 2040 2999 2155 3037; x_wconf 88' lang='lat' dir='ltr'>esset</span> <span class='ocrx_word' id='word_1_354' title='bbox 2187 3009 2387 3051; x_wconf 86' lang='lat' dir='ltr'>persona,</span> 
     </span>
    </p>
   </div>
   <div class='ocr_carea' id='block_1_17' title="bbox 203 3058 2516 3120">
    <p class='ocr_par' dir='ltr' id='par_1_18' title="bbox 203 3058 2516 3120">
     <span class='ocr_line' id='line_1_37' title="bbox 203 3058 2516 3120; baseline -0 -15"><span class='ocrx_word' id='word_1_355' title='bbox 203 3065 340 3105; x_wconf 85' lang='lat' dir='ltr'>dictus</span> <span class='ocrx_word' id='word_1_356' title='bbox 375 3066 602 3120; x_wconf 86' lang='lat' dir='ltr'>episcopus</span> <span class='ocrx_word' id='word_1_357' title='bbox 642 3065 856 3105; x_wconf 90' lang='lat' dir='ltr'>maiestati</span> <span class='ocrx_word' id='word_1_358' title='bbox 899 3070 1042 3105; x_wconf 90' lang='lat' dir='ltr'>nostre</span> <span class='ocrx_word' id='word_1_359' title='bbox 1082 3070 1168 3105; x_wconf 86' lang='lat' dir='ltr'>tam</span> <span class='ocrx_word' id='word_1_360' title='bbox 1201 3064 1355 3105; x_wconf 88' lang='lat' dir='ltr'>devote</span> <span class='ocrx_word' id='word_1_361' title='bbox 1388 3078 1514 3118; x_wconf 92' lang='lat' dir='ltr'>quam</span> <span class='ocrx_word' id='word_1_362' title='bbox 1556 3063 1776 3105; x_wconf 89' lang='lat' dir='ltr'>humiliter</span> <span class='ocrx_word' id='word_1_363' title='bbox 1807 3064 2085 3119; x_wconf 84' lang='lat' dir='ltr'>supplicavit,</span> <span class='ocrx_word' id='word_1_364' title='bbox 2129 3068 2176 3104; x_wconf 86' lang='lat' dir='ltr'>ut</span> <span class='ocrx_word' id='word_1_365' title='bbox 2208 3064 2387 3105; x_wconf 85' lang='lat' dir='ltr'>cassatis</span> <span class='ocrx_word' id='word_1_366' title='bbox 2423 3071 2454 3097; x_wconf 84' lang='lat'>³⁵</span> <span class='ocrx_word' id='word_1_367' title='bbox 2510 3058 2516 3061; x_wconf 62' lang='grc'><strong>’</strong></span> 
     </span>
    </p>
   </div>
   <div class='ocr_carea' id='block_1_18' title="bbox 202 3132 2388 3393">
    <p class='ocr_par' dir='ltr' id='par_1_19' title="bbox 202 3132 2388 3393">
     <span class='ocr_line' id='line_1_38' title="bbox 204 3132 2386 3188; baseline 0 -15"><span class='ocrx_word' id='word_1_368' title='bbox 204 3134 372 3188; x_wconf 85' lang='lat' dir='ltr'>penitus</span> <span class='ocrx_word' id='word_1_369' title='bbox 407 3142 447 3173; x_wconf 88' lang='lat' dir='ltr'>et</span> <span class='ocrx_word' id='word_1_370' title='bbox 479 3133 654 3173; x_wconf 84' lang='lat' dir='ltr'>irritatis</span> <span class='ocrx_word' id='word_1_371' title='bbox 687 3133 858 3173; x_wconf 84' lang='lat' dir='ltr'>omnino</span> <span class='ocrx_word' id='word_1_372' title='bbox 891 3133 1126 3187; x_wconf 83' lang='lat' dir='ltr'>privilegiis</span> <span class='ocrx_word' id='word_1_373' title='bbox 1160 3133 1313 3173; x_wconf 84' lang='lat' dir='ltr'>civium</span> <span class='ocrx_word' id='word_1_374' title='bbox 1353 3133 1663 3187; x_wconf 71' lang='lat' dir='ltr'>predictorum,</span> <span class='ocrx_word' id='word_1_375' title='bbox 1709 3133 1819 3173; x_wconf 87' lang='lat' dir='ltr'>sicut</span> <span class='ocrx_word' id='word_1_376' title='bbox 1859 3133 1965 3173; x_wconf 87' lang='lat' dir='ltr'>alias</span> <span class='ocrx_word' id='word_1_377' title='bbox 1997 3133 2040 3172; x_wconf 92' lang='lat' dir='ltr'>in</span> <span class='ocrx_word' id='word_1_378' title='bbox 2074 3132 2386 3188; x_wconf 88' lang='lat' dir='ltr'>sollempnibus</span> 
     </span>
     <span class='ocr_line' id='line_1_39' title="bbox 202 3200 2386 3256; baseline 0 -16"><span class='ocrx_word' id='word_1_379' title='bbox 202 3201 457 3241; x_wconf 78' lang='lat' dir='ltr'>Alemannie</span> <span class='ocrx_word' id='word_1_380' title='bbox 490 3202 617 3241; x_wconf 86' lang='lat' dir='ltr'>curiis</span> <span class='ocrx_word' id='word_1_381' title='bbox 651 3206 799 3242; x_wconf 87' lang='lat' dir='ltr'>contra</span> <span class='ocrx_word' id='word_1_382' title='bbox 831 3215 882 3242; x_wconf 88' lang='lat' dir='ltr'>ea</span> <span class='ocrx_word' id='word_1_383' title='bbox 914 3202 1057 3242; x_wconf 78' lang='lat' dir='ltr'>extitit</span> <span class='ocrx_word' id='word_1_384' title='bbox 1089 3201 1342 3251; x_wconf 81' lang='lat' dir='ltr'>iudicatum,</span> <span class='ocrx_word' id='word_1_385' title='bbox 1386 3206 1512 3256; x_wconf 91' lang='lat' dir='ltr'>prout</span> <span class='ocrx_word' id='word_1_386' title='bbox 1543 3201 1586 3240; x_wconf 93' lang='lat' dir='ltr'>in</span> <span class='ocrx_word' id='word_1_387' title='bbox 1619 3201 1789 3255; x_wconf 87' lang='lat' dir='ltr'>scriptis</span> <span class='ocrx_word' id='word_1_388' title='bbox 1821 3200 1920 3241; x_wconf 89' lang='lat' dir='ltr'>inde</span> <span class='ocrx_word' id='word_1_389' title='bbox 1953 3200 2159 3241; x_wconf 88' lang='lat' dir='ltr'>confectis</span> <span class='ocrx_word' id='word_1_390' title='bbox 2191 3201 2386 3241; x_wconf 82' lang='lat' dir='ltr'>noscitur</span> 
     </span>
     <span class='ocr_line' id='line_1_40' title="bbox 203 3268 2388 3325; baseline 0 -17"><span class='ocrx_word' id='word_1_391' title='bbox 203 3269 430 3309; x_wconf 84' lang='lat' dir='ltr'>contineri.</span> <span class='ocrx_word' id='word_1_392' title='bbox 465 3269 649 3310; x_wconf 88' lang='lat' dir='ltr'>ecclesie</span> <span class='ocrx_word' id='word_1_393' title='bbox 684 3283 758 3310; x_wconf 89' lang='lat' dir='ltr'>sue</span> <span class='ocrx_word' id='word_1_394' title='bbox 791 3270 1015 3325; x_wconf 83' lang='lat' dir='ltr'>privilegia</span> <span class='ocrx_word' id='word_1_395' title='bbox 1048 3270 1274 3324; x_wconf 87' lang='lat' dir='ltr'>benignius</span> <span class='ocrx_word' id='word_1_396' title='bbox 1307 3274 1537 3325; x_wconf 89' lang='lat' dir='ltr'>acceptare</span> <span class='ocrx_word' id='word_1_397' title='bbox 1570 3273 1716 3310; x_wconf 88' lang='lat' dir='ltr'>nostra</span> <span class='ocrx_word' id='word_1_398' title='bbox 1748 3269 1957 3310; x_wconf 89' lang='lat' dir='ltr'>serenitas</span> <span class='ocrx_word' id='word_1_399' title='bbox 1988 3268 2238 3323; x_wconf 85' lang='lat' dir='ltr'>dignaretur</span> <span class='ocrx_word' id='word_1_400' title='bbox 2269 3273 2313 3310; x_wconf 89' lang='lat' dir='ltr'>et</span> <span class='ocrx_word' id='word_1_401' title='bbox 2335 3281 2388 3310; x_wconf 82' lang='lat' dir='ltr'>ea</span> 
     </span>
     <span class='ocr_line' id='line_1_41' title="bbox 202 3336 2388 3393; baseline -0 -16"><span class='ocrx_word' id='word_1_402' title='bbox 202 3338 242 3377; x_wconf 92' lang='lat' dir='ltr'>in</span> <span class='ocrx_word' id='word_1_403' title='bbox 277 3342 389 3377; x_wconf 86' lang='lat' dir='ltr'>statu</span> <span class='ocrx_word' id='word_1_404' title='bbox 415 3351 490 3377; x_wconf 88' lang='lat' dir='ltr'>suo</span> <span class='ocrx_word' id='word_1_405' title='bbox 522 3337 721 3378; x_wconf 88' lang='lat' dir='ltr'>firmitate</span> <span class='ocrx_word' id='word_1_406' title='bbox 753 3343 965 3393; x_wconf 86' lang='lat' dir='ltr'>perpetua</span> <span class='ocrx_word' id='word_1_407' title='bbox 986 3339 1226 3380; x_wconf 90' lang='lat' dir='ltr'>consistere</span> <span class='ocrx_word' id='word_1_408' title='bbox 1259 3338 1520 3380; x_wconf 89' lang='lat' dir='ltr'>iuberemus.</span> <span class='ocrx_word' id='word_1_409' title='bbox 1580 3337 1671 3378; x_wconf 89' lang='lat' dir='ltr'>Nos</span> <span class='ocrx_word' id='word_1_410' title='bbox 1703 3342 1847 3378; x_wconf 88' lang='lat' dir='ltr'>autem</span> <span class='ocrx_word' id='word_1_411' title='bbox 1871 3337 2254 3392; x_wconf 88' lang='lat' dir='ltr'>supplicationibus</span> <span class='ocrx_word' id='word_1_412' title='bbox 2284 3336 2388 3387; x_wconf 87' lang='lat' dir='ltr'>suis,</span> 
     </span>
    </p>
   </div>
   <div class='ocr_carea' id='block_1_19' title="bbox 202 3404 2453 3460">
    <p class='ocr_par' dir='ltr' id='par_1_20' title="bbox 202 3404 2453 3460">
     <span class='ocr_line' id='line_1_42' title="bbox 202 3404 2453 3460; baseline -0.001 -15"><span class='ocrx_word' id='word_1_413' title='bbox 202 3419 306 3459; x_wconf 88' lang='lat' dir='ltr'>quas</span> <span class='ocrx_word' id='word_1_414' title='bbox 340 3411 652 3446; x_wconf 89' lang='lat' dir='ltr'>consentaneas</span> <span class='ocrx_word' id='word_1_415' title='bbox 685 3405 866 3446; x_wconf 80' lang='lat' dir='ltr'>vidimus</span> <span class='ocrx_word' id='word_1_416' title='bbox 900 3407 1073 3447; x_wconf 85' lang='lat' dir='ltr'>rationi.</span> <span class='ocrx_word' id='word_1_417' title='bbox 1113 3407 1344 3460; x_wconf 90' lang='lat' dir='ltr'>benignius</span> <span class='ocrx_word' id='word_1_418' title='bbox 1383 3406 1595 3455; x_wconf 81' lang='lat' dir='ltr'>inclinati,</span> <span class='ocrx_word' id='word_1_419' title='bbox 1639 3406 1738 3459; x_wconf 86' lang='lat' dir='ltr'>quia</span> <span class='ocrx_word' id='word_1_420' title='bbox 1770 3404 1872 3446; x_wconf 88' lang='lat' dir='ltr'>dicti</span> <span class='ocrx_word' id='word_1_421' title='bbox 1913 3405 2028 3446; x_wconf 87' lang='lat' dir='ltr'>cives</span> <span class='ocrx_word' id='word_1_422' title='bbox 2060 3419 2140 3446; x_wconf 89' lang='lat' dir='ltr'>nec</span> <span class='ocrx_word' id='word_1_423' title='bbox 2173 3408 2384 3446; x_wconf 88' lang='lat' dir='ltr'>venerunt</span> <span class='ocrx_word' id='word_1_424' title='bbox 2419 3417 2453 3442; x_wconf 79' lang='lat'>4⁰</span> 
     </span>
    </p>
   </div>
   <div class='ocr_carea' id='block_1_20' title="bbox 342 3517 724 3561">
    <p class='ocr_par' dir='ltr' id='par_1_21' title="bbox 342 3517 724 3561">
     <span class='ocr_line' id='line_1_43' title="bbox 342 3517 724 3561; baseline 0.003 -10"><span class='ocrx_word' id='word_1_425' title='bbox 342 3517 427 3551; x_wconf 76' lang='grc'><strong>106.</strong></span> <span class='ocrx_word' id='word_1_426' title='bbox 462 3520 491 3560; x_wconf 68' lang='lat'>²)</span> <span class='ocrx_word' id='word_1_427' title='bbox 518 3521 668 3561; x_wconf 83' lang='lat' dir='ltr'>optinere</span> <span class='ocrx_word' id='word_1_428' title='bbox 693 3518 724 3552; x_wconf 70' lang='grc'>2.</span> 
     </span>
    </p>
   </div>
   <div class='ocr_carea' id='block_1_21' title="bbox 341 3619 2226 3664">
    <p class='ocr_par' dir='ltr' id='par_1_22' title="bbox 341 3619 2226 3664">
     <span class='ocr_line' id='line_1_44' title="bbox 341 3619 2226 3664; baseline 0.002 -13"><span class='ocrx_word' id='word_1_429' title='bbox 341 3620 373 3661; x_wconf 86' lang='grc'>1)</span> <span class='ocrx_word' id='word_1_430' title='bbox 400 3619 435 3652; x_wconf 70' lang='lat'>1⁷.</span> <span class='ocrx_word' id='word_1_431' title='bbox 464 3619 580 3652; x_wconf 73' lang='lat' dir='ltr'>Jlntte</span> <span class='ocrx_word' id='word_1_432' title='bbox 607 3620 787 3653; x_wconf 61' lang='lat' dir='ltr'>‘Memno-e</span> <span class='ocrx_word' id='word_1_433' title='bbox 806 3630 900 3662; x_wconf 77' lang='lat' dir='ltr'>pour</span> <span class='ocrx_word' id='word_1_434' title='bbox 923 3621 1149 3664; x_wconf 61' lang='lat' dir='ltr'>I&#39;archerbque</span> <span class='ocrx_word' id='word_1_435' title='bbox 1172 3620 1213 3653; x_wconf 73' lang='lat' dir='ltr'>&lt;le</span> <span class='ocrx_word' id='word_1_436' title='bbox 1241 3620 1414 3654; x_wconf 75' lang='lat' dir='ltr'>Crnnbrai’</span> <span class='ocrx_word' id='word_1_437' title='bbox 1439 3620 1565 3661; x_wconf 79' lang='lat' dir='ltr'>(Paris</span> <span class='ocrx_word' id='word_1_438' title='bbox 1594 3622 1689 3659; x_wconf 76' lang='lat'><strong><em>1772)</em></strong></span> <span class='ocrx_word' id='word_1_439' title='bbox 1711 3620 1826 3663; x_wconf 53' lang='grc' dir='ltr'>μίξας</span> <span class='ocrx_word' id='word_1_440' title='bbox 1842 3619 1961 3662; x_wconf 75' lang='lat' dir='ltr'>justif.</span> <span class='ocrx_word' id='word_1_441' title='bbox 1981 3624 2078 3664; x_wconf 68' lang='lat'>1235</span> <span class='ocrx_word' id='word_1_442' title='bbox 2100 3630 2156 3654; x_wconf 75' lang='lat' dir='ltr'>nr.</span> <span class='ocrx_word' id='word_1_443' title='bbox 2176 3624 2226 3654; x_wconf 77' lang='lat'>21.</span> 
     </span>
    </p>
   </div>
   <div class='ocr_carea' id='block_1_22' title="bbox 2490 2616 2512 2626">
    <p class='ocr_par' dir='ltr' id='par_1_23' title="bbox 2490 2616 2512 2626">
     <span class='ocr_line' id='line_1_45' title="bbox 2490 2616 2512 2626; baseline 0 -2"><span class='ocrx_word' id='word_1_444' title='bbox 2490 2616 2512 2626; x_wconf 50' lang='grc' dir='ltr'><em>φ</em></span> 
     </span>
    </p>
   </div>
   <div class='ocr_carea' id='block_1_23' title="bbox 2537 727 2558 1094">
    <p class='ocr_par' dir='ltr' id='par_1_24' title="bbox 2537 727 2558 1094">
     <span class='ocr_line' id='line_1_46' title="bbox 2537 727 2558 1094; textangle 90"><span class='ocrx_word' id='word_1_445' title='bbox 2541 1056 2548 1094; x_wconf 82' lang='grc'>..-</span> <span class='ocrx_word' id='word_1_446' title='bbox 2540 991 2550 1036; x_wconf 68' lang='lat'>,..</span> <span class='ocrx_word' id='word_1_447' title='bbox 2537 853 2558 973; x_wconf 60' lang='lat'>...„..„4,</span> <span class='ocrx_word' id='word_1_448' title='bbox 2548 810 2550 818; x_wconf 22' lang='lat' dir='ltr'>r</span> <span class='ocrx_word' id='word_1_449' title='bbox 2547 767 2554 793; x_wconf 60' lang='grc'>,</span> <span class='ocrx_word' id='word_1_450' title='bbox 2541 727 2552 751; x_wconf 69' lang='grc'>.,</span> 
     </span>
    </p>
   </div>
  </div>
 </body>
</html>
