2558 3970
157 843 171 868 5

139 1232 171 1257 10

137 1576 167 1602 15

133 2273 166 2299 25

135 2617 168 2643 30

135 2962 167 2988 35

135 3311 169 3336 40

740 136 951 176 PHILIPPI
978 143 1117 178 REGIS
1143 144 1574 181 CONSTITUTIONES.
1629 149 1725 182 mm).
1778 148 1837 182 ΝΥ.
1857 149 1886 183 7.
2386 157 2406 193 ’7

239 411 288 480 7.
334 408 778 481 PACTUM
832 409 1065 480 CUM
1115 411 1649 485 EGOLESIA
1707 416 2379 490 'erchvffllfiNsi

1120 546 1263 593 1202.
1304 548 1408 594 Oct.
1447 549 1461 593 l
1481 550 1517 595 1.

352 688 424 730 Ea·
454 689 710 742 avzztoqrapho
742 690 947 731 tabularii
972 690 1255 741 Confluente'ui
1283 693 1405 743 prius
1437 692 1578 733 datum
1610 708 1634 734 ιι
1671 695 1756 734 viro
1786 694 1824 738 «l.
1855 695 1984 747 Beym·
2006 696 2410 739 ‘Jlitlelrlwin‘'sches-

218 758 564 803 Urkaemdenbuch’
592 759 653 808 II,
675 760 760 799 239
791 772 857 800 φιν.
881 761 968 800 202
997 772 1072 800 nos
1105 759 1251 800 ilerum
1274 761 1534 812 proferimus
1566 764 1813 815 transmittam
1844 780 1862 800 ae
1894 765 2120 808 collariam,
2152 781 2274 817 qnam
2298 767 2411 807 hene-

206 828 292 870 vole
317 828 491 880 paravit
523 828 588 868 vir
619 827 666 868 el.
690 827 851 868 Beck-er
881 827 1008 869 eidem
1041 828 1251 869 tabulario
1280 831 1525 881 praefectus.
1562 857 1613 860 -—
1648 831 1841 880 Bolemer,
1879 833 1971 884 Res).
2008 834 2102 885 imp.
2139 835 2177 882 1³,
2204 838 2268 875 70,

1969 902 2040 944 (Ι).
2062 902 2203 956 (least.)

347 1010 574 1068 Philippus
608 1009 687 1052 Dei
720 1012 861 1067 gratia
893 1011 1185 1053 Romanorum
1231 1026 1307 1053 rex
1343 1018 1385 1053 et
1419 1027 1592 1069 semper
1625 1020 1848 1068 augustus.
1914 1016 2069 1056 Notum
2103 1018 2281 1058 facimus
2316 1019 2407 1058 uni-

203 1081 339 1122 versis
381 1085 626 1136 presentem
668 1081 870 1139 paginam
915 1081 1198 1126 intuentibus,
1237 1082 1351 1135 quod
1392 1096 1470 1122 nos
1511 1087 1722 1137 perpetua
1764 1083 1994 1125 dilectione
2036 1091 2165 1139 atquc
2200 1086 2408 1127 beneficio

206 1149 389 1191 ecclesie
437 1148 713 1201 Treuerensi,
762 1150 954 1205 prelatis,
1005 1150 1187 1201 clericis,
1235 1150 1467 1192 abbatibus
1515 1165 1680 1191 necnon
1725 1152 2079 1194 ministerialibus
2119 1160 2160 1194 et
2199 1156 2408 1195 universis

207 1218 371 1260 civibus
403 1217 738 1260 Treuirensibus
771 1219 950 1273 obligati
983 1234 1131 1260 sumus
1165 1223 1209 1261 et
1242 1224 1289 1260 ut
1322 1220 1450 1260 etiam
1486 1220 1566 1274 ipsi
1600 1234 1697 1261 cum
1729 1221 1962 1262 universali
1997 1223 2179 1272 ecclesia
2212 1229 2409 1278 prompto

206 1292 333 1342 atque
365 1292 576 1343 perpetuo
610 1293 753 1338 nostre
786 1288 1030 1329 maiestatis
1065 1289 1158 1330 vice
1193 1302 1318 1329 versa
1351 1287 1531 1343 obligati
1566 1289 1650 1329 sint
1683 1289 1906 1345 obsequio,
1941 1290 1993 1331 (le
2019 1292 2197 1331 consilio
2221 1292 2407 1332 fidelium

205 1361 449 1398 nostrorum
490 1363 533 1398 et
573 1371 677 1398 sana
716 1371 846 1412 super
893 1357 974 1399 hoe
1021 1357 1169 1399 habita
1210 1357 1528 1400 deliberatione
1570 1358 1610 1398 in
1659 1358 1767 1398 hanc
1808 1360 1985 1400 formam
2028 1374 2121 1399 cum
2166 1361 2269 1415 ipsis
2310 1376 2406 1400 con-

204 1426 418 1468 venimus:

354 1498 386 1536 1.
418 1494 611 1536 Primum
644 1494 685 1536 id
718 1495 770 1536 de
803 1499 944 1546 nostre
975 1495 1188 1550 largitatis
1221 1508 1399 1536 munere
1430 1495 1621 1550 predicte
1654 1496 1831 1546 ecclesie
1864 1496 2149 1551 indulgentes.
2184 1497 2295 1552 quod
2330 1512 2406 1537 nos

204 1578 352 1607 omnes
399 1565 602 1620 prelatos,
649 1565 844 1616 clericos,
896 1564 1079 1606 abbates
1121 1569 1164 1605 ct
1204 1578 1352 1606 eorum
1400 1564 1565 1613 domos,
1615 1566 1921 1606 ministeriales
1965 1580 2134 1621 quoquc
2178 1572 2219 1607 et
2261 1581 2406 1607 eorum

203 1634 399 1676 homines
447 1640 491 1675 et
537 1634 654 1675 cives
697 1634 885 1676 ecclesie
925 1633 1189 1675 Treuerensi
1239 1633 1547 1675 attinentibusa
1594 1648 1688 1675 cum
1743 1635 1956 1675 universis
2003 1649 2172 1689 quoquc
2221 1636 2406 1690 ipsorum

202 1702 555 1759 possessionibus
589 1702 668 1744 sub
710 1703 945 1758 specialem
976 1705 1122 1743 nostre
1165 1702 1407 1744 maiestatis
1442 1702 1674 1744 tuicionem
1708 1703 1962 1759 recepimus
2009 1704 2201 1745 volentes
2235 1710 2279 1744 ut
2312 1705 2406 1744 uni-

202 1772 317 1815 versi
350 1786 608 1828 quocunque
640 1772 783 1823 ierint,
817 1772 908 1814 sive
940 1772 983 1813 in
1016 1771 1264 1814 fluminibus
1296 1771 1409 1813 Reni
1442 1772 1510 1813 vel
1538 1771 1723 1813 Moselle
1757 1786 1926 1813 sursum
1960 1787 2037 1814 seu
2069 1772 2283 1823 deorsum,
2318 1774 2406 1813 sive

203 1855 279 1898 per
310 1845 462 1893 terras,
501 1842 691 1883 universi
722 1846 870 1883 nostro
903 1842 982 1882 tuti
1014 1841 1253 1896 patrocinio
1287 1845 1330 1882 et
1365 1842 1443 1882 sub
1475 1845 1622 1883 nostro
1656 1841 1867 1883 conductu
1902 1843 2030 1883 salvis
2064 1847 2106 1883 et
2138 1843 2330 1896 personis
2365 1848 2408 1882 et

204 1911 334 1953 rebus
367 1911 615 1966 ubicunque
647 1911 840 1954 locorum
873 1916 975 1954 eant
1007 1917 1049 1954 ct
1082 1911 1276 1953 redeant.

347 1983 385 2024 2.
418 1981 530 2022 Item
563 1975 616 2022 ad
648 1981 911 2036 peticionem
943 1995 1113 2036 quoque
1146 1980 1340 2036 ipsorum
1373 1980 1633 2029 theloneum.¹
1668 1980 1782 2036 quod
1815 1980 1927 2035 apud
1952 1979 2173 2020 Koclieme
2203 1980 2323 2033 quasi
2356 1979 2408 2019 de

203 2064 314 2091 novo
347 2050 488 2091 fuerat
527 2050 783 2101 institutum,
828 2050 1003 2091 omnino
1042 2049 1301 2101 remisimus,
1342 2052 1516 2090 servato
1550 2053 1696 2090 tamen
1731 2049 1820 2089 iure
1853 2049 2017 2103 antiqui
2050 2047 2253 2098 thelonei,
2296 2047 2405 2101 quod

203 2119 474 2175 temporibus
521 2119 881 2175 predecessorum
927 2123 1170 2160 nostrorum
1226 2118 1321 2168 dive
1370 2119 1574 2168 memorie
1620 2117 1912 2158 Romanorum
1967 2117 2271 2171 imperatorum
2321 2116 2405 2156 illic

203 2189 372 2231 solebat
404 2188 566 2230 haberi.
629 2187 919 2229 Exactionem
953 2201 1125 2244 quoque
1158 2187 1396 2228 indebitam
1420 2186 1532 2242 apud
1556 2186 1839 2228 Hamerstein
1863 2186 2036 2226 omnino
2062 2185 2163 2240 ipsis
2189 2186 2229 2225 in
2253 2199 2405 2239 perpe-

202 2261 321 2300 tuum
355 2258 612 2299 remisimus.

347 2328 385 2369 3.
417 2327 474 2368 Et
506 2331 554 2368 ut
584 2327 665 2368 hec
698 2327 802 2382 ipsis
836 2326 1147 2368 inviolabiliter
1180 2340 1236 2367 ex
1269 2329 1392 2381 parte
1427 2329 1573 2367 nostra
1597 2325 1897 2371 observentur,
1932 2325 2179 2365 iuraverunt
2211 2323 2263 2363 dc
2287 2327 2405 2377 parte

203 2401 350 2437 nostra
381 2396 608 2451 Philippus
641 2395 693 2437 de
726 2395 997 2446 Bonlanden,
1031 2394 1344 2436 Wolframmus
1377 2394 1430 2436 de
1463 2394 1643 2450 Lapide,
1683 2393 1902 2434 Henricus
1936 2393 1987 2433 de
2021 2391 2247 2432 Randeke.
2292 2391 2403 2431 Con-

204 2465 331 2507 radus
372 2465 425 2507 de
465 2465 696 2517 Bobardia‚
735 2465 952 2507 Henricus
985 2464 1036 2505 de
1069 2464 1211 2516 Dune,
1254 2463 1473 2505 Arnoldus
1507 2463 1763 2518 burgravius
1798 2468 1840 2503 et
1872 2461 2089 2502 Iohannes
2122 2461 2254 2500 frater
2287 2473 2403 2508 suus,

202 2533 421 2576 Arnoldus
455 2539 499 2576 et
529 2534 809 2576 Hermannus
841 2533 978 2575 frater
1010 2548 1114 2575 suus
1148 2533 1201 2575 de
1234 2533 1530 2574 Hamerstein.

347 2608 384 2646 4.
417 2605 527 2646 Item
559 2604 619 2646 hii
651 2618 822 2659 quoque
857 2617 913 2645 ex
943 2607 1065 2658 parte
1098 2607 1247 2644 nostra
1279 2603 1543 2651 iuraverunt,
1580 2600 1694 2656 quod
1727 2600 1807 2656 ipsi
1840 2613 1926 2640 una
1949 2613 2043 2639 cum
2069 2597 2266 2638 omnibus
2298 2596 2402 2637 fide-

205 2673 318 2715 libus
350 2679 392 2715 et
424 2673 782 2715 ministerialibus
814 2678 1013 2715 nostros¹¹
1047 2688 1071 2714 a
1105 2672 1266 2714 Sancto
1299 2671 1488 2713 Nemore
1522 2671 1631 2711 infra
1669 2669 1877 2710 iuvabunt
1910 2672 1952 2708 ct
1983 2667 2168 2708 fideliter
2199 2666 2403 2706 assistent

204 2743 246 2784 in
289 2743 486 2785 omnibus
528 2743 707 2799 agendis
751 2744 838 2785 suis
880 2755 982 2798 sepe
1022 2741 1132 2792 dicte
1171 2741 1328 2791 familie
1371 2740 1551 2790 ecclesie
1583 2738 1865 2780 Trevcrcnsis
1906 2736 2283 2792 quocienscunque
2323 2734 2403 2788 ipsi

205 2813 432 2853 consilium
464 2813 552 2854 sive
586 2813 795 2854 auxilium
828 2812 1021 2867 ipsorum
1055 2810 1345 2865 requisierint.
1407 2807 1464 2849 Et
1497 2808 1533 2848 si
1564 2821 1642 2863 per
1674 2807 1790 2862 ipsos
1820 2820 1905 2847 non
1930 2809 2132 2860 poterunt
2154 2802 2206 2843 ad
2230 2803 2402 2857 plenum

204 2880 352 2932 iuvari,
395 2895 472 2923 nos
508 2881 552 2922 in
589 2881 764 2937 propria
802 2894 993 2936 persona
1032 2893 1128 2920 cum
1169 2877 1370 2920 omnibus
1409 2877 1572 2918 viribus
1611 2876 1766 2917 nostris
1808 2874 1859 2915 ad
1906 2874 2093 2928 ipsorum
2138 2869 2273 2926 parati
2307 2883 2403 2910 esse

203 2953 404 2992 tenemur
437 2951 658 3001 auxilium,
692 2949 975 3006 quoadusque
1009 2947 1062 2989 de
1096 2947 1185 2989 suis
1219 2947 1385 2988 iniuriis
1419 2950 1462 2987 et
1493 2944 1813 3001 gravaminibus
1847 2942 1900 2984 ad
1934 2942 2106 2997 plenum
2141 2940 2243 2995 ipsis
2277 2939 2401 2979 satis-

202 3018 288 3060 fiat.
358 3019 415 3060 Et
452 3024 499 3061 ut
538 3019 730 3061 breviter
771 3019 985 3070 dicamus,
1035 3018 1173 3072 ipsam
1214 3016 1531 3058 Treuerensem
1581 3014 1810 3056 ecclesiam
1857 3016 1899 3053 et
1949 3011 2039 3052 eius
2086 3009 2322 3050 antistitem
2362 3007 2401 3046 in

203 3089 399 3130 omnibus
440 3089 622 3144 agendis
666 3089 754 3130 suis
799 3101 875 3144 pro
909 3101 1035 3142 posse
1074 3090 1222 3127 nostro
1256 3091 1300 3127 et
1332 3085 1494 3126 viribus
1527 3083 1684 3124 nostris
1717 3081 1895 3122 firmiter
1927 3083 2055 3134 atque
2088 3077 2270 3118 fideliter
2303 3089 2401 3131 pro-

201 3157 397 3199 misimus
437 3161 528 3198 toto
567 3161 759 3212 tempore
793 3156 876 3206 vite
907 3159 1052 3205 nostre
1085 3154 1327 3206 defensare,
1371 3153 1601 3203 honorare,
1634 3154 1913 3193 manutenere
1948 3153 1990 3189 et
2022 3160 2097 3202 per
2128 3159 2271 3187 omnia
2304 3158 2400 3199 pro-

202 3238 389 3268 movere.

348 3296 387 3336 5.
426 3294 619 3335 Econtra
657 3294 739 3349 ipsi
773 3306 922 3334 omnes
954 3306 1051 3333 cum
1082 3284 1365 3332 universitate
1401 3290 1556 3331 civium
1590 3286 1924 3330 Treverensium
1957 3283 2139 3324 fideliter
2171 3286 2299 3336 atque
2332 3281 2401 3321 fir-

205 3362 331 3403 miter
360 3363 664 3418 promiserunt,
697 3366 787 3403 toto
821 3366 1017 3416 tempore
1050 3360 1132 3410 vite
1164 3363 1307 3409 nostre
1338 3357 1526 3399 fideliter
1556 3357 1683 3398 nobis
1716 3355 1922 3396 assistere
1956 3358 1998 3393 et
2028 3350 2401 3406 quocienscunque

203 3444 229 3472 a
269 3431 391 3473 nobis
437 3432 634 3486 requisiti
679 3431 839 3473 fuerint
876 3434 1024 3472 contra
1063 3428 1260 3470 inimicos
1302 3427 1485 3483 imperii‚
1526 3425 1651 3466 fidele
1692 3424 1814 3465 nobis
1855 3436 1933 3479 per
1973 3420 2116 3461 omnia
2149 3432 2224 3460 sue
2263 3417 2400 3474 possi-

203 3499 386 3542 bilitatis
421 3500 677 3556 obsequium
709 3504 923 3556 prestare.

343 3624 377 3670 ι7.
410 3626 442 3668 ²)
467 3626 514 3659 sic
539 3638 587 3659 or.
