2558 3970
177 136 221 173 16
638 131 846 166 PHILIPPI
877 132 1009 166 REGIS
1036 132 1464 167 CONSTITUTIONES.
1515 134 1612 168 1207.
1662 134 1725 168 Nr.
1745 134 1799 168 12.
1828 134 1877 167 13.

169 261 291 287 31111111
323 248 392 286 illa
429 247 550 288 bona.
586 246 788 287 videlicet
822 246 1010 286 redditus
1044 246 1159 286 mille
1194 260 1447 290 marcarum,
1481 260 1585 300 quos
1618 247 1708 301 ipse
1741 247 1829 288 dux
1860 247 2102 289 Brabancie
2134 249 2176 288 in
2209 248 2351 290 dotem

170 314 249 354 sibi
284 315 583 368 assignaverit.
645 314 925 355 Postmodum
961 328 1057 354 cum
1091 320 1257 356 mortua
1290 316 1419 355 fuerit
1450 315 1535 355 filia
1567 315 1728 356 domini
1761 317 1889 371 regis,
1921 317 2006 357 iam
2029 316 2143 357 dicta
2164 316 2278 358 bona
2300 316 2355 358 ad

169 382 319 422 ducem
353 382 608 423 Brabaneie.
648 382 681 421 si
718 388 816 422 tnnc
851 383 1018 423 vixerit.
1062 382 1129 423 vel
1163 383 1197 423 si
1238 387 1337 423 tunc
1371 387 1562 424 mortuus
1595 387 1674 429 est,
1713 383 1765 424 ad
1800 384 1890 425 eius
1922 384 2137 440 legitimos
2170 385 2354 426 heredes

170 456 453 491 revertentur.

312 521 348 559 ὃ.
383 518 490 558 Item
524 519 556 558 si
590 519 821 572 eontigerit
852 519 958 558 mori
990 519 1123 559 filium
1156 519 1275 560 ducis
1309 519 1548 561 Brabancie
1581 524 1680 561 ante
1716 521 1856 561 carnis
1889 521 2087 576 copulam
2120 526 2162 562 et
2194 523 2227 563 si
2260 523 2355 578 ipse

170 595 267 626 tunc
299 587 427 627 alium
461 587 591 626 filium
625 601 706 627 11011
740 587 952 630 habuerit,
986 588 1077 641 ipse
1111 586 1198 627 dux
1230 586 1472 629 Brabancie
1505 588 1677 629 domino
1711 590 1802 643 regi
1834 590 1964 630 filiam
1999 603 2119 630 suam
2144 591 2356 641 restituet,

169 655 260 708 ipse
295 656 422 695 etiam
457 655 680 696 rehabebit
714 655 785 695 illa
818 655 931 696 bona
964 669 1045 710 que
1080 656 1120 695 in
1155 655 1299 696 dotem
1332 656 1418 696 filie
1452 657 1564 710 regis
1598 656 1791 697 dederat.

310 726 346 762 6.
382 722 424 763 Si
459 729 602 764 autem
628 723 718 764 Deo
752 723 879 763 dante
909 724 1151 778 contigerit,
1184 729 1230 764 ut
1254 725 1336 765 iam
1360 725 1474 765 dicte
1499 739 1696 780 persone,
1730 725 1931 766 videlieet
1954 726 2039 766 filia
2061 726 2220 767 domini
2243 726 2356 781 regis

169 797 210 831 et
234 791 344 831 filius
368 791 500 835 ducis,
533 792 694 847 prolem
725 792 966 837 habuerint,
1003 794 1165 833 cunctis
1190 794 1368 834 mortuis
1395 794 1463 834 illa
1489 794 1630 849 proles
1654 795 1762 834 sicut
1785 794 1944 834 iustum
1968 798 2033 835 est
2054 794 2096 834 in
2119 794 2356 849 legitimam

169 868 393 912 parentum
428 874 598 900 suorum
633 859 860 901 suecedetc
893 860 1191 901 hereditatem.

312 931 348 967 7.
383 928 436 968 Et
471 928 578 969 sicut
611 928 807 969 dominus
839 942 915 969 rex
949 928 1049 969 data
1081 929 1163 970 fide
1188 930 1267 971 hec
1289 944 1335 971 se
1359 935 1627 971 servaturum
1651 930 1849 984 promisit
1871 934 1913 970 et
1935 944 2010 985 pro
2034 944 2085 971 eo
2108 931 2150 971 in
2173 931 2359 973 animam

170 1009 290 1035 suam
334 997 516 1036 iuratum
556 1003 636 1041 est,
680 998 737 1037 ita
776 997 863 1037 dux
896 997 1136 1038 Brabancie
1171 1013 1245 1052 pro
1281 1012 1324 1039 se
1358 999 1451 1054 ipso
1484 1014 1528 1040 se
1570 998 1682 1039 hocd
1715 1002 1983 1040 servaturum
2026 999 2222 1054 promisit
2260 999 2361 1041 data

168 1063 248 1104 fide
288 1071 328 1105 et
372 1066 546 1120 insuper
595 1067 832 1106 iuramento
879 1066 1157 1108 confirmavit.
1234 1067 1357 1108 Uxor
1398 1082 1568 1122 quoque
1618 1082 1696 1108 sua
1738 1067 1910 1108 domina
1947 1067 2121 1108 ducissa
2159 1067 2274 1109 idem
2314 1083 2360 1109 se

171 1139 433 1173 servaturam
468 1135 683 1188 promittet
717 1134 818 1174 data
849 1133 932 1175 fide
966 1140 1008 1175 et
1040 1134 1208 1175 iurabit.
1273 1135 1482 1176 Iurabunt
1514 1135 1618 1176 illud
1651 1135 1764 1177 idem
1799 1136 2102 1177 ministeriales
2127 1136 2193 1176 sui
2216 1140 2259 1178 et
2282 1150 2358 1178 sue

169 1213 378 1242 civitates.

230 1552 314 1618 13.
359 1549 864 1621 EDICTUM
915 1551 1056 1621 DE
1113 1552 1673 1624 OOLLECTA
1728 1549 2300 1624 SOLVENDA

691 1653 901 1725 PRO
961 1655 1331 1725 TERRA
1386 1655 1835 1726 SANCTA.

1060 1780 1201 1826 1a07.
1242 1780 1375 1839 Sept.
1411 1781 1485 1827 14.

311 1919 436 1961 Dedit
467 1922 609 1962 Arndt
645 1938 694 1963 cr
746 1927 783 1967 l)
823 1923 1076 1976 aadoyrapleo
1117 1924 1319 1965 tabulam·
1358 1924 1608 1974 Montensis,
1654 1926 1805 1966 litteris
1844 1926 2044 1979 clonyatis
2081 1928 2255 1975 carente,
2296 1925 2363 1966 cue)

168 1990 262 2029 olim
302 1990 557 2041 appendebat
592 1992 680 2043 silis·
717 1992 840 2032 lincis
877 1993 1060 2044 signumve
1100 2005 1211 2033 mmo
1251 1993 1518 2046 deperditam.
1586 1994 1754 2035 Paucas
1791 1994 1980 2035 lectiones
2017 1997 2153 2035 autem
2183 1993 2359 2034 adnota-

170 2059 300 2097 remus
330 2072 380 2099 eac
425 2060 468 2113 2)
499 2060 673 2101 editione
704 2060 866 2102 Meu-aee&
898 2060 1047 2113 ‘Opera
1078 2061 1342 2113 diplomatica
1381 2066 1416 2102 eb
1447 2062 1643 2104 historica
1681 2063 1741 2105 ecl.
1771 2063 1974 2114 Foppens’
2008 2062 2101 2115 ΙΙΙ,
2124 2065 2220 2112 372,
2253 2075 2359 2115 quae

168 2125 354 2167 clericam
386 2130 444 2168 est
476 2133 538 2169 ‘ex
567 2129 748 2170 archivis
779 2143 962 2170 camerac
993 2131 1204 2171 rationum
1235 2131 1424 2181 Inszclis',
1462 2146 1513 2172 ex
1543 2132 1772 2184 exemplari
1801 2145 1902 2173 sane
1933 2132 1988 2173 ad
2018 2133 2250 2184 episcopum
2284 2129 2320 2173 C
2346 2154 2362 2161 -

170 2208 436 2236 meracenscm
479 2196 633 2238 (latum.
706 2198 849 2238 Echtz’o
880 2198 1094 2239 Martenoi
1138 2199 1184 2239 in
1225 2199 1437 2241 Thesauro
1474 2201 1762 2242 (anecdotorum
1800 2201 1836 2251 Ι,
1859 2201 1942 2241 805
1978 2201 2132 2242 nititur
2169 2199 2363 2242 ‘cartario

170 2264 457 2305 Hosnom'ense'
487 2265 743 2307 dominorum
776 2267 824 2307 (ἶο
856 2267 1063 2318 Amnis}
1094 2268 1144 2321 cfl
1178 2268 1357 2309 ‘Archiv'
1390 2269 1603 2319 VIIL85.
1638 2296 1689 2299 —-
1720 2269 1913 2320 Bolmzer,
1945 2269 2044 2323 Rcy.
2077 2270 2175 2322 imp.
2206 2269 2248 2319 V,
2267 2270 2362 2310 160.

2012 2337 2082 2391 (P.
2099 2338 2219 2384 213.)

318 2424 395 2464 Ph.
430 2425 511 2466 Dei
545 2427 686 2480 gratia
718 2427 1009 2468 Romanorum
1043 2441 1119 2468 rex
1153 2432 1196 2469 et
1229 2443 1400 2484 semper
1434 2433 1644 2483 augustus
1678 2429 1877 2470 fidelibus
1902 2430 1989 2470 suis
2014 2429 2362 2484 archiepiscopis,

173 2494 403 2547 episeopis
451 2495 702 2541 abbatibus,
751 2496 945 2538 ducibus
996 2496 1332 2549 marchionibus,
1380 2497 1619 2547 comitibus,
1670 2498 1831 2548 liberis,
1875 2498 2227 2539 ministerialibus
2267 2497 2363 2538 uni-

174 2562 395 2616 versisque
430 2562 660 2604 christiane
693 2564 973 2618 professionis
1006 2565 1265 2615 hominibus,
1302 2580 1380 2620 per
1412 2570 1547 2606 totum
1574 2567 1800 2620 imperium
1825 2566 2082 2620 ubicumque
2107 2566 2363 2617 constitutis,

174 2631 354 2684 gratiam
389 2645 508 2671 suam
542 2638 583 2672 et
616 2647 741 2673 omne
774 2633 947 2675 bonum.

317 2702 439 2741 Licet
485 2702 653 2742 occulta
694 2701 774 2742 Dei
821 2702 979 2742 iudicia
1026 2702 1236 2743 humanus
1276 2703 1522 2744 intellectus
1562 2718 1647 2744 non
1688 2704 1875 2744 sufficiat
1912 2703 2189 2757 investigare,
2230 2716 2362 2758 quare

174 2772 372 2812 videlicet
405 2770 545 2811 divina
577 2771 857 2825 permissione
887 2770 1022 2812 Terra
1045 2772 1216 2816 Sancta,
1250 2786 1376 2826 quam
1409 2771 1605 2813 dominus
1639 2777 1784 2814 noster
1804 2772 1928 2813 Iesus
1952 2771 2148 2813 Christus
2179 2771 2362 2827 pedibus

175 2841 369 2880 calcavit.
409 2839 612 2893 potestati
649 2838 929 2880 Sarracenice
971 2840 1133 2881 tamdiu
1172 2840 1226 2881 sit
1267 2841 1476 2889 subiecta,
1520 2841 1670 2895 pocius
1711 2845 1855 2882 tamen
1898 2841 1967 2895 pie
2001 2839 2265 2881 credendum
2297 2843 2364 2881 est

177 2922 301 2963 quam
334 2915 497 2947 temere
542 2906 831 2955 iudicandum,
871 2907 981 2962 quod
1019 2914 1143 2963 pater
1176 2909 1566 2950 misericordiarum
1600 2923 1724 2950 veros
1758 2909 1926 2950 adletas
1959 2923 2058 2949 suos
2092 2907 2144 2950 ad
2175 2909 2363 2963 palmam

178 2977 353 3017 victorie
387 2976 534 3016 volens
577 2976 753 3016 incitare
793 2981 836 3017 et
879 2977 1111 3018 christiane
1155 2978 1301 3018 militie
1343 2992 1531 3033 pugnam
1564 2979 1605 3019 in
1640 2978 1894 3019 exercitium
1927 2977 2098 3028 ducere,
2140 2976 2362 3018 salutifere

177 3053 290 3086 terre
323 3045 647 3085 subversionem
682 3046 880 3087 minatur.
914 3050 959 3086 ut
990 3045 1041 3086 ad
1076 3047 1169 3087 eius
1203 3046 1546 3088 absolutionema
1580 3048 1815 3088 electorum
1840 3060 2014 3087 suorum
2038 3046 2205 3087 animus
2230 3045 2360 3087 vehe-

178 3114 360 3154 mentius
385 3113 656 3153 accendatur.
689 3119 731 3154 et
753 3115 793 3153 in
818 3119 904 3154 tam
929 3118 1076 3155 saneto
1100 3115 1306 3155 exercitio
1330 3115 1633 3156 salvandorum
1657 3129 1861 3156 numerus
1885 3118 2051 3156 crescat
2073 3118 2116 3155 et
2138 3117 2360 3168 augeatur.

179 3181 246 3222 Ad
280 3181 587 3222 consulendum
620 3183 748 3235 igitur
778 3182 1074 3224 indifferenter
1097 3183 1224 3224 saluti
1247 3184 1448 3227 omnium.
1482 3188 1630 3225 notum
1653 3185 1706 3224 sit
1728 3184 1944 3224 universis
1966 3183 2181 3238 presentis
2203 3182 2362 3237 pagine

179 3250 507 3304 inspectoribus.
543 3250 655 3304 quod
688 3265 782 3290 cum
815 3251 929 3306 apud
954 3251 1203 3292 Northusen
1238 3252 1399 3293 curiam
1435 3253 1716 3307 sollempnem
1750 3252 2083 3302 celebraremus,
2117 3250 2275 3292 ibidem
2308 3250 2361 3291 ad

179 3332 254 3358 nos
294 3326 568 3358 accesserunt
611 3319 687 3358 viri
721 3318 894 3359 dilectib
933 3325 975 3360 et
1013 3319 1178 3373 providi
1211 3324 1253 3360 et
1286 3320 1405 3361 nobis
1441 3320 1561 3361 valde
1595 3321 1793 3364 connitic,
1834 3325 1876 3360 et
1908 3334 1963 3360 ex
2001 3323 2124 3374 parte
2157 3319 2361 3360 Ierosoli-

180 3386 329 3426 mitani
370 3386 612 3440 patriarche
655 3392 697 3426 et
730 3387 922 3441 magistri
955 3388 1104 3429 militie
1138 3388 1289 3429 domus
1324 3389 1491 3442 Templi
1525 3392 1567 3430 et
1607 3388 1800 3442 magistri
1834 3387 1986 3428 domus
2019 3387 2272 3442 Hospitalis,
2307 3401 2362 3428 ex

179 3460 299 3508 parte
334 3467 499 3508 quoque
540 3454 834 3495 universorum
868 3456 1173 3497 catholicorum
1212 3457 1429 3498 hominum
1461 3458 1503 3497 in
1536 3456 1831 3497 transmarinis
1867 3455 2066 3511 partibus
2099 3455 2362 3510 degentium,

319 3566 377 3600 1⁶2..
412 3573 440 3608 c)
468 3569 615 3601 succedit
642 3569 712 3601 cod.
834 3568 866 3611 d)
894 3582 929 3603 se
955 3571 1107 3604 abundat
1132 3573 1204 3604 cod.

320 3635 377 3670 13.
410 3642 439 3677 a)
467 3638 666 3670 solutionem
693 3640 722 3670 2.
843 3639 872 3679 ¹¹)
899 3640 1033 3672 disereti
1058 3638 1089 3671 2.
1207 3647 1238 3681 0)
1263 3640 1309 3672 sic
1332 3652 1396 3682 pro
1421 3641 1548 3683 cogniti
1578 3640 1602 3673 1.

2396 867 2438 900 10¹

2396 1215 2427 1241 15

2398 2003 2431 2028 20

2399 2356 2432 2381 25

2399 2723 2432 2748 30

2398 3065 2430 3090 35
