2558 3970
201 172 281 209 414
641 165 854 199 HEINRICI
882 164 1021 200 REGIS
1047 164 1474 199 CONSTITUTIONES.
1526 166 1623 200 1231.
1672 166 1734 199 Nr.
1752 166 1827 200 299.
1854 166 1930 201 300.

2551 94 2558 129 ..—

200 282 381 336 principi
429 286 571 321 nostro
617 281 691 322 S.¹¹¹
740 284 888 321 sancte
928 279 1180 334 Maguntine
1229 281 1342 322 sedis
1390 280 1625 322 venerabili
1673 280 1997 337 archiepiscopo
2042 286 2188 324 nostro
2239 284 2378 338 sigillo

198 350 376 390 fecimus
410 349 640 390 roborarin.

343 417 522 458 Testes⁰
560 417 617 457 hii
659 422 799 457 suntv:
847 416 1170 458 Theodericus‘l
1203 418 1508 458 Treuerorumr
1548 416 1940 473 archiepiscopusS,
1982 418 2213 461 Heinricus
2254 420 2377 463 Oolo-

199 486 358 526 niensis
406 486 787 540 archiepiscopus&
835 484 1084 525 Com-adusu
1131 485 1265 525 abbas
1299 484 1445 526 Sancti
1489 484 1622 533 Galli.
1669 483 1770 526 Otto
1812 499 1955 527 comes
1997 488 2212 542 palatinus
2251 488 2376 539 Reni,

199 553 395 594 Matheus
428 553 515 594 dux
545 552 869 608 Lfithuringiev.
904 553 1133 594 Heinricus
1166 553 1254 594 dux
1285 553 1338 595 de
1367 553 1663 609 Lymburchw,
1695 553 1926 595 Heinricus
1951 569 2092 597 comes
2117 556 2378 607 Seinensisx,

198 623 412 663 Lutherus
447 637 590 664 comes
625 623 677 664 de
710 623 842 673 Hare,
876 622 1180 663 Waleramusy
1211 622 1263 663 de
1295 621 1580 677 Lymburel12‚
1614 621 1822 663 Gerlacus
1854 623 1906 664 de
1928 623 2157 679 Budingen
2171 632 2201 678 ²¹,
2234 630 2278 667 et
2309 627 2381 667 alii

200 706 324 746 quam
358 692 500 746 plures
534 693 603 746 qui
637 696 781 732 nostre
816 691 1040 746 sollempni
1073 691 1189 732 curie
1222 691 1523 732 interfuerunt.

340 760 527 801 Datumb
561 761 673 816 apud
706 760 1006 813 wormatiam,
1047 766 1185 801 annoc
1216 759 1390 800 Domini
1418 758 1736 812 MOCXXXId,
1777 760 1972 802 decimo⁰
2006 761 2104 803 Kal.
2137 761 2380 815 Februarii,

198 829 427 870 indictione
463 830 646 884 quartas.

889 1168 1026 1235 300.
1084 1164 1703 1236 SENTENTIA

323 1266 463 1337 DE
520 1266 1214 1338 PROBATIONE
1270 1268 1773 1340 CRIMINIS
1816 1268 2254 1341 VREVEL.

1093 1393 1235 1441 1e31.
1274 1394 1393 1453 Apr.
1423 1394 1501 1441 29.

340 1536 526 1577 Exstant
556 1536 636 1577 cluo
657 1537 927 1589 autom-aphet,
959 1550 1132 1589 qzwrmn
1154 1550 1284 1578 unum
1319 1537 1360 1593 1)
1394 1541 1650 1579 asservatum
1673 1538 1718 1578 in
1740 1537 1951 1579 tabulario
1971 1538 2151 1580 civitatis
2173 1538 2385 1591 Spirensis

209 1605 307 1648 srlf.
340 1619 404 1647 nr.
428 1608 466 1655 3,
497 1606 582 1646 iam
610 1606 771 1657 pridem
802 1607 954 1647 editum
986 1607 1032 1647 in
1064 1606 1349 1648 Illonitmcntis
1380 1607 1523 1648 Boicis
1544 1607 1685 1656 XXX,
1710 1610 1746 1657 1,
1770 1608 1851 1647 169
1882 1620 1948 1649 nr.
1972 1607 2065 1657 697,
2098 1620 2231 1659 nuper
2253 1607 2385 1649 denno

198 1674 344 1715 arcadi
375 1673 478 1728 fecit
508 1674 692 1726 Hilqard
721 1674 969 1717 ‘Ui-kmiden
1009 1688 1085 1716 ,ezir
1120 1675 1356 1717 Gesclzichte
1386 1676 1459 1717 der
1489 1675 1610 1718 Stadt
1641 1675 1806 1728 Speyer'
1837 1678 1892 1715 41
1922 1688 1986 1717 nr.
2011 1678 2088 1726 47;
2128 1675 2172 1732 2)
2204 1676 2380 1718 alterum

197 1746 451 1784 asseri-arma
477 1744 520 1783 in
542 1743 779 1785 bibliotheca
801 1744 1090 1785 universitatis
1111 1744 1480 1798 Heidelberycnsis,
1509 1744 1844 1786 ‘Lelmiann'sclie
1867 1744 2123 1797 Sammlnny’
2147 1743 2195 1786 P.
2214 1744 2245 1786 I
2259 1758 2326 1786 nr.
2346 1747 2385 1795 2,

198 1813 315 1852 cuius
345 1813 487 1852 <carias
509 1813 696 1853 lectiones
720 1812 781 1852 cir
802 1812 840 1854 cl.
864 1811 1050 1865 Hilyard
1080 1812 1219 1852 minus
1240 1816 1429 1854 acam-ate
1450 1813 1676 1863 adnotavit,
1704 1813 1868 1864 primus
1888 1813 2017 1854 edidit
2042 1813 2107 1854 vir
2127 1813 2175 1854 el.
2204 1813 2386 1856 Winlcel-

200 1893 327 1920 mame
360 1881 402 1920 in
427 1881 546 1920 Actis
579 1881 741 1931 imperii·
775 1880 941 1921 ineditis
962 1880 1024 1930 II,
1049 1882 1100 1920 64
1132 1894 1197 1921 nr.
1223 1883 1287 1922 67.
1354 1881 1466 1933 Quas
1496 1881 1692 1922 editiones
1719 1883 1847 1923 secuti
1869 1894 2021 1922 sumus.
2078 1881 2230 1922 Text‘iis
2251 1883 2388 1934 privi-

199 1949 295 2001 quii
325 1948 476 1988 nititur
502 1949 719 2002 privilegio
751 1949 957 2002 Bemzqeri
988 1949 1166 2001 episcopi
1195 1964 1232 1990 a.
1257 1951 1380 1992 1230.
1414 1950 1547 1991 Mart.
1571 1953 1598 1991 4
1628 1950 1735 2001 dato,
1777 1951 1883 1991 edito
1913 1965 1939 1991 α
1971 1950 2195 2004 Hilyardio
2227 1951 2253 1994 l.
2278 1964 2308 1993 e.
2331 1952 2386 1991 39

201 2030 264 2057 nr.
281 2019 348 2058 44.
382 2044 432 2047 —
469 2017 915 2060 Huillacm-Breliolles
946 2018 1034 2069 III,
1056 2019 1151 2059 451.
1211 2019 1405 2070 Bo'lzmer,
1432 2020 1530 2073 Ray.
1554 2021 1650 2074 imp.
1684 2019 1728 2070 V,
1749 2021 1874 2060 4189.
2029 2019 2101 2072 (P.
2122 2020 2240 2069 280.)

343 2152 399 2193 Η.
433 2152 515 2193 Dei
559 2153 703 2208 gracia
735 2153 1026 2194 Romanorum
1068 2168 1147 2195 rex
1189 2159 1231 2195 et
1272 2169 1445 2211 semper
1483 2160 1695 2210 augustus
1735 2155 1946 2196 universis
1987 2155 2156 2210 imperii
2187 2155 2387 2197 fidelibus

203 2222 354 2276 quibus
387 2236 566 2277 presens
599 2223 803 2277 scriptum
837 2222 1105 2263 exhibitum³
1136 2223 1269 2264 fuerit
1301 2224 1495 2278 graciam
1529 2238 1649 2265 suam
1683 2228 1726 2265 et
1756 2237 1879 2265 omne
1910 2224 2083 2266 bonum.
2203 2223 2389 2265 Inolevit

203 2291 360 2345 quippe
394 2305 416 2330 a
449 2290 585 2345 longis
619 2296 732 2331 retro
766 2292 1032 2346 temporibus
1055 2293 1098 2331 in
1124 2292 1296 2333 civitate
1328 2297 1473 2334 nostra
1495 2292 1698 2348 Spirensi,
1733 2294 1842 2334 sicut
1864 2293 2169 2344 intelleximus,
2203 2292 2386 2348 quedam

204 2359 469 2400 consuetudo
502 2358 787 2412 detestabilis,
821 2361 940 2416 pacis
965 2361 1125 2412 emula,
1156 2360 1287 2402 divini
1311 2366 1354 2402 et
1382 2362 1558 2403 humani
1580 2362 1684 2402 iuris
1715 2362 1901 2414 inimica,
1934 2361 2013 2402 hec
2038 2362 2214 2414 scilicet,
2247 2360 2386 2417 quodb

203 2428 236 2467 si
269 2428 361 2483 quis
395 2428 521 2468 alicui
565 2429 771 2470 laicorum
805 2429 847 2469 in
889 2430 1068 2470 minima
1099 2429 1369 2471 denariorum
1410 2431 1676 2486 quantitatec
1709 2431 1877 2472 solvere
1917 2430 2159 2480 tenebatur,
2201 2430 2388 2472 creditor

203 2496 456 2548 debitorem,
489 2498 605 2537 nulla
638 2498 705 2539 vel
738 2497 904 2539 modica
935 2499 1166 2539 monitione
1198 2500 1424 2554 premissa,
1459 2513 1600 2541 coram
1640 2500 1813 2540 officiali
1834 2500 2017 2540 sculteto
2043 2498 2235 2554 Spirensi
2256 2499 2389 2540 traxit

203 2565 245 2605 in
286 2579 481 2616 causam,
523 2579 788 2620 conquerens
831 2569 968 2622 ipsum
1014 2569 1327 2610 contumaciter
1367 2574 1410 2609 et
1446 2569 1669 2619 violenter,
1714 2569 1828 2624 quod
1859 2568 2100 2623 vulgariter
2130 2568 2388 2610 wreveliche

204 2633 423 2674 vocaturd.
467 2635 646 2688 pecunie
692 2635 771 2675 sibi
813 2635 957 2677 debite
1001 2637 1256 2677 solutionem
1296 2637 1558 2692 neglexisse.
1627 2637 1666 2677 A
1707 2637 1826 2678 cuius
1867 2637 2071 2678 instantia
2107 2636 2249 2678 iudicii
2289 2650 2388 2678 reus

204 2716 475 2757 nequaquam
515 2703 655 2757 potuit
687 2703 850 2744 absolvi
882 2705 963 2745 nisi
995 2704 1048 2746 ad
1089 2707 1232 2747 minus
1263 2720 1341 2762 per
1372 2710 1537 2761 septem
1570 2707 1818 2747 testimonia
1848 2719 2142 2761 personarum.
2203 2704 2320 2753 Quas
2354 2705 2388 2746 si

205 2785 302 2812 reus
335 2771 386 2812 ad
420 2772 775 2826 expurgationem
809 2773 1075 2815 obiectorum
1108 2789 1192 2815 non
1224 2779 1394 2830 poterat
1425 2775 1676 2829 producere,
1710 2775 1919 2816 scultetus
1948 2775 2090 2830 ipsum
2112 2787 2232 2816 reum
2256 2774 2388 2815 actori

204 2840 256 2880 ad
295 2839 571 2881 solvendume
603 2840 788 2882 deducta
826 2842 867 2882 in
907 2842 1107 2883 iudicium
1149 2843 1479 2899 condempnavit
1519 2848 1561 2885 et
1602 2845 1777 2900 insuper
1814 2843 1945 2885 iudex
1984 2843 2075 2898 ipse
2117 2857 2192 2898 pro
2239 2846 2387 2884 contu-

203 2910 334 2950 matia
367 2910 457 2950 sive
489 2909 690 2950 violentia
723 2924 805 2965 que
838 2910 1046 2952 wreveles
1076 2911 1245 2963 dicitur,
1282 2912 1381 2953 licet
1412 2913 1531 2954 nulla
1563 2917 1690 2964 esset,
1726 2926 1798 2954 reo
1833 2926 1907 2968 pro
1940 2912 2066 2953 libitu
2094 2911 2388 2967 pecuniariam

342 3033 427 3068 299.
461 3041 503 3076 m)
523 3048 590 3078 pro
616 3038 647 3068 S.
675 3056 715 3060 —
742 3038 994 3080 archiepiscopo
1011 3036 1045 3070 3:
1079 3039 1284 3071 Heinrico
1320 3040 1562 3071 venerabili
1587 3040 1880 3072 Wormatiensi
1908 3040 2119 3082 episcopo.
2236 3037 2270 3077 n)
2296 3049 2386 3071 com-

205 3095 326 3125 muniri
353 3092 383 3125 2.
512 3096 544 3135 0)
569 3100 681 3127 autem
707 3095 787 3126 add.
806 3093 836 3127 4.
976 3098 1008 3137 P)
1039 3101 1118 3127 sunt
1143 3096 1188 3126 hii
1215 3094 1246 3128 2.
1388 3097 1419 3138 ί1)
1445 3097 1547 3129 series
1573 3097 1700 3130 testium
1724 3097 1842 3139 incipit
1865 3097 1900 3128 in
1925 3095 1961 3128 3:
2001 3096 2190 3128 Sifridus
2215 3097 2387 3138 Mogun-

205 3152 320 3182 rinus
347 3152 720 3193 archiepiscopus,
746 3153 928 3184 Heinricus
953 3153 1162 3185 Coloniensis
1187 3153 1472 3196 archiepiscopus,
1500 3154 1730 3186 Theodoricus
1747 3153 1958 3186 Trevirensis
1983 3153 2267 3195 archiepiscopus,
2295 3152 2381 3185 Con-

206 3208 306 3239 radus
332 3208 438 3240 abbas
463 3214 538 3246 θεας
565 3209 599 3239 in
617 3208 653 3241 4:
681 3209 866 3241 Sisi-idus
892 3210 1174 3252 Moguntinus
1199 3210 1501 3249 archielectus‚
1527 3211 1709 3244 Heinricus
1733 3211 1944 3243 Coloniensis
1969 3210 2251 3253 archiepiscopus,
2277 3209 2385 3241 Theo-

180 3263 184 3267 ’
206 3264 336 3296 clericus
374 3266 590 3297 Treverensis
631 3267 918 3309 archiepiscopus,
958 3268 1142 3299 Sifridus
1178 3268 1509 3310 Ratisponensis
1546 3269 1778 3311 episcopus
1814 3273 1852 3300 et
1889 3267 2123 3310 imperialis
2163 3267 2260 3299 aule
2296 3277 2387 3299 can-

207 3321 426 3361 cellarius,
452 3323 681 3355 Heinricus
709 3324 1024 3357 wormatiensis
1050 3325 1295 3367 episcopus,
1322 3326 1500 3358 Cunradus
1518 3325 1626 3358 abbas
1645 3331 1702 3358 etc.
1785 3325 1812 3364 r)
1838 3325 2056 3357 Treverensis
2074 3322 2104 3356 2.
2193 3324 2220 3365 s)
2246 3324 2335 3356 deest
2352 3322 2384 3357 2.

205 3380 229 3411 t,
257 3380 498 3421 archiepiscopi
524 3378 554 3411 2.
696 3379 729 3421 ιι)
755 3382 790 3413 C.
810 3380 847 3422 23
878 3382 1056 3423 Cunradus
1081 3381 1112 3414 4.
1252 3382 1282 3423 v)
1308 3383 1525 3425 Lotharingie
1551 3381 1663 3415 2—4.
1805 3380 1845 3423 W)
1871 3382 2035 3423 Limburg·
2060 3380 2099 3419 23
2139 3381 2321 3413 Limburch
2346 3380 2384 3419 3;

2431 571 2446 594 5

2420 1196 2452 1220 10

2422 1694 2452 1719 15

2423 2035 2456 2061 20

2423 2445 2455 2472 25

2424 2787 2457 2813 30

2421 3157 2482 3186 35.

207 3436 366 3468 Limburc
390 3435 423 3468 4.
539 3443 571 3476 x!
598 3437 654 3479 Se)
668 3439 778 3470 nensis
803 3437 840 3478 33
867 3440 1024 3471 Senensis
1049 3438 1078 3471 4.
1196 3442 1227 3479 y)
1255 3440 1479 3472 Walrammus
1505 3438 1544 3473 2:
1582 3440 1790 3472 Woleramus
1817 3438 1853 3478 33
1882 3439 2064 3471 Walraven
2089 3437 2121 3470 4.
2239 3440 2267 3477 z)
2295 3438 2382 3469 Lim·
2419 3443 2452 3468 40

208 3504 293 3535 purg
319 3491 354 3523 2:
394 3494 573 3525 Limburch
601 3493 636 3526 3:
675 3496 836 3527 Limburc
861 3495 890 3527 4.
1033 3501 1063 3537 a)
1096 3497 1264 3539 Butingeu
1290 3495 1320 3528 2.
1347 3495 1378 3529 4.
1519 3495 1549 3536 b)
1576 3498 1664 3528 Data
1689 3496 1720 3528 2.
1862 3498 1891 3531 c)
1925 3495 2167 3527 incarnationis
2194 3494 2279 3527 add.
2298 3494 2328 3527 3.
2355 3493 2387 3526 4.

207 3547 240 3589 d)
267 3549 423 3581 MCCXX
450 3550 556 3591 primo
582 3550 610 3582 ⁵2.
730 3554 760 3593 ει’)
786 3553 898 3584 XIII.
926 3551 956 3584 4.
1075 3551 1107 3594 s)
1133 3554 1208 3584 IIII.
1235 3552 1272 3591 43
1299 3554 1359 3584 III.
1386 3552 1417 3585 3.

343 3616 430 3651 300.
464 3620 494 3658 a)
521 3619 749 3651 exhibiturum
775 3618 806 3651 2.
946 3619 978 3661 b)
1004 3626 1040 3652 ut
1066 3620 1096 3653 2.
1237 3622 1266 3663 c)
1299 3626 1414 3663 quant.
1441 3621 1515 3653 den.
1542 3620 1572 3654 2.
1715 3619 1748 3662 (¹)
1775 3621 1960 3663 vulgariter
1984 3621 2108 3653 dicitur
2134 3619 2327 3653 vreveliche
2353 3618 2384 3652 2.

209 3679 236 3713 ⁸)
263 3674 304 3705 ad
330 3675 412 3706 solv.
438 3676 540 3707 actori
567 3674 597 3707 ⁸2.
715 3674 743 3716 s)
770 3677 904 3709 vrevele
930 3676 961 3709 2.
