2558 3970
234 181 312 220 424
593 175 806 211 HEINRICI
835 174 972 210 REGIS
998 173 1422 210 CONSTITUTIONES.
1470 172 1567 207 1231.
1608 172 1704 207 1232.
1754 172 2036 207 Nr.311—313.

831 434 953 502 311.
995 434 1121 501 312.
1177 428 1804 501 SENTENTIA
1890 468 1893 470 v

515 534 951 606 CONTRA
1004 531 1464 604 ASSISIAS
1517 531 2125 603 CIVITATUM.

1105 658 1291 714 (1231.)
1326 657 1437 703 Dec.
1466 657 1539 703 17.

590 791 690 833 311.
731 789 1102 832 MANDATUM
1128 789 1216 831 AD
1246 788 1609 832 EPISCOPUM
1633 788 2052 831 LEODIENSEM.

374 873 499 914 Dedit
532 872 671 913 Arndt
702 885 752 912 cr
781 870 1036 923 autom-aph«)
1068 869 1267 911 tabularii
1298 869 1537 911 Lcoclt'cnsis
1569 869 1612 909 in
1646 883 1780 923 parva
1812 869 2053 910 membrana
2082 883 2324 923 numquam,
2365 872 2410 910 ut
2463 880 2478 903 5

235 944 402 985 ridetur.
443 942 627 995 siyillata
667 943 850 982 warato.
913 939 1089 980 Arndtizss
1129 939 1357 991 arcmplart
1396 951 1498 979 usus
1528 940 1586 979 cst
1616 939 1740 979 ctiam
1770 938 2064 980 Winkelmamz
2096 938 2215 979 ‘Acta
2245 939 2410 992 imperii

235 1011 401 1052 incdita’
435 1010 496 1054 ΙΙ,
520 1013 571 1050 (ἰῶ
606 1023 669 1050 φιν.
696 1012 762 1051 68.
798 1033 846 1038 --
882 1007 1159 1049 Scltoonbrodt
1191 1007 1446 1049 ζΙπυωιίιιὶνσ
1487 1007 1556 1048 des
1594 1007 1753 1048 char-tes
1783 1007 1840 1048 du
1869 1006 2051 1058 clzapitrc
2083 1007 2127 1049 S.
2158 1006 2352 1048 Lambcrt
2382 1007 2410 1048 ἀ

235 1080 365 1132 Lii‘glc'
394 1093 436 1131 p.
458 1080 527 1121 23.
589 1077 781 1127 Bo'hmcr,
813 1077 910 1130 Ray.
946 1076 1040 1128 imp.
1073 1075 1118 1126 V,
1141 1077 1267 1118 4221.
2032 1074 2102 1129 (P.
2126 1075 2267 1126 deest.)

378 1193 432 1233 H.
466 1193 548 1234 Dei
590 1193 729 1247 gratia
762 1192 1055 1232 Romanorum
1096 1204 1173 1232 rex
1206 1195 1248 1232 ct
1287 1203 1456 1246 semper
1487 1193 1698 1244 augustus
1737 1190 1918 1245 principi
1951 1204 2028 1231 suo
2061 1191 2265 1246 episcopo
2297 1190 2408 1232 Leo-

234 1263 384 1304 diensi.
2449 1278 2481 1302 10

378 1330 484 1371 Cum
528 1330 623 1370 talis
670 1329 891 1370 sentencia
935 1343 1078 1369 coram
1115 1332 1262 1369 nostra
1304 1328 1535 1369 serenitate
1574 1328 1661 1369 lata
1699 1329 1771 1368 sit:
1812 1327 1924 1382 quod
1962 1327 2067 1368 nulli
2105 1328 2234 1369 liceat
2270 1328 2411 1369 facere

235 1400 408 1441 assisias
444 1403 485 1440 et
519 1399 767 1440 exactiones
802 1398 843 1438 in
875 1397 1112 1450 venalibus,
1147 1396 1270 1438 nobis
1303 1396 1582 1451 irrequisitiS‚
1615 1400 1765 1438 contra
1796 1396 2020 1438 libertates
2054 1396 2337 1438 ecclesiarum
2370 1400 2412 1437 et

234 1468 477 1523 privilegia,
522 1481 598 1522 per
628 1481 733 1521 quas
774 1466 955 1508 emcnda
988 1467 1125 1506 carius
1158 1466 1323 1521 possint
1356 1465 1500 1511 vcndi,
1543 1465 1795 1506 mandamus
1828 1465 2052 1506 devocioni
2085 1468 2177 1516 tue,
2219 1465 2254 1506 si
2285 1478 2412 1520 quam

236 1537 370 1578 habes
404 1550 506 1590 erga
537 1549 612 1576 nos
638 1539 680 1576 et
712 1535 950 1590 imperium,
983 1535 1161 1576 firmiter
1191 1535 1496 1589 precipientes,
1530 1538 1741 1587 quatenus
1766 1534 1882 1575 cives
1904 1533 2174 1575 Leodienses
2197 1533 2410 1575 desistere

235 1606 364 1647 facias
403 1605 456 1646 ab
488 1603 730 1645 huiusmodi
762 1604 936 1651 assisia,
970 1618 1098 1658 quam
1132 1604 1312 1657 exigunt
1344 1603 1386 1643 in
1420 1603 1593 1643 civitate
1627 1602 1876 1650 Leodiensi,
1920 1607 1962 1644 et
1993 1616 2076 1643 non
2109 1603 2333 1658 permittas
2366 1606 2412 1643 ut
2449 1619 2480 1643 15

235 1675 286 1716 de
320 1674 476 1715 talibus
509 1687 553 1714 se
585 1673 880 1724 intromittant,
914 1673 1011 1727 quia
1043 1677 1189 1714 nostra
1221 1672 1429 1713 serenitas
1461 1684 1733 1726 nequaquam
1766 1671 2053 1727 supportabit.

377 1743 490 1784 Data
521 1741 634 1797 apud
666 1740 920 1796 Haginowe,
954 1740 1075 1785 XVI.
1108 1740 1204 1782 Kal.
1239 1741 1344 1792 Ian.7
1378 1740 1610 1782 indictione
1635 1740 1686 1783 V.

576 1912 677 1955 312.
719 1912 1094 1955 MANDATUM
1117 1911 1204 1953 AD
1236 1912 1691 1955 PRAEPOSITUM
1714 1912 2070 1966 AQUENSEM.

378 1994 504 2036 Dedit
535 1995 745 2036 Bormans
776 1994 956 2035 ‘Rea-aed
994 1993 1064 2034 des
1094 1993 1377 2034 ordomzcmccs
1407 1992 1455 2033 dc
1486 1993 1528 2034 ta
1564 1993 1832 2047 principautci
1861 1992 1909 2033 de
1940 1992 2073 2046 Licye'
2105 1993 2142 2042 I,
2163 1995 2219 2033 40
2249 2007 2269 2034 e
2299 1996 2417 2035 carta

237 2067 279 2103 ut
323 2063 480 2104 videtur
522 2062 763 2116 apographa
803 2062 1005 2103 tabularii
1036 2060 1293 2111 Leodtensts,
1333 2061 1430 2102 olim
1469 2061 1512 2104 S.
1546 2061 1776 2111 Lamberti,
1817 2074 1881 2104 ην.
1905 2062 1972 2102 82.
2007 2085 2058 2090 -
2089 2061 2283 2112 Bo‘hmer,
2313 2061 2413 2116 Req.
2452 2072 2485 2097 20

239 2134 334 2185 imp.
368 2132 411 2182 V,
435 2134 585 2172 14767.
2040 2128 2109 2183 (P.
2132 2129 2274 2184 deest.)

378 2235 434 2278 H.
467 2235 550 2276 Dei
582 2235 724 2290 gratia
753 2235 1046 2276 Romanorum
1081 2248 1158 2275 rex
1190 2238 1233 2275 ct
1265 2248 1434 2289 semper
1465 2236 1675 2288 augustus
1708 2233 1864 2276 dilecto
1897 2234 2121 2290 capellano
2152 2247 2230 2275 suo
2262 2248 2416 2289 prepo-

240 2306 317 2345 sito
351 2305 544 2359 Aquensi
576 2304 757 2359 gratiam
791 2318 911 2344 suam
945 2308 988 2344 et
1019 2317 1144 2345 omne
1176 2303 1346 2344 bonum.

383 2374 590 2414 Volumus
633 2377 675 2414 ct
716 2373 974 2426 iniungimus
1017 2376 1087 2412 tue
1130 2371 1346 2412 devotioni
1385 2372 1576 2423 firmiter,
1619 2372 1818 2426 quatinus
1860 2371 2042 2413 accedas
2084 2370 2137 2412 ad
2169 2371 2418 2426 episcopum

243 2442 525 2484 Leodiensem
560 2446 601 2482 et
633 2442 746 2482 cives
780 2440 956 2482 eosdem
990 2445 1032 2481 et
1064 2441 1217 2481 offeras
1251 2441 1312 2481 eis
1345 2441 1510 2481 litteras
1545 2444 1711 2481 nostras
1744 2445 1787 2481 et
1822 2441 2022 2495 iniungas
2056 2440 2180 2494 ipsis,
2224 2443 2270 2480 ut
2301 2439 2415 2481 desi-
2454 2453 2486 2478 25

241 2517 352 2552 stant
389 2516 644 2565 extorquere
685 2510 860 2551 assisias
905 2514 948 2551 et
989 2510 1238 2550 exactiones
1282 2509 1324 2550 in
1358 2509 1528 2551 civitate
1560 2509 1812 2561 Leodiensi‚
1861 2513 1904 2550 et
1935 2509 1971 2550 si
2006 2523 2132 2564 quam
2165 2512 2418 2563 exegerunt,

240 2581 465 2621 restituant
498 2594 552 2620 ex
584 2580 770 2634 integrm
804 2579 1034 2633 quoniama
1064 2577 1116 2619 ad
1150 2578 1469 2633 requisitionem
1492 2578 1717 2619 obtentum
1749 2582 1814 2619 est
1845 2591 1988 2618 coram
2011 2581 2160 2618 nostra
2183 2576 2418 2618 serenitate

240 2663 315 2704 per
353 2649 626 2689 sententiam:
671 2647 783 2703 quod
823 2647 926 2688 nulli
964 2647 1092 2688 liceat
1129 2648 1274 2688 facere
1315 2648 1491 2688 assisias
1531 2651 1574 2688 et
1613 2647 1866 2689 exactiones
1898 2647 1940 2687 in
1979 2646 2179 2701 imperio,
2225 2645 2346 2686 nobis
2379 2649 2421 2686 et

241 2718 408 2758 domino
441 2716 487 2757 F.
521 2717 715 2771 genitore
748 2721 894 2758 nostro
927 2715 1197 2770 irrequisitis.

383 2786 540 2826 Datum
575 2785 687 2840 apud
722 2784 1004 2840 [saginoweb‚
1037 2784 1155 2824 XVI.
1191 2784 1285 2825 Kal.
1324 2784 1525 2835 Ianuarii,
1558 2784 1785 2825 indictione
1810 2783 1863 2824 V.
2457 2796 2490 2820 30

503 3147 631 3214 313.
695 3142 1102 3215 FOEDUS
1157 3144 1385 3215 CUM
1437 3141 1991 3215 LUDOVICO
2038 3141 2162 3212 IX.

888 3245 1169 3317 REGE
1224 3245 1776 3317 FRANCIAE.

1137 3370 1278 3418 1232.
1317 3372 1422 3418 Iun.
1456 3372 1533 3417 29.

387 3502 685 3552 Smmnarium,
717 3504 824 3556 quod
854 3504 1003 3557 leyitur
1033 3503 1094 3544 bis
1125 3503 1171 3543 in
1201 3503 1331 3544 codice
1374 3503 1633 3544 bibliothecae
1666 3501 1890 3544 Parisinac
1917 3500 2044 3556 fonds
2069 3499 2269 3554 frangatis
2298 3499 2422 3547 8408,

248 3570 482 3622 Bessis-trum
515 3571 704 3623 Philippa·
736 3573 915 3625 Augusti
947 3572 982 3612 E
1023 3572 1268 3621 continente,
1304 3572 1385 3625 fot.
1409 3574 1490 3612 168
1520 3574 1557 3612 ct
1582 3571 1661 3625 fol.
1688 3566 1792 3610 170¹
1833 3569 1943 3610 dedit
1974 3566 2423 3609 Huiclard-Breholles
2459 3575 2490 3600 ³⁵

383 3671 468 3706 312.
503 3680 534 3714 ³)
562 3686 660 3716 quam
687 3675 736 3707 ed.
856 3674 886 3718 b)
913 3676 1078 3718 Haguiwo
1104 3675 1154 3707 ed.
