<?xml version="1.0" encoding="UTF-8"?>
<!DOCTYPE html PUBLIC "-//W3C//DTD XHTML 1.0 Transitional//EN"
    "http://www.w3.org/TR/xhtml1/DTD/xhtml1-transitional.dtd">
<html xmlns="http://www.w3.org/1999/xhtml" xml:lang="en" lang="en">
 <head>
  <title>
</title>
<meta http-equiv="Content-Type" content="text/html;charset=utf-8" />
  <meta name='ocr-system' content='tesseract 3.04.00' />
  <meta name='ocr-capabilities' content='ocr_page ocr_carea ocr_par ocr_line ocrx_word'/>
</head>
<body>
  <div class='ocr_page' id='page_1' title='image "./monumentager02geseuoft_0188.png"; bbox 0 0 2558 3970; ppageno 0'>
   <div class='ocr_carea' id='block_1_1' title="bbox 203 150 1847 194">
    <p class='ocr_par' dir='ltr' id='par_1_1' title="bbox 203 150 1847 194">
     <span class='ocr_line' id='line_1_1' title="bbox 203 150 1847 194; baseline 0.001 -10"><span class='ocrx_word' id='word_1_1' title='bbox 203 158 275 194; x_wconf 69' lang='lat'>150</span> <span class='ocrx_word' id='word_1_2' title='bbox 727 150 1488 186; x_wconf 71' lang='lat' dir='ltr'>rmnfflnci11.eonsT1TU&#39;rioNEs.</span> <span class='ocrx_word' id='word_1_3' title='bbox 1540 150 1637 184; x_wconf 81' lang='lat'><strong><em>1227.</em></strong></span> <span class='ocrx_word' id='word_1_4' title='bbox 1687 150 1847 186; x_wconf 55' lang='lat' dir='ltr'>Nunc.</span> 
     </span>
    </p>
   </div>
   <div class='ocr_carea' id='block_1_2' title="bbox 195 264 2389 3056">
    <p class='ocr_par' dir='ltr' id='par_1_2' title="bbox 195 264 2389 3056">
     <span class='ocr_line' id='line_1_2' title="bbox 195 264 2377 320; baseline -0.001 -12"><span class='ocrx_word' id='word_1_5' title='bbox 195 268 476 308; x_wconf 66' lang='lat' dir='ltr'>existentibus</span> <span class='ocrx_word' id='word_1_6' title='bbox 509 268 549 306; x_wconf 92' lang='lat' dir='ltr'>in</span> <span class='ocrx_word' id='word_1_7' title='bbox 584 266 776 306; x_wconf 83' lang='lat' dir='ltr'>navicula</span> <span class='ocrx_word' id='word_1_8' title='bbox 812 266 927 306; x_wconf 83' lang='lat' dir='ltr'>Petri</span> <span class='ocrx_word' id='word_1_9' title='bbox 962 266 1118 305; x_wconf 60' lang='lat' dir='ltr'>tantis-⁸·</span> <span class='ocrx_word' id='word_1_10' title='bbox 1157 265 1512 320; x_wconf 74' lang='lat' dir='ltr'>tempestatibusz</span> <span class='ocrx_word' id='word_1_11' title='bbox 1545 264 1707 317; x_wconf 84' lang='lat' dir='ltr'>agitata</span> <span class='ocrx_word' id='word_1_12' title='bbox 1740 265 1912 304; x_wconf 87' lang='lat' dir='ltr'>clamari</span> <span class='ocrx_word' id='word_1_13' title='bbox 1946 269 2134 320; x_wconf 87' lang='lat' dir='ltr'>poterat:</span> <span class='ocrx_word' id='word_1_14' title='bbox 2179 265 2377 307; x_wconf 74' lang='lat' dir='ltr'>‘Domine</span> 
     </span>
     <span class='ocr_line' id='line_1_3' title="bbox 197 332 2379 389; baseline -0 -14"><span class='ocrx_word' id='word_1_15' title='bbox 197 338 313 377; x_wconf 77' lang='lat' dir='ltr'>salva</span> <span class='ocrx_word' id='word_1_16' title='bbox 356 350 449 376; x_wconf 82' lang='lat' dir='ltr'>nos.</span> <span class='ocrx_word' id='word_1_17' title='bbox 495 333 708 389; x_wconf 79' lang='lat' dir='ltr'>perimus&#39;.</span> <span class='ocrx_word' id='word_1_18' title='bbox 781 332 972 387; x_wconf 60' lang='lat' dir='ltr'>Cumque</span> <span class='ocrx_word' id='word_1_19' title='bbox 1007 347 1089 373; x_wconf 90' lang='lat' dir='ltr'>non</span> <span class='ocrx_word' id='word_1_20' title='bbox 1132 333 1396 374; x_wconf 84' lang='lat' dir='ltr'>inveniretur</span> <span class='ocrx_word' id='word_1_21' title='bbox 1427 333 1554 378; x_wconf 81' lang='lat' dir='ltr'>alius,</span> <span class='ocrx_word' id='word_1_22' title='bbox 1599 332 1668 386; x_wconf 92' lang='lat' dir='ltr'>qui</span> <span class='ocrx_word' id='word_1_23' title='bbox 1702 332 1889 373; x_wconf 85' lang='lat' dir='ltr'>oblatam</span> <span class='ocrx_word' id='word_1_24' title='bbox 1928 333 2094 387; x_wconf 85' lang='lat' dir='ltr'>imperii</span> <span class='ocrx_word' id='word_1_25' title='bbox 2128 333 2379 388; x_wconf 86' lang='lat' dir='ltr'>dignitatem</span> 
     </span>
     <span class='ocr_line' id='line_1_4' title="bbox 196 400 2378 457; baseline 0 -13"><span class='ocrx_word' id='word_1_26' title='bbox 196 414 338 444; x_wconf 73' lang='lat' dir='ltr'>contra</span> <span class='ocrx_word' id='word_1_27' title='bbox 389 417 465 442; x_wconf 79' lang='lat' dir='ltr'>nos</span> <span class='ocrx_word' id='word_1_28' title='bbox 515 409 557 443; x_wconf 86' lang='lat' dir='ltr'>et</span> <span class='ocrx_word' id='word_1_29' title='bbox 605 409 792 442; x_wconf 85' lang='lat' dir='ltr'>nostram</span> <span class='ocrx_word' id='word_1_30' title='bbox 835 402 1048 442; x_wconf 82' lang='lat' dir='ltr'>iusticiam</span> <span class='ocrx_word' id='word_1_31' title='bbox 1088 401 1219 442; x_wconf 87' lang='lat' dir='ltr'>vellet</span> <span class='ocrx_word' id='word_1_32' title='bbox 1259 415 1480 441; x_wconf 79' lang='lat' dir='ltr'>assumere</span> <span class='ocrx_word' id='word_1_33' title='bbox 1521 406 1564 441; x_wconf 88' lang='lat' dir='ltr'>ct</span> <span class='ocrx_word' id='word_1_34' title='bbox 1603 400 1861 455; x_wconf 79' lang='lat' dir='ltr'>periclitanti</span> <span class='ocrx_word' id='word_1_35' title='bbox 1902 401 2097 442; x_wconf 91' lang='lat' dir='ltr'>navicule</span> <span class='ocrx_word' id='word_1_36' title='bbox 2140 401 2192 442; x_wconf 91' lang='lat' dir='ltr'>de</span> <span class='ocrx_word' id='word_1_37' title='bbox 2231 406 2378 457; x_wconf 90' lang='lat' dir='ltr'>portus</span> 
     </span>
     <span class='ocr_line' id='line_1_5' title="bbox 198 468 2378 525; baseline 0 -14"><span class='ocrx_word' id='word_1_38' title='bbox 198 473 347 511; x_wconf 79' lang='lat' dir='ltr'>solatio</span> <span class='ocrx_word' id='word_1_39' title='bbox 380 470 603 525; x_wconf 78' lang='lat' dir='ltr'>providere</span> <span class='ocrx_word' id='word_1_40' title='bbox 617 476 645 512; x_wconf 74' lang='lat'>²¹.</span> <span class='ocrx_word' id='word_1_41' title='bbox 686 470 940 510; x_wconf 84' lang='lat' dir='ltr'>vocantibus</span> <span class='ocrx_word' id='word_1_42' title='bbox 973 483 1048 509; x_wconf 87' lang='lat' dir='ltr'>nos</span> <span class='ocrx_word' id='word_1_43' title='bbox 1089 469 1371 524; x_wconf 87' lang='lat' dir='ltr'>principibus.</span> <span class='ocrx_word' id='word_1_44' title='bbox 1414 483 1468 510; x_wconf 85' lang='lat' dir='ltr'>ex</span> <span class='ocrx_word' id='word_1_45' title='bbox 1501 482 1678 523; x_wconf 90' lang='lat' dir='ltr'>quorum</span> <span class='ocrx_word' id='word_1_46' title='bbox 1713 468 1922 510; x_wconf 78' lang='lat' dir='ltr'>electione</span> <span class='ocrx_word' id='word_1_47' title='bbox 1954 470 2076 510; x_wconf 91' lang='lat' dir='ltr'>nobis</span> <span class='ocrx_word' id='word_1_48' title='bbox 2110 483 2266 511; x_wconf 84' lang='lat' dir='ltr'>corona</span> <span class='ocrx_word' id='word_1_49' title='bbox 2299 472 2378 511; x_wconf 92' lang='lat' dir='ltr'>im-</span> 
     </span>
     <span class='ocr_line' id='line_1_6' title="bbox 197 536 2380 595; baseline 0.001 -17"><span class='ocrx_word' id='word_1_50' title='bbox 197 540 300 595; x_wconf 81' lang='lat' dir='ltr'>perii</span> <span class='ocrx_word' id='word_1_51' title='bbox 334 538 593 579; x_wconf 72' lang='lat' dir='ltr'>debebatur.</span> <span class='ocrx_word' id='word_1_52' title='bbox 637 544 736 578; x_wconf 85' lang='lat' dir='ltr'>tunc</span> <span class='ocrx_word' id='word_1_53' title='bbox 769 538 981 578; x_wconf 87' lang='lat' dir='ltr'>dormiens</span> <span class='ocrx_word' id='word_1_54' title='bbox 1015 538 1056 577; x_wconf 90' lang='lat' dir='ltr'>in</span> <span class='ocrx_word' id='word_1_55' title='bbox 1093 537 1263 592; x_wconf 83' lang='lat' dir='ltr'>puppeb</span> <span class='ocrx_word' id='word_1_56' title='bbox 1297 537 1507 577; x_wconf 85' lang='lat' dir='ltr'>Dominus</span> <span class='ocrx_word' id='word_1_57' title='bbox 1540 536 1844 591; x_wconf 89' lang='lat' dir='ltr'>discipulorum</span> <span class='ocrx_word' id='word_1_58' title='bbox 1877 536 2134 577; x_wconf 87' lang='lat' dir='ltr'>clamoribus</span> <span class='ocrx_word' id='word_1_59' title='bbox 2167 539 2380 580; x_wconf 84' lang='lat' dir='ltr'>excitatus</span> 
     </span>
     <span class='ocr_line' id='line_1_7' title="bbox 196 604 2379 661; baseline 0.002 -17"><span class='ocrx_word' id='word_1_60' title='bbox 196 622 270 661; x_wconf 78' lang='lat' dir='ltr'>per</span> <span class='ocrx_word' id='word_1_61' title='bbox 316 621 391 646; x_wconf 84' lang='lat' dir='ltr'>nos</span> <span class='ocrx_word' id='word_1_62' title='bbox 438 606 709 647; x_wconf 85' lang='lat' dir='ltr'>derelictum.</span> <span class='ocrx_word' id='word_1_63' title='bbox 757 620 882 659; x_wconf 89' lang='lat' dir='ltr'>quem</span> <span class='ocrx_word' id='word_1_64' title='bbox 931 606 1187 646; x_wconf 89' lang='lat' dir='ltr'>mirabiliter</span> <span class='ocrx_word' id='word_1_65' title='bbox 1234 611 1404 660; x_wconf 86' lang='lat' dir='ltr'>preterc</span> <span class='ocrx_word' id='word_1_66' title='bbox 1451 605 1681 645; x_wconf 80' lang='lat' dir='ltr'>humanam</span> <span class='ocrx_word' id='word_1_67' title='bbox 1730 604 2037 645; x_wconf 76' lang='lat' dir='ltr'>conscientiam</span> <span class='ocrx_word' id='word_1_68' title='bbox 2087 612 2379 659; x_wconf 87' lang='lat' dir='ltr'>conservarat,</span> 
     </span>
     <span class='ocr_line' id='line_1_8' title="bbox 197 672 2380 729; baseline 0 -14"><span class='ocrx_word' id='word_1_69' title='bbox 197 675 420 715; x_wconf 82' lang='lat' dir='ltr'>deiciendo</span> <span class='ocrx_word' id='word_1_70' title='bbox 465 674 692 729; x_wconf 82' lang='lat' dir='ltr'>superbum</span> <span class='ocrx_word' id='word_1_71' title='bbox 736 680 778 713; x_wconf 85' lang='lat' dir='ltr'>ct</span> <span class='ocrx_word' id='word_1_72' title='bbox 826 674 1029 714; x_wconf 86' lang='lat' dir='ltr'>humilem</span> <span class='ocrx_word' id='word_1_73' title='bbox 1073 673 1322 717; x_wconf 80' lang='lat' dir='ltr'>exaltando,</span> <span class='ocrx_word' id='word_1_74' title='bbox 1364 672 1516 728; x_wconf 79' lang='lat' dir='ltr'>quasi‘¹</span> <span class='ocrx_word' id='word_1_75' title='bbox 1559 674 1694 713; x_wconf 86' lang='lat' dir='ltr'>ventis</span> <span class='ocrx_word' id='word_1_76' title='bbox 1738 673 1949 728; x_wconf 73' lang='lat' dir='ltr'>precepit,</span> <span class='ocrx_word' id='word_1_77' title='bbox 1988 678 2057 714; x_wconf 80' lang='lat' dir='ltr'>ute</span> <span class='ocrx_word' id='word_1_78' title='bbox 2095 675 2380 729; x_wconf 83' lang='lat' dir='ltr'>tranquillitas</span> 
     </span>
     <span class='ocr_line' id='line_1_9' title="bbox 197 741 2382 798; baseline 0.001 -15"><span class='ocrx_word' id='word_1_79' title='bbox 197 744 336 784; x_wconf 82' lang='lat' dir='ltr'>tieret.</span> <span class='ocrx_word' id='word_1_80' title='bbox 381 749 422 783; x_wconf 81' lang='lat' dir='ltr'>et</span> <span class='ocrx_word' id='word_1_81' title='bbox 455 743 693 782; x_wconf 78' lang='lat' dir='ltr'>naviculum</span> <span class='ocrx_word' id='word_1_82' title='bbox 729 756 812 782; x_wconf 89' lang='lat' dir='ltr'>nou</span> <span class='ocrx_word' id='word_1_83' title='bbox 848 743 982 782; x_wconf 89' lang='lat' dir='ltr'>solum</span> <span class='ocrx_word' id='word_1_84' title='bbox 1016 741 1213 782; x_wconf 87' lang='lat' dir='ltr'>liberavit</span> <span class='ocrx_word' id='word_1_85' title='bbox 1244 756 1267 781; x_wconf 51' lang='lat' dir='ltr'>a¹</span> <span class='ocrx_word' id='word_1_86' title='bbox 1299 741 1518 791; x_wconf 77' lang='lat' dir='ltr'>fluctibus,</span> <span class='ocrx_word' id='word_1_87' title='bbox 1558 745 1624 782; x_wconf 89' lang='lat' dir='ltr'>set</span> <span class='ocrx_word' id='word_1_88' title='bbox 1656 741 1697 781; x_wconf 90' lang='lat' dir='ltr'>iu</span> <span class='ocrx_word' id='word_1_89' title='bbox 1730 741 1896 781; x_wconf 84' lang='lat' dir='ltr'>tutiorif</span> <span class='ocrx_word' id='word_1_90' title='bbox 1925 745 1968 782; x_wconf 90' lang='lat' dir='ltr'>et</span> <span class='ocrx_word' id='word_1_91' title='bbox 1999 742 2141 783; x_wconf 89' lang='lat' dir='ltr'>altiori</span> <span class='ocrx_word' id='word_1_92' title='bbox 2174 744 2382 798; x_wconf 73' lang='lat' dir='ltr'>speculag</span> 
     </span>
     <span class='ocr_line' id='line_1_10' title="bbox 199 808 2380 864; baseline 0 -12"><span class='ocrx_word' id='word_1_93' title='bbox 199 811 476 852; x_wconf 77' lang='lat' dir='ltr'>mirabilitch</span> <span class='ocrx_word' id='word_1_94' title='bbox 509 811 747 851; x_wconf 83' lang='lat' dir='ltr'>collocavit.</span> <span class='ocrx_word' id='word_1_95' title='bbox 809 809 940 850; x_wconf 83' lang='lat' dir='ltr'>Novit</span> <span class='ocrx_word' id='word_1_96' title='bbox 973 810 1084 851; x_wconf 90' lang='lat' dir='ltr'>enim</span> <span class='ocrx_word' id='word_1_97' title='bbox 1109 809 1373 856; x_wconf 90' lang='lat' dir='ltr'>Altissimus,</span> <span class='ocrx_word' id='word_1_98' title='bbox 1407 808 1520 863; x_wconf 91' lang='lat' dir='ltr'>quod</span> <span class='ocrx_word' id='word_1_99' title='bbox 1553 808 1714 864; x_wconf 82' lang='lat' dir='ltr'>preteri</span> <span class='ocrx_word' id='word_1_100' title='bbox 1746 809 1976 850; x_wconf 90' lang='lat' dir='ltr'>humanum</span> <span class='ocrx_word' id='word_1_101' title='bbox 2010 823 2181 851; x_wconf 89' lang='lat' dir='ltr'>sensum</span> <span class='ocrx_word' id='word_1_102' title='bbox 2214 815 2256 852; x_wconf 91' lang='lat' dir='ltr'>et</span> <span class='ocrx_word' id='word_1_103' title='bbox 2278 812 2380 853; x_wconf 88' lang='lat' dir='ltr'>sub-</span> 
     </span>
     <span class='ocr_line' id='line_1_11' title="bbox 200 877 2380 934; baseline 0.001 -15"><span class='ocrx_word' id='word_1_104' title='bbox 200 880 352 920; x_wconf 82' lang='lat' dir='ltr'>sidium</span> <span class='ocrx_word' id='word_1_105' title='bbox 388 880 426 919; x_wconf 93' lang='lat' dir='ltr'>in</span> <span class='ocrx_word' id='word_1_106' title='bbox 459 877 741 920; x_wconf 81' lang='lat' dir='ltr'>Teotoniamk</span> <span class='ocrx_word' id='word_1_107' title='bbox 774 878 983 919; x_wconf 83' lang='lat' dir='ltr'>veniendo</span> <span class='ocrx_word' id='word_1_108' title='bbox 1016 877 1298 918; x_wconf 85' lang='lat' dir='ltr'>multimodisl</span> <span class='ocrx_word' id='word_1_109' title='bbox 1330 877 1530 931; x_wconf 90' lang='lat' dir='ltr'>periculis</span> <span class='ocrx_word' id='word_1_110' title='bbox 1570 891 1796 932; x_wconf 84' lang='lat' dir='ltr'>personam</span> <span class='ocrx_word' id='word_1_111' title='bbox 1829 882 2051 918; x_wconf 85' lang='lat' dir='ltr'>nostramm</span> <span class='ocrx_word' id='word_1_112' title='bbox 2090 880 2380 934; x_wconf 82' lang='lat' dir='ltr'>exposuimus,</span> 
     </span>
     <span class='ocr_line' id='line_1_12' title="bbox 197 945 2382 1001; baseline 0 -13"><span class='ocrx_word' id='word_1_113' title='bbox 197 953 239 988; x_wconf 81' lang='lat' dir='ltr'>et</span> <span class='ocrx_word' id='word_1_114' title='bbox 271 948 410 988; x_wconf 75' lang='lat' dir='ltr'>divino</span> <span class='ocrx_word' id='word_1_115' title='bbox 449 961 615 988; x_wconf 88' lang='lat' dir='ltr'>necnon</span> <span class='ocrx_word' id='word_1_116' title='bbox 655 952 724 988; x_wconf 80' lang='lat' dir='ltr'>et¹¹</span> <span class='ocrx_word' id='word_1_117' title='bbox 755 947 992 1001; x_wconf 82' lang='lat' dir='ltr'>principum</span> <span class='ocrx_word' id='word_1_118' title='bbox 1034 946 1201 1000; x_wconf 90' lang='lat' dir='ltr'>imperii</span> <span class='ocrx_word' id='word_1_119' title='bbox 1243 945 1431 986; x_wconf 88' lang='lat' dir='ltr'>subsidio</span> <span class='ocrx_word' id='word_1_120' title='bbox 1474 945 1692 986; x_wconf 84' lang='lat' dir='ltr'>mediante</span> <span class='ocrx_word' id='word_1_121' title='bbox 1733 959 1809 1000; x_wconf 91' lang='lat' dir='ltr'>per</span> <span class='ocrx_word' id='word_1_122' title='bbox 1845 946 2158 987; x_wconf 90' lang='lat' dir='ltr'>ministerium⁰</span> <span class='ocrx_word' id='word_1_123' title='bbox 2190 952 2382 989; x_wconf 90' lang='lat' dir='ltr'>nostrum</span> 
     </span>
     <span class='ocr_line' id='line_1_13' title="bbox 198 1014 2383 1071; baseline 0.002 -17"><span class='ocrx_word' id='word_1_124' title='bbox 198 1017 256 1056; x_wconf 75' lang='lat' dir='ltr'>sic</span> <span class='ocrx_word' id='word_1_125' title='bbox 291 1016 521 1070; x_wconf 78' lang='lat' dir='ltr'>superbum</span> <span class='ocrx_word' id='word_1_126' title='bbox 555 1016 747 1070; x_wconf 85' lang='lat' dir='ltr'>potentia</span> <span class='ocrx_word' id='word_1_127' title='bbox 779 1014 924 1055; x_wconf 87' lang='lat' dir='ltr'>divina</span> <span class='ocrx_word' id='word_1_128' title='bbox 946 1014 1118 1065; x_wconf 89' lang='lat' dir='ltr'>deiecit,</span> <span class='ocrx_word' id='word_1_129' title='bbox 1152 1018 1199 1054; x_wconf 89' lang='lat' dir='ltr'>ut</span> <span class='ocrx_word' id='word_1_130' title='bbox 1230 1014 1348 1068; x_wconf 87' lang='lat' dir='ltr'>prius</span> <span class='ocrx_word' id='word_1_131' title='bbox 1373 1018 1531 1055; x_wconf 90' lang='lat' dir='ltr'>statum</span> <span class='ocrx_word' id='word_1_132' title='bbox 1556 1014 1839 1055; x_wconf 78' lang='lat' dir='ltr'>reformaretp</span> <span class='ocrx_word' id='word_1_133' title='bbox 1871 1014 2066 1064; x_wconf 77' lang='lat' dir='ltr'>ecclesie,</span> <span class='ocrx_word' id='word_1_134' title='bbox 2100 1029 2225 1070; x_wconf 90' lang='lat' dir='ltr'>quam</span> <span class='ocrx_word' id='word_1_135' title='bbox 2249 1017 2383 1071; x_wconf 84' lang='lat' dir='ltr'>quieti</span> 
     </span>
     <span class='ocr_line' id='line_1_14' title="bbox 196 1082 2382 1139; baseline 0.001 -15"><span class='ocrx_word' id='word_1_136' title='bbox 196 1089 338 1125; x_wconf 80' lang='lat' dir='ltr'>nostre</span> <span class='ocrx_word' id='word_1_137' title='bbox 372 1084 549 1125; x_wconf 79' lang='lat' dir='ltr'>sublatis</span> <span class='ocrx_word' id='word_1_138' title='bbox 573 1085 744 1139; x_wconf 86' lang='lat' dir='ltr'>penitus</span> <span class='ocrx_word' id='word_1_139' title='bbox 768 1083 966 1138; x_wconf 86' lang='lat' dir='ltr'>periculis</span> <span class='ocrx_word' id='word_1_140' title='bbox 991 1082 1249 1138; x_wconf 76' lang='lat' dir='ltr'>provideret,</span> <span class='ocrx_word' id='word_1_141' title='bbox 1340 1082 1404 1136; x_wconf 79' lang='lat'>(5)</span> <span class='ocrx_word' id='word_1_142' title='bbox 1438 1082 1527 1122; x_wconf 92' lang='lat' dir='ltr'>Nos</span> <span class='ocrx_word' id='word_1_143' title='bbox 1553 1086 1696 1123; x_wconf 88' lang='lat' dir='ltr'>autem</span> <span class='ocrx_word' id='word_1_144' title='bbox 1721 1082 1822 1137; x_wconf 90' lang='lat' dir='ltr'>quid</span> <span class='ocrx_word' id='word_1_145' title='bbox 1844 1083 2175 1125; x_wconf 82' lang='lat' dir='ltr'>retribueremus</span> <span class='ocrx_word' id='word_1_146' title='bbox 2200 1084 2382 1126; x_wconf 93' lang='lat' dir='ltr'>Domino</span> 
     </span>
     <span class='ocr_line' id='line_1_15' title="bbox 196 1150 2381 1207; baseline 0.001 -16"><span class='ocrx_word' id='word_1_147' title='bbox 196 1166 270 1207; x_wconf 86' lang='lat' dir='ltr'>pro</span> <span class='ocrx_word' id='word_1_148' title='bbox 304 1158 391 1192; x_wconf 71' lang='lat' dir='ltr'>tot‘1</span> <span class='ocrx_word' id='word_1_149' title='bbox 424 1152 662 1195; x_wconf 80' lang='lat' dir='ltr'>beneficiis,</span> <span class='ocrx_word' id='word_1_150' title='bbox 703 1165 783 1206; x_wconf 90' lang='lat' dir='ltr'>que</span> <span class='ocrx_word' id='word_1_151' title='bbox 817 1151 1036 1193; x_wconf 83' lang='lat' dir='ltr'>ret1·ibuit¹&#39;</span> <span class='ocrx_word' id='word_1_152' title='bbox 1068 1151 1159 1205; x_wconf 89' lang='lat' dir='ltr'>ipse</span> <span class='ocrx_word' id='word_1_153' title='bbox 1193 1150 1336 1202; x_wconf 88' lang='lat' dir='ltr'>nobis,</span> <span class='ocrx_word' id='word_1_154' title='bbox 1376 1151 1528 1191; x_wconf 88' lang='lat' dir='ltr'>devoto</span> <span class='ocrx_word' id='word_1_155' title='bbox 1561 1151 1701 1191; x_wconf 87' lang='lat' dir='ltr'>animo</span> <span class='ocrx_word' id='word_1_156' title='bbox 1733 1151 1985 1203; x_wconf 86' lang='lat' dir='ltr'>metientes,</span> <span class='ocrx_word' id='word_1_157' title='bbox 2027 1165 2153 1206; x_wconf 88' lang='lat' dir='ltr'>quam</span> <span class='ocrx_word' id='word_1_158' title='bbox 2186 1153 2270 1193; x_wconf 91' lang='lat' dir='ltr'>cito</span> <span class='ocrx_word' id='word_1_159' title='bbox 2302 1154 2381 1194; x_wconf 85' lang='lat' dir='ltr'>im—</span> 
     </span>
     <span class='ocr_line' id='line_1_16' title="bbox 196 1219 2383 1275; baseline 0.003 -18"><span class='ocrx_word' id='word_1_160' title='bbox 196 1221 303 1275; x_wconf 85' lang='lat' dir='ltr'>perii</span> <span class='ocrx_word' id='word_1_161' title='bbox 336 1220 533 1261; x_wconf 85' lang='lat' dir='ltr'>diadema</span> <span class='ocrx_word' id='word_1_162' title='bbox 566 1220 805 1274; x_wconf 83' lang='lat' dir='ltr'>recepimus</span> <span class='ocrx_word' id='word_1_163' title='bbox 830 1219 1126 1273; x_wconf 69' lang='lat' dir='ltr'>Aquisgranis,</span> <span class='ocrx_word' id='word_1_164' title='bbox 1159 1219 1260 1260; x_wconf 89' lang='lat' dir='ltr'>licet</span> <span class='ocrx_word' id='word_1_165' title='bbox 1293 1233 1377 1260; x_wconf 92' lang='lat' dir='ltr'>non</span> <span class='ocrx_word' id='word_1_166' title='bbox 1412 1220 1467 1260; x_wconf 89' lang='lat' dir='ltr'>sit</span> <span class='ocrx_word' id='word_1_167' title='bbox 1490 1233 1601 1274; x_wconf 91' lang='lat' dir='ltr'>equa</span> <span class='ocrx_word' id='word_1_168' title='bbox 1622 1219 1787 1260; x_wconf 90' lang='lat' dir='ltr'>facture</span> <span class='ocrx_word' id='word_1_169' title='bbox 1811 1220 2057 1261; x_wconf 77' lang='lat' dir='ltr'>retributiot</span> <span class='ocrx_word' id='word_1_170' title='bbox 2089 1221 2141 1261; x_wconf 89' lang='lat' dir='ltr'>ad</span> <span class='ocrx_word' id='word_1_171' title='bbox 2165 1220 2383 1275; x_wconf 88' lang='lat' dir='ltr'>factorem,</span> 
     </span>
     <span class='ocr_line' id='line_1_17' title="bbox 199 1288 2384 1343; baseline 0.001 -15"><span class='ocrx_word' id='word_1_172' title='bbox 199 1302 424 1343; x_wconf 83' lang='lat' dir='ltr'>personam</span> <span class='ocrx_word' id='word_1_173' title='bbox 459 1294 500 1329; x_wconf 90' lang='lat' dir='ltr'>et</span> <span class='ocrx_word' id='word_1_174' title='bbox 533 1302 659 1342; x_wconf 89' lang='lat' dir='ltr'>posse</span> <span class='ocrx_word' id='word_1_175' title='bbox 693 1293 883 1328; x_wconf 89' lang='lat' dir='ltr'>nostrum</span> <span class='ocrx_word' id='word_1_176' title='bbox 915 1302 1000 1328; x_wconf 92' lang='lat' dir='ltr'>non</span> <span class='ocrx_word' id='word_1_177' title='bbox 1033 1289 1076 1328; x_wconf 90' lang='lat' dir='ltr'>in</span> <span class='ocrx_word' id='word_1_178' title='bbox 1101 1288 1372 1337; x_wconf 85' lang='lat' dir='ltr'>sacrificium,</span> <span class='ocrx_word' id='word_1_179' title='bbox 1406 1294 1472 1329; x_wconf 89' lang='lat' dir='ltr'>set</span> <span class='ocrx_word' id='word_1_180' title='bbox 1504 1289 1545 1329; x_wconf 90' lang='lat' dir='ltr'>in</span> <span class='ocrx_word' id='word_1_181' title='bbox 1578 1289 1875 1329; x_wconf 88' lang='lat' dir='ltr'>holocaustum</span> <span class='ocrx_word' id='word_1_182' title='bbox 1908 1288 2127 1330; x_wconf 89' lang='lat' dir='ltr'>humiliter</span> <span class='ocrx_word' id='word_1_183' title='bbox 2150 1289 2384 1331; x_wconf 87' lang='lat' dir='ltr'>obtulimus</span> 
     </span>
     <span class='ocr_line' id='line_1_18' title="bbox 197 1348 2385 1411; baseline 0.002 -15"><span class='ocrx_word' id='word_1_184' title='bbox 197 1357 410 1397; x_wconf 85' lang='lat' dir='ltr'>Domino¹¹</span> <span class='ocrx_word' id='word_1_185' title='bbox 442 1370 547 1410; x_wconf 87' lang='lat' dir='ltr'>puro</span> <span class='ocrx_word' id='word_1_186' title='bbox 581 1361 622 1396; x_wconf 88' lang='lat' dir='ltr'>et</span> <span class='ocrx_word' id='word_1_187' title='bbox 655 1357 854 1397; x_wconf 80' lang='lat' dir='ltr'>sincerov</span> <span class='ocrx_word' id='word_1_188' title='bbox 888 1357 1047 1405; x_wconf 66' lang='lat' dir='ltr'>animo,</span> <span class='ocrx_word' id='word_1_189' title='bbox 1093 1357 1229 1397; x_wconf 90' lang='lat' dir='ltr'>crucis</span> <span class='ocrx_word' id='word_1_190' title='bbox 1263 1357 1484 1411; x_wconf 87' lang='lat' dir='ltr'>signaculo</span> <span class='ocrx_word' id='word_1_191' title='bbox 1518 1362 1682 1397; x_wconf 87' lang='lat' dir='ltr'>nostros</span> <span class='ocrx_word' id='word_1_192' title='bbox 1716 1357 1918 1397; x_wconf 82' lang='lat' dir='ltr'>humeros</span> <span class='ocrx_word' id='word_1_193' title='bbox 1952 1348 2221 1409; x_wconf 76' lang='lat' dir='ltr'>decorantes,</span> <span class='ocrx_word' id='word_1_194' title='bbox 2253 1363 2300 1400; x_wconf 90' lang='lat' dir='ltr'>ut</span> <span class='ocrx_word' id='word_1_195' title='bbox 2332 1359 2385 1400; x_wconf 86' lang='lat' dir='ltr'>ad</span> 
     </span>
     <span class='ocr_line' id='line_1_19' title="bbox 195 1424 2386 1479; baseline 0.002 -14"><span class='ocrx_word' id='word_1_196' title='bbox 195 1425 565 1479; x_wconf 81' lang='lat' dir='ltr'>recuperationem</span> <span class='ocrx_word' id='word_1_197' title='bbox 598 1424 731 1465; x_wconf 87' lang='lat' dir='ltr'>Terre</span> <span class='ocrx_word' id='word_1_198' title='bbox 765 1424 924 1466; x_wconf 85' lang='lat' dir='ltr'>Sancte</span> <span class='ocrx_word' id='word_1_199' title='bbox 958 1425 1113 1465; x_wconf 88' lang='lat' dir='ltr'>votivis</span> <span class='ocrx_word' id='word_1_200' title='bbox 1148 1429 1190 1465; x_wconf 93' lang='lat' dir='ltr'>et</span> <span class='ocrx_word' id='word_1_201' title='bbox 1223 1425 1381 1466; x_wconf 89' lang='lat' dir='ltr'>debitis</span> <span class='ocrx_word' id='word_1_202' title='bbox 1415 1425 1567 1466; x_wconf 89' lang='lat' dir='ltr'>studiis</span> <span class='ocrx_word' id='word_1_203' title='bbox 1602 1425 1834 1466; x_wconf 86' lang='lat' dir='ltr'>efficaciter</span> <span class='ocrx_word' id='word_1_204' title='bbox 1865 1425 2090 1467; x_wconf 86' lang='lat' dir='ltr'>intendere</span> <span class='ocrx_word' id='word_1_205' title='bbox 2113 1426 2386 1470; x_wconf 87' lang='lat' dir='ltr'>deberemus.</span> 
     </span>
     <span class='ocr_line' id='line_1_20' title="bbox 196 1493 2386 1551; baseline 0.001 -17"><span class='ocrx_word' id='word_1_206' title='bbox 196 1494 346 1534; x_wconf 85' lang='lat' dir='ltr'>Plures</span> <span class='ocrx_word' id='word_1_207' title='bbox 380 1508 480 1535; x_wconf 80' lang='lat' dir='ltr'>vero</span> <span class='ocrx_word' id='word_1_208' title='bbox 514 1493 565 1534; x_wconf 91' lang='lat' dir='ltr'>de</span> <span class='ocrx_word' id='word_1_209' title='bbox 600 1494 863 1549; x_wconf 89' lang='lat' dir='ltr'>principibus</span> <span class='ocrx_word' id='word_1_210' title='bbox 896 1498 937 1534; x_wconf 92' lang='lat' dir='ltr'>et</span> <span class='ocrx_word' id='word_1_211' title='bbox 979 1508 1185 1548; x_wconf 88' lang='lat' dir='ltr'>magnam</span> <span class='ocrx_word' id='word_1_212' title='bbox 1218 1494 1537 1535; x_wconf 88' lang='lat' dir='ltr'>multitudinem</span> <span class='ocrx_word' id='word_1_213' title='bbox 1577 1494 1785 1534; x_wconf 89' lang='lat' dir='ltr'>nobilium</span> <span class='ocrx_word' id='word_1_214' title='bbox 1819 1497 1861 1534; x_wconf 87' lang='lat' dir='ltr'>et</span> <span class='ocrx_word' id='word_1_215' title='bbox 1893 1497 2141 1548; x_wconf 86' lang='lat' dir='ltr'>magnatum</span> <span class='ocrx_word' id='word_1_216' title='bbox 2174 1497 2386 1551; x_wconf 79' lang='lat' dir='ltr'>exemplo,</span> 
     </span>
     <span class='ocr_line' id='line_1_21' title="bbox 196 1561 2385 1617; baseline 0.002 -15"><span class='ocrx_word' id='word_1_217' title='bbox 196 1562 415 1617; x_wconf 87' lang='lat' dir='ltr'>promissis</span> <span class='ocrx_word' id='word_1_218' title='bbox 449 1567 490 1603; x_wconf 91' lang='lat' dir='ltr'>et</span> <span class='ocrx_word' id='word_1_219' title='bbox 523 1562 821 1616; x_wconf 82' lang='lat' dir='ltr'>largitionibus</span> <span class='ocrx_word' id='word_1_220' title='bbox 853 1561 906 1602; x_wconf 90' lang='lat' dir='ltr'>ad</span> <span class='ocrx_word' id='word_1_221' title='bbox 940 1562 1258 1617; x_wconf 89' lang='lat' dir='ltr'>susceptionem</span> <span class='ocrx_word' id='word_1_222' title='bbox 1292 1564 1465 1603; x_wconf 89' lang='lat' dir='ltr'>crucisw</span> <span class='ocrx_word' id='word_1_223' title='bbox 1497 1562 1759 1613; x_wconf 79' lang='lat' dir='ltr'>induximus,</span> <span class='ocrx_word' id='word_1_224' title='bbox 1794 1576 1973 1617; x_wconf 90' lang='lat' dir='ltr'>quorum</span> <span class='ocrx_word' id='word_1_225' title='bbox 2008 1563 2202 1605; x_wconf 89' lang='lat' dir='ltr'>nonnulli</span> <span class='ocrx_word' id='word_1_226' title='bbox 2231 1565 2385 1607; x_wconf 87' lang='lat' dir='ltr'>nostris</span> 
     </span>
     <span class='ocr_line' id='line_1_22' title="bbox 195 1630 2387 1686; baseline 0.002 -16"><span class='ocrx_word' id='word_1_227' title='bbox 195 1631 429 1672; x_wconf 85' lang='lat' dir='ltr'>liberaliter</span> <span class='ocrx_word' id='word_1_228' title='bbox 469 1630 602 1671; x_wconf 88' lang='lat' dir='ltr'>adiuti</span> <span class='ocrx_word' id='word_1_229' title='bbox 644 1630 845 1671; x_wconf 89' lang='lat' dir='ltr'>subsidiis</span> <span class='ocrx_word' id='word_1_230' title='bbox 883 1630 937 1671; x_wconf 88' lang='lat' dir='ltr'>ad</span> <span class='ocrx_word' id='word_1_231' title='bbox 979 1630 1216 1671; x_wconf 84' lang='lat' dir='ltr'>subsidium</span> <span class='ocrx_word' id='word_1_232' title='bbox 1258 1630 1392 1672; x_wconf 79' lang='lat' dir='ltr'>Terre</span> <span class='ocrx_word' id='word_1_233' title='bbox 1435 1630 1619 1672; x_wconf 74' lang='lat' dir='ltr'>Sanctex</span> <span class='ocrx_word' id='word_1_234' title='bbox 1652 1634 1754 1672; x_wconf 91' lang='lat' dir='ltr'>tunc</span> <span class='ocrx_word' id='word_1_235' title='bbox 1801 1631 2008 1686; x_wconf 90' lang='lat' dir='ltr'>temporis</span> <span class='ocrx_word' id='word_1_236' title='bbox 2043 1637 2387 1686; x_wconf 66' lang='lat' dir='ltr'>precesserunty.</span> 
     </span>
     <span class='ocr_line' id='line_1_23' title="bbox 199 1699 2388 1755; baseline 0.002 -16"><span class='ocrx_word' id='word_1_237' title='bbox 199 1699 268 1740; x_wconf 81' lang='lat' dir='ltr'>Sic</span> <span class='ocrx_word' id='word_1_238' title='bbox 313 1700 424 1740; x_wconf 90' lang='lat' dir='ltr'>enim</span> <span class='ocrx_word' id='word_1_239' title='bbox 465 1699 760 1740; x_wconf 88' lang='lat' dir='ltr'>estuantibusz</span> <span class='ocrx_word' id='word_1_240' title='bbox 792 1699 898 1740; x_wconf 89' lang='lat' dir='ltr'>votis</span> <span class='ocrx_word' id='word_1_241' title='bbox 940 1703 982 1740; x_wconf 89' lang='lat' dir='ltr'>ct</span> <span class='ocrx_word' id='word_1_242' title='bbox 1021 1699 1153 1740; x_wconf 85' lang='lat' dir='ltr'>solius</span> <span class='ocrx_word' id='word_1_243' title='bbox 1187 1699 1319 1740; x_wconf 90' lang='lat' dir='ltr'>divini</span> <span class='ocrx_word' id='word_1_244' title='bbox 1359 1700 1480 1741; x_wconf 79' lang='lat' dir='ltr'>zeloa</span> <span class='ocrx_word' id='word_1_245' title='bbox 1522 1700 1685 1741; x_wconf 90' lang='lat' dir='ltr'>servitii</span> <span class='ocrx_word' id='word_1_246' title='bbox 1728 1700 1948 1754; x_wconf 85' lang='lat' dir='ltr'>negotium</span> <span class='ocrx_word' id='word_1_247' title='bbox 1990 1700 2131 1755; x_wconf 90' lang='lat' dir='ltr'>ipsum</span> <span class='ocrx_word' id='word_1_248' title='bbox 2169 1701 2388 1744; x_wconf 86' lang='lat' dir='ltr'>ferventer</span> 
     </span>
     <span class='ocr_line' id='line_1_24' title="bbox 198 1767 2389 1824; baseline 0.001 -16"><span class='ocrx_word' id='word_1_249' title='bbox 198 1768 520 1822; x_wconf 84' lang='lat' dir='ltr'>assumpsimus.</span> <span class='ocrx_word' id='word_1_250' title='bbox 592 1767 716 1814; x_wconf 85' lang='lat' dir='ltr'>Quod</span> <span class='ocrx_word' id='word_1_251' title='bbox 760 1772 807 1808; x_wconf 91' lang='lat' dir='ltr'>ut</span> <span class='ocrx_word' id='word_1_252' title='bbox 848 1768 1054 1808; x_wconf 85' lang='lat' dir='ltr'>maturius</span> <span class='ocrx_word' id='word_1_253' title='bbox 1097 1768 1332 1809; x_wconf 88' lang='lat' dir='ltr'>iniremusb</span> <span class='ocrx_word' id='word_1_254' title='bbox 1373 1782 1467 1809; x_wconf 88' lang='lat' dir='ltr'>cum</span> <span class='ocrx_word' id='word_1_255' title='bbox 1510 1769 1665 1810; x_wconf 90' lang='lat' dir='ltr'>ceteris</span> <span class='ocrx_word' id='word_1_256' title='bbox 1709 1782 1833 1809; x_wconf 93' lang='lat' dir='ltr'>cruce</span> <span class='ocrx_word' id='word_1_257' title='bbox 1875 1768 2057 1823; x_wconf 86' lang='lat' dir='ltr'>signatis</span> <span class='ocrx_word' id='word_1_258' title='bbox 2100 1769 2389 1824; x_wconf 86' lang='lat' dir='ltr'>personaliter</span> 
     </span>
     <span class='ocr_line' id='line_1_25' title="bbox 199 1836 2387 1891; baseline 0.001 -15"><span class='ocrx_word' id='word_1_259' title='bbox 199 1836 437 1881; x_wconf 76' lang='lat' dir='ltr'>transituri,</span> <span class='ocrx_word' id='word_1_260' title='bbox 481 1850 574 1876; x_wconf 90' lang='lat' dir='ltr'>cum</span> <span class='ocrx_word' id='word_1_261' title='bbox 608 1837 811 1877; x_wconf 89' lang='lat' dir='ltr'>instantia</span> <span class='ocrx_word' id='word_1_262' title='bbox 845 1850 1002 1891; x_wconf 87' lang='lat' dir='ltr'>magna</span> <span class='ocrx_word' id='word_1_263' title='bbox 1033 1838 1367 1891; x_wconf 87' lang='lat' dir='ltr'>postulavimus,</span> <span class='ocrx_word' id='word_1_264' title='bbox 1406 1841 1494 1877; x_wconf 88' lang='lat' dir='ltr'>tam</span> <span class='ocrx_word' id='word_1_265' title='bbox 1526 1837 1650 1878; x_wconf 91' lang='lat' dir='ltr'>nobis</span> <span class='ocrx_word' id='word_1_266' title='bbox 1684 1851 1809 1891; x_wconf 88' lang='lat' dir='ltr'>quam</span> <span class='ocrx_word' id='word_1_267' title='bbox 1843 1837 2066 1878; x_wconf 81' lang='lat' dir='ltr'>omnibusc</span> <span class='ocrx_word' id='word_1_268' title='bbox 2097 1837 2189 1878; x_wconf 89' lang='lat' dir='ltr'>aliis</span> <span class='ocrx_word' id='word_1_269' title='bbox 2223 1841 2387 1879; x_wconf 89' lang='lat' dir='ltr'>certum</span> 
     </span>
     <span class='ocr_line' id='line_1_26' title="bbox 201 1905 2386 1960; baseline 0.002 -17"><span class='ocrx_word' id='word_1_270' title='bbox 201 1905 277 1945; x_wconf 78' lang='lat' dir='ltr'>sub</span> <span class='ocrx_word' id='word_1_271' title='bbox 319 1919 501 1946; x_wconf 78' lang='lat' dir='ltr'>censura</span> <span class='ocrx_word' id='word_1_272' title='bbox 539 1905 832 1945; x_wconf 85' lang='lat' dir='ltr'>ecclesiastica</span> <span class='ocrx_word' id='word_1_273' title='bbox 872 1905 1025 1959; x_wconf 84' lang='lat' dir='ltr'>prefigi</span> <span class='ocrx_word' id='word_1_274' title='bbox 1061 1907 1287 1946; x_wconf 89' lang='lat' dir='ltr'>terminum</span> <span class='ocrx_word' id='word_1_275' title='bbox 1332 1905 1542 1946; x_wconf 88' lang='lat' dir='ltr'>veniendi.</span> <span class='ocrx_word' id='word_1_276' title='bbox 1617 1905 1767 1952; x_wconf 87' lang='lat' dir='ltr'>Quodd</span> <span class='ocrx_word' id='word_1_277' title='bbox 1806 1906 2088 1947; x_wconf 89' lang='lat' dir='ltr'>libentissime</span> <span class='ocrx_word' id='word_1_278' title='bbox 2119 1906 2386 1960; x_wconf 84' lang='lat' dir='ltr'>fecissemus,</span> 
     </span>
     <span class='ocr_line' id='line_1_27' title="bbox 199 1973 2386 2031; baseline 0.001 -18"><span class='ocrx_word' id='word_1_279' title='bbox 199 1974 279 2013; x_wconf 79' lang='lat' dir='ltr'>nisi</span> <span class='ocrx_word' id='word_1_280' title='bbox 314 1974 509 2013; x_wconf 83' lang='lat' dir='ltr'>voluntas</span> <span class='ocrx_word' id='word_1_281' title='bbox 543 1974 779 2028; x_wconf 88' lang='lat' dir='ltr'>principum</span> <span class='ocrx_word' id='word_1_282' title='bbox 803 1977 846 2014; x_wconf 91' lang='lat' dir='ltr'>et</span> <span class='ocrx_word' id='word_1_283' title='bbox 868 1973 1047 2015; x_wconf 87' lang='lat' dir='ltr'>evidens</span> <span class='ocrx_word' id='word_1_284' title='bbox 1070 1975 1324 2026; x_wconf 88' lang='lat' dir='ltr'>necessitas,</span> <span class='ocrx_word' id='word_1_285' title='bbox 1358 1975 1459 2030; x_wconf 89' lang='lat' dir='ltr'>quia</span> <span class='ocrx_word' id='word_1_286' title='bbox 1481 1974 1668 2015; x_wconf 89' lang='lat' dir='ltr'>nondum</span> <span class='ocrx_word' id='word_1_287' title='bbox 1691 1975 1832 2015; x_wconf 87' lang='lat' dir='ltr'>fuerat</span> <span class='ocrx_word' id='word_1_288' title='bbox 1855 1975 2022 2030; x_wconf 89' lang='lat' dir='ltr'>imperii</span> <span class='ocrx_word' id='word_1_289' title='bbox 2045 1976 2201 2030; x_wconf 77' lang='lat' dir='ltr'>plene⁰</span> <span class='ocrx_word' id='word_1_290' title='bbox 2231 1980 2386 2031; x_wconf 88' lang='lat' dir='ltr'>pacata</span> 
     </span>
     <span class='ocr_line' id='line_1_28' title="bbox 200 2042 2383 2097; baseline 0.002 -15"><span class='ocrx_word' id='word_1_291' title='bbox 200 2043 399 2093; x_wconf 73' lang='lat' dir='ltr'>turbatio,</span> <span class='ocrx_word' id='word_1_292' title='bbox 434 2046 581 2083; x_wconf 89' lang='lat' dir='ltr'>nostra</span> <span class='ocrx_word' id='word_1_293' title='bbox 612 2042 828 2083; x_wconf 87' lang='lat' dir='ltr'>desideria</span> <span class='ocrx_word' id='word_1_294' title='bbox 859 2043 1173 2097; x_wconf 88' lang='lat' dir='ltr'>prepedissent,</span> <span class='ocrx_word' id='word_1_295' title='bbox 1208 2044 1311 2085; x_wconf 92' lang='lat' dir='ltr'>licet</span> <span class='ocrx_word' id='word_1_296' title='bbox 1342 2045 1460 2085; x_wconf 90' lang='lat' dir='ltr'>tenui</span> <span class='ocrx_word' id='word_1_297' title='bbox 1495 2044 1720 2084; x_wconf 88' lang='lat' dir='ltr'>occasione</span> <span class='ocrx_word' id='word_1_298' title='bbox 1752 2057 1870 2084; x_wconf 91' lang='lat' dir='ltr'>more</span> <span class='ocrx_word' id='word_1_299' title='bbox 1904 2042 2002 2084; x_wconf 89' lang='lat' dir='ltr'>inde</span> <span class='ocrx_word' id='word_1_300' title='bbox 2026 2047 2174 2084; x_wconf 91' lang='lat' dir='ltr'>nostra</span> <span class='ocrx_word' id='word_1_301' title='bbox 2206 2044 2319 2085; x_wconf 86' lang='lat' dir='ltr'>bona</span> <span class='ocrx_word' id='word_1_302' title='bbox 2340 2045 2383 2087; x_wconf 90' lang='lat' dir='ltr'>in</span> 
     </span>
     <span class='ocr_line' id='line_1_29' title="bbox 199 2111 2389 2166; baseline 0.002 -15"><span class='ocrx_word' id='word_1_303' title='bbox 199 2111 355 2151; x_wconf 87' lang='lat' dir='ltr'>malum</span> <span class='ocrx_word' id='word_1_304' title='bbox 388 2115 560 2152; x_wconf 88' lang='lat' dir='ltr'>notetur</span> <span class='ocrx_word' id='word_1_305' title='bbox 590 2111 784 2161; x_wconf 80' lang='lat' dir='ltr'>intentio,</span> <span class='ocrx_word' id='word_1_306' title='bbox 818 2111 929 2152; x_wconf 89' lang='lat' dir='ltr'>unde</span> <span class='ocrx_word' id='word_1_307' title='bbox 954 2112 1126 2153; x_wconf 90' lang='lat' dir='ltr'>laudem</span> <span class='ocrx_word' id='word_1_308' title='bbox 1150 2113 1306 2154; x_wconf 89' lang='lat' dir='ltr'>meruit</span> <span class='ocrx_word' id='word_1_309' title='bbox 1328 2117 1370 2153; x_wconf 92' lang='lat' dir='ltr'>et</span> <span class='ocrx_word' id='word_1_310' title='bbox 1391 2113 1597 2153; x_wconf 88' lang='lat' dir='ltr'>favorem.</span> <span class='ocrx_word' id='word_1_311' title='bbox 1708 2111 1769 2166; x_wconf 87' lang='lat'>(6)</span> <span class='ocrx_word' id='word_1_312' title='bbox 1803 2111 1995 2153; x_wconf 85' lang='lat' dir='ltr'>Deindef</span> <span class='ocrx_word' id='word_1_313' title='bbox 2016 2112 2070 2153; x_wconf 88' lang='lat' dir='ltr'>ad</span> <span class='ocrx_word' id='word_1_314' title='bbox 2093 2112 2389 2155; x_wconf 74' lang='lat' dir='ltr'>vocationemg</span> 
     </span>
     <span class='ocr_line' id='line_1_30' title="bbox 200 2179 2388 2236; baseline 0.002 -17"><span class='ocrx_word' id='word_1_315' title='bbox 200 2179 497 2233; x_wconf 76' lang='lat' dir='ltr'>apostolicam,</span> <span class='ocrx_word' id='word_1_316' title='bbox 546 2179 672 2220; x_wconf 87' lang='lat' dir='ltr'>rebus</span> <span class='ocrx_word' id='word_1_317' title='bbox 721 2180 889 2234; x_wconf 89' lang='lat' dir='ltr'>imperii</span> <span class='ocrx_word' id='word_1_318' title='bbox 929 2180 1157 2234; x_wconf 89' lang='lat' dir='ltr'>tranquille</span> <span class='ocrx_word' id='word_1_319' title='bbox 1203 2179 1467 2235; x_wconf 74' lang='lat' dir='ltr'>dispositish,</span> <span class='ocrx_word' id='word_1_320' title='bbox 1510 2181 1705 2221; x_wconf 89' lang='lat' dir='ltr'>venimus</span> <span class='ocrx_word' id='word_1_321' title='bbox 1745 2184 1789 2221; x_wconf 92' lang='lat' dir='ltr'>et</span> <span class='ocrx_word' id='word_1_322' title='bbox 1829 2180 2123 2236; x_wconf 89' lang='lat' dir='ltr'>sollempniter</span> <span class='ocrx_word' id='word_1_323' title='bbox 2165 2181 2388 2236; x_wconf 87' lang='lat' dir='ltr'>imperiale</span> 
     </span>
     <span class='ocr_line' id='line_1_31' title="bbox 201 2247 2386 2304; baseline 0.003 -20"><span class='ocrx_word' id='word_1_324' title='bbox 201 2247 487 2302; x_wconf 74' lang='lat' dir='ltr'>suscepimusi</span> <span class='ocrx_word' id='word_1_325' title='bbox 518 2247 744 2302; x_wconf 67' lang='lat' dir='ltr'>dyadema,</span> <span class='ocrx_word' id='word_1_326' title='bbox 778 2252 825 2288; x_wconf 90' lang='lat' dir='ltr'>ut</span> <span class='ocrx_word' id='word_1_327' title='bbox 856 2261 940 2288; x_wconf 87' lang='lat' dir='ltr'>non</span> <span class='ocrx_word' id='word_1_328' title='bbox 974 2248 1168 2288; x_wconf 86' lang='lat' dir='ltr'>inutilisk</span> <span class='ocrx_word' id='word_1_329' title='bbox 1201 2249 1420 2290; x_wconf 81' lang='lat' dir='ltr'>extitisset</span> <span class='ocrx_word' id='word_1_330' title='bbox 1451 2249 1687 2304; x_wconf 89' lang='lat' dir='ltr'>apostolice</span> <span class='ocrx_word' id='word_1_331' title='bbox 1721 2248 1813 2289; x_wconf 86' lang='lat' dir='ltr'>sedi</span> <span class='ocrx_word' id='word_1_332' title='bbox 1844 2253 1993 2289; x_wconf 89' lang='lat' dir='ltr'>nostra</span> <span class='ocrx_word' id='word_1_333' title='bbox 2013 2249 2195 2300; x_wconf 82' lang='lat' dir='ltr'>vocatio,</span> <span class='ocrx_word' id='word_1_334' title='bbox 2228 2263 2310 2304; x_wconf 93' lang='lat' dir='ltr'>que</span> <span class='ocrx_word' id='word_1_335' title='bbox 2333 2249 2386 2291; x_wconf 89' lang='lat' dir='ltr'>de</span> 
     </span>
     <span class='ocr_line' id='line_1_32' title="bbox 200 2316 2388 2371; baseline 0.002 -17"><span class='ocrx_word' id='word_1_336' title='bbox 200 2316 430 2356; x_wconf 89' lang='lat' dir='ltr'>maioribus</span> <span class='ocrx_word' id='word_1_337' title='bbox 472 2322 513 2356; x_wconf 89' lang='lat' dir='ltr'>et</span> <span class='ocrx_word' id='word_1_338' title='bbox 556 2316 804 2356; x_wconf 86' lang='lat' dir='ltr'>melioribus</span> <span class='ocrx_word' id='word_1_339' title='bbox 846 2316 1098 2371; x_wconf 87' lang='lat' dir='ltr'>provinciisl</span> <span class='ocrx_word' id='word_1_340' title='bbox 1130 2317 1274 2358; x_wconf 87' lang='lat' dir='ltr'>Ytalie</span> <span class='ocrx_word' id='word_1_341' title='bbox 1318 2318 1572 2358; x_wconf 86' lang='lat' dir='ltr'>florentibus</span> <span class='ocrx_word' id='word_1_342' title='bbox 1605 2316 1767 2357; x_wconf 88' lang='lat' dir='ltr'>divitiis</span> <span class='ocrx_word' id='word_1_343' title='bbox 1800 2321 1842 2357; x_wconf 89' lang='lat' dir='ltr'>et</span> <span class='ocrx_word' id='word_1_344' title='bbox 1883 2317 2167 2358; x_wconf 86' lang='lat' dir='ltr'>strennuitate</span> <span class='ocrx_word' id='word_1_345' title='bbox 2199 2318 2388 2359; x_wconf 87' lang='lat' dir='ltr'>virorum</span> 
     </span>
     <span class='ocr_line' id='line_1_33' title="bbox 200 2384 2386 2441; baseline 0.002 -17"><span class='ocrx_word' id='word_1_346' title='bbox 200 2398 222 2424; x_wconf 83' lang='lat' dir='ltr'>a</span> <span class='ocrx_word' id='word_1_347' title='bbox 256 2384 378 2425; x_wconf 89' lang='lat' dir='ltr'>nobis</span> <span class='ocrx_word' id='word_1_348' title='bbox 412 2385 554 2425; x_wconf 75' lang='lat' dir='ltr'>extitit</span> <span class='ocrx_word' id='word_1_349' title='bbox 594 2389 808 2425; x_wconf 86' lang='lat' dir='ltr'>assecuta.</span> <span class='ocrx_word' id='word_1_350' title='bbox 871 2385 974 2425; x_wconf 86' lang='lat' dir='ltr'>Post</span> <span class='ocrx_word' id='word_1_351' title='bbox 1013 2386 1334 2441; x_wconf 88' lang='lat' dir='ltr'>susceptionem</span> <span class='ocrx_word' id='word_1_352' title='bbox 1368 2400 1468 2427; x_wconf 87' lang='lat' dir='ltr'>vero</span> <span class='ocrx_word' id='word_1_353' title='bbox 1509 2386 1745 2441; x_wconf 89' lang='lat' dir='ltr'>imperialis</span> <span class='ocrx_word' id='word_1_354' title='bbox 1778 2399 1931 2427; x_wconf 90' lang='lat' dir='ltr'>corone</span> <span class='ocrx_word' id='word_1_355' title='bbox 1973 2399 2050 2440; x_wconf 88' lang='lat' dir='ltr'>per</span> <span class='ocrx_word' id='word_1_356' title='bbox 2080 2399 2233 2426; x_wconf 88' lang='lat' dir='ltr'>manus</span> <span class='ocrx_word' id='word_1_357' title='bbox 2264 2399 2386 2428; x_wconf 88' lang='lat' dir='ltr'>reve-</span> 
     </span>
     <span class='ocr_line' id='line_1_34' title="bbox 202 2452 2388 2509; baseline 0.002 -17"><span class='ocrx_word' id='word_1_358' title='bbox 202 2452 320 2493; x_wconf 87' lang='lat' dir='ltr'>rendi</span> <span class='ocrx_word' id='word_1_359' title='bbox 353 2453 487 2507; x_wconf 89' lang='lat' dir='ltr'>patris</span> <span class='ocrx_word' id='word_1_360' title='bbox 519 2452 680 2493; x_wconf 89' lang='lat' dir='ltr'>domini</span> <span class='ocrx_word' id='word_1_361' title='bbox 714 2452 948 2506; x_wconf 73' lang='lat' dir='ltr'>Gregoriim</span> <span class='ocrx_word' id='word_1_362' title='bbox 980 2467 1092 2494; x_wconf 90' lang='lat' dir='ltr'>nunc</span> <span class='ocrx_word' id='word_1_363' title='bbox 1124 2455 1371 2509; x_wconf 88' lang='lat' dir='ltr'>apostolici,</span> <span class='ocrx_word' id='word_1_364' title='bbox 1404 2459 1505 2495; x_wconf 91' lang='lat' dir='ltr'>tunc</span> <span class='ocrx_word' id='word_1_365' title='bbox 1539 2455 1729 2509; x_wconf 92' lang='lat' dir='ltr'>episcopi</span> <span class='ocrx_word' id='word_1_366' title='bbox 1761 2453 2027 2505; x_wconf 85' lang='lat' dir='ltr'>Hostiensis,</span> <span class='ocrx_word' id='word_1_367' title='bbox 2060 2454 2216 2495; x_wconf 89' lang='lat' dir='ltr'>iterum</span> <span class='ocrx_word' id='word_1_368' title='bbox 2249 2455 2388 2496; x_wconf 89' lang='lat' dir='ltr'>crucis</span> 
     </span>
     <span class='ocr_line' id='line_1_35' title="bbox 201 2520 2387 2577; baseline 0.002 -18"><span class='ocrx_word' id='word_1_369' title='bbox 201 2520 469 2573; x_wconf 77' lang='lat' dir='ltr'>signaculum</span> <span class='ocrx_word' id='word_1_370' title='bbox 501 2524 751 2562; x_wconf 83' lang='lat' dir='ltr'>reverenter</span> <span class='ocrx_word' id='word_1_371' title='bbox 790 2522 1058 2576; x_wconf 86' lang='lat' dir='ltr'>accepimus,</span> <span class='ocrx_word' id='word_1_372' title='bbox 1100 2527 1199 2563; x_wconf 87' lang='lat' dir='ltr'>vota</span> <span class='ocrx_word' id='word_1_373' title='bbox 1230 2523 1340 2564; x_wconf 90' lang='lat' dir='ltr'>votis</span> <span class='ocrx_word' id='word_1_374' title='bbox 1373 2527 1415 2563; x_wconf 89' lang='lat' dir='ltr'>et</span> <span class='ocrx_word' id='word_1_375' title='bbox 1447 2522 1663 2564; x_wconf 89' lang='lat' dir='ltr'>desideria</span> <span class='ocrx_word' id='word_1_376' title='bbox 1694 2521 1920 2563; x_wconf 86' lang='lat' dir='ltr'>desideriis</span> <span class='ocrx_word' id='word_1_377' title='bbox 1953 2526 2254 2577; x_wconf 83' lang='lat' dir='ltr'>aggregantes.</span> <span class='ocrx_word' id='word_1_378' title='bbox 2314 2522 2387 2564; x_wconf 92' lang='lat' dir='ltr'>In-</span> 
     </span>
     <span class='ocr_line' id='line_1_36' title="bbox 200 2588 2384 2646; baseline 0.002 -18"><span class='ocrx_word' id='word_1_379' title='bbox 200 2589 338 2642; x_wconf 86' lang='lat' dir='ltr'>gressi</span> <span class='ocrx_word' id='word_1_380' title='bbox 372 2588 569 2629; x_wconf 79' lang='lat' dir='ltr'>demum¹¹</span> <span class='ocrx_word' id='word_1_381' title='bbox 600 2591 816 2644; x_wconf 87' lang='lat' dir='ltr'>prosperis</span> <span class='ocrx_word' id='word_1_382' title='bbox 851 2591 1058 2644; x_wconf 84' lang='lat' dir='ltr'>auspiciis</span> <span class='ocrx_word' id='word_1_383' title='bbox 1091 2605 1271 2645; x_wconf 90' lang='lat' dir='ltr'>regnum</span> <span class='ocrx_word' id='word_1_384' title='bbox 1303 2596 1518 2642; x_wconf 89' lang='lat' dir='ltr'>nostrum,</span> <span class='ocrx_word' id='word_1_385' title='bbox 1566 2591 1679 2646; x_wconf 88' lang='lat' dir='ltr'>quod</span> <span class='ocrx_word' id='word_1_386' title='bbox 1719 2605 1794 2645; x_wconf 89' lang='lat' dir='ltr'>pre</span> <span class='ocrx_word' id='word_1_387' title='bbox 1827 2590 2028 2630; x_wconf 89' lang='lat' dir='ltr'>diutinis⁰</span> <span class='ocrx_word' id='word_1_388' title='bbox 2063 2591 2229 2645; x_wconf 86' lang='lat' dir='ltr'>guerris</span> <span class='ocrx_word' id='word_1_389' title='bbox 2260 2591 2384 2632; x_wconf 89' lang='lat' dir='ltr'>bonis</span> 
     </span>
     <span class='ocr_line' id='line_1_37' title="bbox 201 2657 2384 2714; baseline 0.002 -19"><span class='ocrx_word' id='word_1_390' title='bbox 201 2657 288 2696; x_wconf 69' lang='lat' dir='ltr'>suis</span> <span class='ocrx_word' id='word_1_391' title='bbox 321 2664 362 2697; x_wconf 86' lang='lat' dir='ltr'>et</span> <span class='ocrx_word' id='word_1_392' title='bbox 396 2657 547 2711; x_wconf 86' lang='lat' dir='ltr'>opibus</span> <span class='ocrx_word' id='word_1_393' title='bbox 581 2662 673 2697; x_wconf 89' lang='lat' dir='ltr'>erat</span> <span class='ocrx_word' id='word_1_394' title='bbox 706 2658 980 2707; x_wconf 84' lang='lat' dir='ltr'>exhaustum,</span> <span class='ocrx_word' id='word_1_395' title='bbox 1013 2660 1352 2700; x_wconf 73' lang='lat' dir='ltr'>munitissimasv</span> <span class='ocrx_word' id='word_1_396' title='bbox 1385 2673 1505 2700; x_wconf 89' lang='lat' dir='ltr'>arces</span> <span class='ocrx_word' id='word_1_397' title='bbox 1539 2663 1581 2699; x_wconf 89' lang='lat' dir='ltr'>et</span> <span class='ocrx_word' id='word_1_398' title='bbox 1613 2657 1971 2714; x_wconf 84' lang='lat' dir='ltr'>inexpugnabiles</span> <span class='ocrx_word' id='word_1_399' title='bbox 2003 2658 2286 2700; x_wconf 81' lang='lat' dir='ltr'>munitionesq</span> <span class='ocrx_word' id='word_1_400' title='bbox 2320 2659 2384 2700; x_wconf 89' lang='lat' dir='ltr'>in-</span> 
     </span>
     <span class='ocr_line' id='line_1_38' title="bbox 203 2725 2384 2783; baseline 0.002 -20"><span class='ocrx_word' id='word_1_401' title='bbox 203 2725 394 2765; x_wconf 77' lang='lat' dir='ltr'>venimus</span> <span class='ocrx_word' id='word_1_402' title='bbox 427 2730 514 2765; x_wconf 84' lang='lat' dir='ltr'>tam</span> <span class='ocrx_word' id='word_1_403' title='bbox 548 2740 571 2765; x_wconf 91' lang='lat' dir='ltr'>a</span> <span class='ocrx_word' id='word_1_404' title='bbox 605 2726 848 2766; x_wconf 86' lang='lat' dir='ltr'>christianis</span> <span class='ocrx_word' id='word_1_405' title='bbox 882 2741 1008 2780; x_wconf 88' lang='lat' dir='ltr'>quam</span> <span class='ocrx_word' id='word_1_406' title='bbox 1041 2742 1066 2768; x_wconf 92' lang='lat' dir='ltr'>a</span> <span class='ocrx_word' id='word_1_407' title='bbox 1099 2727 1349 2769; x_wconf 80' lang='lat' dir='ltr'>Sarraeenis</span> <span class='ocrx_word' id='word_1_408' title='bbox 1383 2728 1540 2767; x_wconf 89' lang='lat' dir='ltr'>nostris</span> <span class='ocrx_word' id='word_1_409' title='bbox 1574 2726 1808 2768; x_wconf 88' lang='lat' dir='ltr'>rebellibus</span> <span class='ocrx_word' id='word_1_410' title='bbox 1841 2726 2038 2777; x_wconf 81' lang='lat' dir='ltr'>detineri,</span> <span class='ocrx_word' id='word_1_411' title='bbox 2072 2730 2233 2768; x_wconf 89' lang='lat' dir='ltr'>etcum</span> <span class='ocrx_word' id='word_1_412' title='bbox 2257 2740 2384 2783; x_wconf 88' lang='lat' dir='ltr'>opor-</span> 
     </span>
     <span class='ocr_line' id='line_1_39' title="bbox 201 2793 2386 2852; baseline 0.002 -20"><span class='ocrx_word' id='word_1_413' title='bbox 201 2793 327 2833; x_wconf 88' lang='lat' dir='ltr'>tuerit</span> <span class='ocrx_word' id='word_1_414' title='bbox 360 2807 432 2834; x_wconf 87' lang='lat' dir='ltr'>eas</span> <span class='ocrx_word' id='word_1_415' title='bbox 466 2795 585 2848; x_wconf 86' lang='lat' dir='ltr'>quasi</span> <span class='ocrx_word' id='word_1_416' title='bbox 618 2794 669 2835; x_wconf 89' lang='lat' dir='ltr'>dc</span> <span class='ocrx_word' id='word_1_417' title='bbox 704 2809 814 2836; x_wconf 86' lang='lat' dir='ltr'>novo</span> <span class='ocrx_word' id='word_1_418' title='bbox 847 2809 922 2850; x_wconf 91' lang='lat' dir='ltr'>per</span> <span class='ocrx_word' id='word_1_419' title='bbox 956 2796 1154 2837; x_wconf 91' lang='lat' dir='ltr'>bellicam</span> <span class='ocrx_word' id='word_1_420' title='bbox 1187 2797 1425 2852; x_wconf 88' lang='lat' dir='ltr'>potentiam</span> <span class='ocrx_word' id='word_1_421' title='bbox 1457 2800 1605 2837; x_wconf 90' lang='lat' dir='ltr'>nostre</span> <span class='ocrx_word' id='word_1_422' title='bbox 1640 2796 1836 2837; x_wconf 87' lang='lat' dir='ltr'>subicere</span> <span class='ocrx_word' id='word_1_423' title='bbox 1870 2795 2041 2846; x_wconf 87' lang='lat' dir='ltr'>ditioni,</span> <span class='ocrx_word' id='word_1_424' title='bbox 2084 2796 2386 2837; x_wconf 87' lang='lat' dir='ltr'>nichilominus</span> 
     </span>
     <span class='ocr_line' id='line_1_40' title="bbox 200 2863 2386 2920; baseline 0.003 -20"><span class='ocrx_word' id='word_1_425' title='bbox 200 2867 342 2902; x_wconf 88' lang='lat' dir='ltr'>tamen</span> <span class='ocrx_word' id='word_1_426' title='bbox 389 2863 499 2903; x_wconf 89' lang='lat' dir='ltr'>inter</span> <span class='ocrx_word' id='word_1_427' title='bbox 544 2863 657 2917; x_wconf 89' lang='lat' dir='ltr'>ipsos</span> <span class='ocrx_word' id='word_1_428' title='bbox 705 2864 875 2905; x_wconf 91' lang='lat' dir='ltr'>labores</span> <span class='ocrx_word' id='word_1_429' title='bbox 919 2869 961 2905; x_wconf 90' lang='lat' dir='ltr'>et</span> <span class='ocrx_word' id='word_1_430' title='bbox 1004 2865 1190 2906; x_wconf 90' lang='lat' dir='ltr'>nondum</span> <span class='ocrx_word' id='word_1_431' title='bbox 1235 2869 1412 2920; x_wconf 78' lang='lat' dir='ltr'>pacater</span> <span class='ocrx_word' id='word_1_432' title='bbox 1459 2865 1716 2906; x_wconf 88' lang='lat' dir='ltr'>turbationis</span> <span class='ocrx_word' id='word_1_433' title='bbox 1764 2868 1933 2919; x_wconf 89' lang='lat' dir='ltr'>tempus</span> <span class='ocrx_word' id='word_1_434' title='bbox 1980 2864 2254 2906; x_wconf 91' lang='lat' dir='ltr'>subventioni</span> <span class='ocrx_word' id='word_1_435' title='bbox 2301 2878 2386 2906; x_wconf 92' lang='lat' dir='ltr'>non</span> 
     </span>
     <span class='ocr_line' id='line_1_41' title="bbox 201 2929 2382 2988; baseline 0.003 -23"><span class='ocrx_word' id='word_1_436' title='bbox 201 2929 413 2969; x_wconf 78' lang='lat' dir='ltr'>defuimus</span> <span class='ocrx_word' id='word_1_437' title='bbox 447 2930 577 2971; x_wconf 81' lang='lat' dir='ltr'>Terre</span> <span class='ocrx_word' id='word_1_438' title='bbox 613 2932 794 2977; x_wconf 81' lang='lat' dir='ltr'>Sancte,</span> <span class='ocrx_word' id='word_1_439' title='bbox 829 2933 1126 2986; x_wconf 86' lang='lat' dir='ltr'>premittentes</span> <span class='ocrx_word' id='word_1_440' title='bbox 1161 2933 1338 2974; x_wconf 88' lang='lat' dir='ltr'>dilectos</span> <span class='ocrx_word' id='word_1_441' title='bbox 1372 2933 1587 2988; x_wconf 88' lang='lat' dir='ltr'>principes</span> <span class='ocrx_word' id='word_1_442' title='bbox 1623 2938 1815 2977; x_wconf 77' lang='lat' dir='ltr'>nostros„</span> <span class='ocrx_word' id='word_1_443' title='bbox 1849 2932 2000 2973; x_wconf 90' lang='lat' dir='ltr'>ducem</span> <span class='ocrx_word' id='word_1_444' title='bbox 2036 2932 2258 2983; x_wconf 63' lang='lat' dir='ltr'>Bavariefl,</span> <span class='ocrx_word' id='word_1_445' title='bbox 2292 2933 2382 2988; x_wconf 90' lang='lat' dir='ltr'>epi-</span> 
     </span>
     <span class='ocr_line' id='line_1_42' title="bbox 203 2998 2385 3056; baseline 0.003 -22"><span class='ocrx_word' id='word_1_446' title='bbox 203 3012 375 3052; x_wconf 64' lang='lat' dir='ltr'>scopum</span> <span class='ocrx_word' id='word_1_447' title='bbox 418 2998 650 3051; x_wconf 72' lang='lat' dir='ltr'>quondnm‘</span> <span class='ocrx_word' id='word_1_448' title='bbox 685 3000 1013 3040; x_wconf 64' lang='lat' dir='ltr'>Patavionsmnu</span> <span class='ocrx_word' id='word_1_449' title='bbox 1056 3007 1098 3041; x_wconf 88' lang='lat' dir='ltr'>et</span> <span class='ocrx_word' id='word_1_450' title='bbox 1140 3003 1287 3056; x_wconf 86' lang='lat' dir='ltr'>plures</span> <span class='ocrx_word' id='word_1_451' title='bbox 1332 3002 1435 3041; x_wconf 86' lang='lat' dir='ltr'>alios</span> <span class='ocrx_word' id='word_1_452' title='bbox 1470 3002 1510 3041; x_wconf 95' lang='lat' dir='ltr'>in</span> <span class='ocrx_word' id='word_1_453' title='bbox 1552 3002 1759 3042; x_wconf 81' lang='lat' dir='ltr'>auxilium</span> <span class='ocrx_word' id='word_1_454' title='bbox 1792 3001 2006 3041; x_wconf 80' lang='lat' dir='ltr'>Damiate.</span> <span class='ocrx_word' id='word_1_455' title='bbox 2071 3000 2252 3040; x_wconf 89' lang='lat' dir='ltr'>Nuntios</span> <span class='ocrx_word' id='word_1_456' title='bbox 2285 3014 2385 3041; x_wconf 90' lang='lat' dir='ltr'>vero</span> 
     </span>
    </p>
   </div>
   <div class='ocr_carea' id='block_1_3' title="bbox 201 3121 2387 3623">
    <p class='ocr_par' dir='ltr' id='par_1_3' title="bbox 201 3121 2387 3623">
     <span class='ocr_line' id='line_1_43' title="bbox 340 3121 2387 3170; baseline 0.003 -16"><span class='ocrx_word' id='word_1_457' title='bbox 340 3121 422 3155; x_wconf 73' lang='lat'><strong><em>11⁴3.</em></strong></span> <span class='ocrx_word' id='word_1_458' title='bbox 453 3130 485 3161; x_wconf 58' lang='grc' dir='ltr'>Ν)</span> <span class='ocrx_word' id='word_1_459' title='bbox 514 3126 624 3156; x_wconf 75' lang='lat' dir='ltr'>nautis</span> <span class='ocrx_word' id='word_1_460' title='bbox 649 3125 678 3157; x_wconf 78' lang='lat'>5.</span> <span class='ocrx_word' id='word_1_461' title='bbox 820 3130 849 3167; x_wconf 78' lang='lat'>⁷)</span> <span class='ocrx_word' id='word_1_462' title='bbox 883 3126 1087 3158; x_wconf 75' lang='lat' dir='ltr'>clamoribus</span> <span class='ocrx_word' id='word_1_463' title='bbox 1112 3126 1142 3158; x_wconf 87' lang='grc'>2.</span> <span class='ocrx_word' id='word_1_464' title='bbox 1284 3127 1315 3167; x_wconf 83' lang='lat' dir='ltr'>a)</span> <span class='ocrx_word' id='word_1_465' title='bbox 1351 3128 1541 3169; x_wconf 85' lang='lat' dir='ltr'>provideret.</span> <span class='ocrx_word' id='word_1_466' title='bbox 1570 3126 1596 3159; x_wconf 92' lang='grc'>1.</span> <span class='ocrx_word' id='word_1_467' title='bbox 1622 3126 1653 3158; x_wconf 69' lang='lat' dir='ltr'>s).</span> <span class='ocrx_word' id='word_1_468' title='bbox 1796 3126 1826 3167; x_wconf 81' lang='lat' dir='ltr'>b)</span> <span class='ocrx_word' id='word_1_469' title='bbox 1865 3127 1966 3169; x_wconf 82' lang='lat' dir='ltr'>puppi</span> <span class='ocrx_word' id='word_1_470' title='bbox 1993 3125 2024 3159; x_wconf 87' lang='grc'>2.</span> <span class='ocrx_word' id='word_1_471' title='bbox 2167 3126 2196 3169; x_wconf 85' lang='lat' dir='ltr'>c)</span> <span class='ocrx_word' id='word_1_472' title='bbox 2222 3132 2330 3170; x_wconf 84' lang='lat' dir='ltr'>potest</span> <span class='ocrx_word' id='word_1_473' title='bbox 2355 3125 2387 3160; x_wconf 82' lang='lat'>2.</span> 
     </span>
     <span class='ocr_line' id='line_1_44' title="bbox 201 3178 2387 3226; baseline 0.003 -16"><span class='ocrx_word' id='word_1_474' title='bbox 201 3178 232 3204; x_wconf 69' lang='lat'>¹¹»</span> <span class='ocrx_word' id='word_1_475' title='bbox 260 3180 347 3210; x_wconf 51' lang='lat' dir='ltr'>«least</span> <span class='ocrx_word' id='word_1_476' title='bbox 374 3181 404 3211; x_wconf 77' lang='grc'>2.</span> <span class='ocrx_word' id='word_1_477' title='bbox 546 3187 574 3215; x_wconf 67' lang='grc'>0)</span> <span class='ocrx_word' id='word_1_478' title='bbox 615 3189 650 3214; x_wconf 86' lang='lat' dir='ltr'>ut</span> <span class='ocrx_word' id='word_1_479' title='bbox 683 3200 723 3203; x_wconf 91' lang='lat'>—</span> <span class='ocrx_word' id='word_1_480' title='bbox 757 3184 848 3214; x_wconf 79' lang='lat' dir='ltr'>tieret</span> <span class='ocrx_word' id='word_1_481' title='bbox 875 3183 942 3216; x_wconf 55' lang='lat' dir='ltr'>(les.</span> <span class='ocrx_word' id='word_1_482' title='bbox 961 3184 991 3215; x_wconf 76' lang='lat'>5.</span> <span class='ocrx_word' id='word_1_483' title='bbox 1132 3182 1162 3225; x_wconf 83' lang='lat' dir='ltr'>s)</span> <span class='ocrx_word' id='word_1_484' title='bbox 1199 3184 1324 3216; x_wconf 83' lang='lat' dir='ltr'>tuitiori</span> <span class='ocrx_word' id='word_1_485' title='bbox 1352 3184 1378 3215; x_wconf 95' lang='lat'>1.</span> <span class='ocrx_word' id='word_1_486' title='bbox 1410 3183 1442 3217; x_wconf 88' lang='grc'>4.</span> <span class='ocrx_word' id='word_1_487' title='bbox 1584 3183 1617 3226; x_wconf 83' lang='lat' dir='ltr'>g)</span> <span class='ocrx_word' id='word_1_488' title='bbox 1655 3184 1809 3225; x_wconf 83' lang='lat' dir='ltr'>speculas</span> <span class='ocrx_word' id='word_1_489' title='bbox 1843 3183 1872 3216; x_wconf 94' lang='lat'>1.</span> <span class='ocrx_word' id='word_1_490' title='bbox 2013 3183 2046 3222; x_wconf 84' lang='lat'>¹¹)</span> <span class='ocrx_word' id='word_1_491' title='bbox 2086 3184 2274 3217; x_wconf 89' lang='lat' dir='ltr'>mirabilius</span> <span class='ocrx_word' id='word_1_492' title='bbox 2297 3183 2330 3216; x_wconf 89' lang='grc'>2.</span> <span class='ocrx_word' id='word_1_493' title='bbox 2354 3181 2387 3216; x_wconf 84' lang='grc'>5.</span> 
     </span>
     <span class='ocr_line' id='line_1_45' title="bbox 202 3235 2386 3283; baseline 0.001 -13"><span class='ocrx_word' id='word_1_494' title='bbox 202 3235 223 3275; x_wconf 66' lang='lat'>⁵)</span> <span class='ocrx_word' id='word_1_495' title='bbox 251 3244 324 3278; x_wconf 70' lang='lat' dir='ltr'>post</span> <span class='ocrx_word' id='word_1_496' title='bbox 351 3235 379 3268; x_wconf 81' lang='grc'>2.</span> <span class='ocrx_word' id='word_1_497' title='bbox 497 3236 530 3274; x_wconf 77' lang='lat' dir='ltr'>k)</span> <span class='ocrx_word' id='word_1_498' title='bbox 556 3240 777 3271; x_wconf 71' lang='lat' dir='ltr'>&#39;l&#39;cutonicam</span> <span class='ocrx_word' id='word_1_499' title='bbox 802 3238 833 3272; x_wconf 89' lang='grc'>2.</span> <span class='ocrx_word' id='word_1_500' title='bbox 928 3239 952 3282; x_wconf 81' lang='lat'>¹)</span> <span class='ocrx_word' id='word_1_501' title='bbox 978 3241 1092 3273; x_wconf 74' lang='lat' dir='ltr'>multis</span> <span class='ocrx_word' id='word_1_502' title='bbox 1118 3241 1224 3273; x_wconf 80' lang='lat' dir='ltr'>modis</span> <span class='ocrx_word' id='word_1_503' title='bbox 1250 3240 1281 3273; x_wconf 87' lang='grc'>2.</span> <span class='ocrx_word' id='word_1_504' title='bbox 1387 3246 1428 3281; x_wconf 82' lang='lat'>¹¹¹)</span> <span class='ocrx_word' id='word_1_505' title='bbox 1454 3241 1542 3273; x_wconf 72' lang='lat' dir='ltr'>deest</span> <span class='ocrx_word' id='word_1_506' title='bbox 1570 3240 1598 3272; x_wconf 94' lang='grc'>1.</span> <span class='ocrx_word' id='word_1_507' title='bbox 1625 3239 1655 3272; x_wconf 88' lang='grc'>2.</span> <span class='ocrx_word' id='word_1_508' title='bbox 1682 3239 1720 3279; x_wconf 89' lang='grc'>4;</span> <span class='ocrx_word' id='word_1_509' title='bbox 1746 3252 1859 3283; x_wconf 81' lang='lat' dir='ltr'>expos.</span> <span class='ocrx_word' id='word_1_510' title='bbox 1885 3245 2032 3273; x_wconf 87' lang='lat' dir='ltr'>nostram</span> <span class='ocrx_word' id='word_1_511' title='bbox 2057 3239 2087 3273; x_wconf 82' lang='lat'>5.</span> <span class='ocrx_word' id='word_1_512' title='bbox 2181 3240 2214 3282; x_wconf 85' lang='lat' dir='ltr'>n)</span> <span class='ocrx_word' id='word_1_513' title='bbox 2240 3240 2331 3273; x_wconf 75' lang='lat' dir='ltr'>deest</span> <span class='ocrx_word' id='word_1_514' title='bbox 2355 3237 2386 3273; x_wconf 97' lang='grc'>2.</span> 
     </span>
     <span class='ocr_line' id='line_1_46' title="bbox 201 3293 2385 3340; baseline 0.003 -17"><span class='ocrx_word' id='word_1_515' title='bbox 201 3298 229 3332; x_wconf 50' lang='lat'>0,</span> <span class='ocrx_word' id='word_1_516' title='bbox 259 3294 447 3325; x_wconf 80' lang='lat' dir='ltr'>ministrum</span> <span class='ocrx_word' id='word_1_517' title='bbox 475 3293 505 3325; x_wconf 86' lang='grc'>2.</span> <span class='ocrx_word' id='word_1_518' title='bbox 600 3302 630 3337; x_wconf 69' lang='grc' dir='ltr'>ι’)</span> <span class='ocrx_word' id='word_1_519' title='bbox 657 3302 765 3328; x_wconf 72' lang='lat' dir='ltr'>status</span> <span class='ocrx_word' id='word_1_520' title='bbox 791 3298 1029 3329; x_wconf 80' lang='lat' dir='ltr'>reformaretur</span> <span class='ocrx_word' id='word_1_521' title='bbox 1053 3297 1085 3330; x_wconf 74' lang='grc' dir='ltr'>ὃ.</span> <span class='ocrx_word' id='word_1_522' title='bbox 1205 3298 1237 3339; x_wconf 74' lang='lat'>¹1)</span> <span class='ocrx_word' id='word_1_523' title='bbox 1264 3299 1368 3330; x_wconf 82' lang='lat' dir='ltr'>tantis</span> <span class='ocrx_word' id='word_1_524' title='bbox 1393 3297 1423 3330; x_wconf 98' lang='grc'>2.</span> <span class='ocrx_word' id='word_1_525' title='bbox 1520 3298 1547 3339; x_wconf 82' lang='lat' dir='ltr'>r)</span> <span class='ocrx_word' id='word_1_526' title='bbox 1573 3298 1692 3330; x_wconf 86' lang='lat' dir='ltr'>tribuit</span> <span class='ocrx_word' id='word_1_527' title='bbox 1717 3297 1747 3330; x_wconf 87' lang='lat'>3.</span> <span class='ocrx_word' id='word_1_528' title='bbox 1842 3297 1868 3338; x_wconf 86' lang='lat' dir='ltr'>s)</span> <span class='ocrx_word' id='word_1_529' title='bbox 1893 3298 2107 3340; x_wconf 78' lang='lat' dir='ltr'>Aquisgrane</span> <span class='ocrx_word' id='word_1_530' title='bbox 2132 3296 2163 3330; x_wconf 83' lang='lat'>2.</span> <span class='ocrx_word' id='word_1_531' title='bbox 2257 3296 2282 3338; x_wconf 84' lang='lat' dir='ltr'>t)</span> <span class='ocrx_word' id='word_1_532' title='bbox 2308 3303 2385 3330; x_wconf 85' lang='lat' dir='ltr'>retr.</span> 
     </span>
     <span class='ocr_line' id='line_1_47' title="bbox 202 3351 2386 3396; baseline 0.003 -15"><span class='ocrx_word' id='word_1_533' title='bbox 202 3351 332 3381; x_wconf 80' lang='lat' dir='ltr'>facture</span> <span class='ocrx_word' id='word_1_534' title='bbox 358 3351 386 3380; x_wconf 74' lang='lat'>2.</span> <span class='ocrx_word' id='word_1_535' title='bbox 481 3356 514 3391; x_wconf 77' lang='grc' dir='ltr'>ιι)</span> <span class='ocrx_word' id='word_1_536' title='bbox 541 3352 611 3384; x_wconf 75' lang='lat' dir='ltr'>Deo</span> <span class='ocrx_word' id='word_1_537' title='bbox 636 3351 666 3383; x_wconf 87' lang='grc'>2.</span> <span class='ocrx_word' id='word_1_538' title='bbox 692 3351 722 3384; x_wconf 86' lang='grc'>4.</span> <span class='ocrx_word' id='word_1_539' title='bbox 818 3359 847 3393; x_wconf 76' lang='lat' dir='ltr'>v)</span> <span class='ocrx_word' id='word_1_540' title='bbox 874 3354 972 3386; x_wconf 78' lang='lat' dir='ltr'>corde</span> <span class='ocrx_word' id='word_1_541' title='bbox 997 3360 1028 3385; x_wconf 85' lang='lat' dir='ltr'>ct</span> <span class='ocrx_word' id='word_1_542' title='bbox 1055 3354 1135 3386; x_wconf 69' lang='lat' dir='ltr'>add.</span> <span class='ocrx_word' id='word_1_543' title='bbox 1153 3354 1183 3386; x_wconf 81' lang='lat'>·3.</span> <span class='ocrx_word' id='word_1_544' title='bbox 1303 3355 1343 3395; x_wconf 83' lang='lat' dir='ltr'>w)</span> <span class='ocrx_word' id='word_1_545' title='bbox 1368 3356 1409 3387; x_wconf 85' lang='lat' dir='ltr'>ad</span> <span class='ocrx_word' id='word_1_546' title='bbox 1434 3355 1683 3396; x_wconf 76' lang='lat' dir='ltr'>suscipiendam</span> <span class='ocrx_word' id='word_1_547' title='bbox 1709 3365 1842 3386; x_wconf 87' lang='lat' dir='ltr'>crucem</span> <span class='ocrx_word' id='word_1_548' title='bbox 1869 3352 1901 3386; x_wconf 90' lang='grc'>2.</span> <span class='ocrx_word' id='word_1_549' title='bbox 1995 3354 2027 3395; x_wconf 83' lang='lat' dir='ltr'>x)</span> <span class='ocrx_word' id='word_1_550' title='bbox 2051 3355 2093 3386; x_wconf 87' lang='lat' dir='ltr'>ad</span> <span class='ocrx_word' id='word_1_551' title='bbox 2109 3358 2132 3386; x_wconf 82' lang='lat' dir='ltr'>t.</span> <span class='ocrx_word' id='word_1_552' title='bbox 2150 3365 2175 3386; x_wconf 89' lang='lat' dir='ltr'>s.</span> <span class='ocrx_word' id='word_1_553' title='bbox 2193 3354 2284 3386; x_wconf 87' lang='lat' dir='ltr'>subs.</span> <span class='ocrx_word' id='word_1_554' title='bbox 2302 3352 2333 3386; x_wconf 90' lang='grc'>2.</span> <span class='ocrx_word' id='word_1_555' title='bbox 2354 3352 2386 3387; x_wconf 90' lang='lat'>4.</span> 
     </span>
     <span class='ocr_line' id='line_1_48' title="bbox 201 3407 2386 3453; baseline 0.003 -17"><span class='ocrx_word' id='word_1_556' title='bbox 201 3412 231 3443; x_wconf 62' lang='lat' dir='ltr'>y)</span> <span class='ocrx_word' id='word_1_557' title='bbox 259 3413 492 3448; x_wconf 69' lang='lat' dir='ltr'>processerunt</span> <span class='ocrx_word' id='word_1_558' title='bbox 517 3407 548 3439; x_wconf 76' lang='lat'>3.</span> <span class='ocrx_word' id='word_1_559' title='bbox 689 3416 717 3449; x_wconf 53' lang='grc' dir='ltr'>Ζ]</span> <span class='ocrx_word' id='word_1_560' title='bbox 744 3421 783 3441; x_wconf 85' lang='lat' dir='ltr'>ex</span> <span class='ocrx_word' id='word_1_561' title='bbox 812 3412 1020 3443; x_wconf 78' lang='lat' dir='ltr'>ferventibus</span> <span class='ocrx_word' id='word_1_562' title='bbox 1045 3411 1075 3443; x_wconf 81' lang='lat'>5.</span> <span class='ocrx_word' id='word_1_563' title='bbox 1218 3414 1250 3451; x_wconf 75' lang='lat'>²²)</span> <span class='ocrx_word' id='word_1_564' title='bbox 1278 3413 1349 3444; x_wconf 81' lang='lat' dir='ltr'>zelo</span> <span class='ocrx_word' id='word_1_565' title='bbox 1375 3412 1480 3443; x_wconf 84' lang='lat' dir='ltr'>divini</span> <span class='ocrx_word' id='word_1_566' title='bbox 1506 3410 1536 3443; x_wconf 84' lang='lat'>2.</span> <span class='ocrx_word' id='word_1_567' title='bbox 1677 3410 1708 3452; x_wconf 84' lang='lat' dir='ltr'>b)</span> <span class='ocrx_word' id='word_1_568' title='bbox 1729 3412 1877 3453; x_wconf 62' lang='lat' dir='ltr'>,conieci3</span> <span class='ocrx_word' id='word_1_569' title='bbox 1901 3412 2093 3443; x_wconf 85' lang='lat' dir='ltr'>veniremus</span> <span class='ocrx_word' id='word_1_570' title='bbox 2120 3410 2150 3443; x_wconf 87' lang='grc'>1.</span> <span class='ocrx_word' id='word_1_571' title='bbox 2176 3409 2206 3443; x_wconf 90' lang='grc'>2.</span> <span class='ocrx_word' id='word_1_572' title='bbox 2228 3409 2270 3451; x_wconf 53' lang='grc'>,4;</span> <span class='ocrx_word' id='word_1_573' title='bbox 2296 3415 2386 3443; x_wconf 87' lang='lat' dir='ltr'>tene-</span> 
     </span>
     <span class='ocr_line' id='line_1_49' title="bbox 203 3463 2383 3510; baseline 0.003 -17"><span class='ocrx_word' id='word_1_574' title='bbox 203 3474 312 3494; x_wconf 58' lang='lat' dir='ltr'>remus</span> <span class='ocrx_word' id='word_1_575' title='bbox 338 3463 372 3500; x_wconf 84' lang='lat'>.&#39;›;</span> <span class='ocrx_word' id='word_1_576' title='bbox 401 3464 591 3504; x_wconf 79' lang='lat' dir='ltr'>procederet.</span> <span class='ocrx_word' id='word_1_577' title='bbox 616 3465 648 3497; x_wconf 69' lang='lat'>3.</span> <span class='ocrx_word' id='word_1_578' title='bbox 765 3472 795 3507; x_wconf 76' lang='lat'>0)</span> <span class='ocrx_word' id='word_1_579' title='bbox 823 3467 910 3499; x_wconf 69' lang='lat' dir='ltr'>deest</span> <span class='ocrx_word' id='word_1_580' title='bbox 938 3467 966 3500; x_wconf 92' lang='lat'>1.</span> <span class='ocrx_word' id='word_1_581' title='bbox 1084 3465 1115 3508; x_wconf 76' lang='lat'>(¹)</span> <span class='ocrx_word' id='word_1_582' title='bbox 1142 3474 1171 3500; x_wconf 78' lang='lat' dir='ltr'>et</span> <span class='ocrx_word' id='word_1_583' title='bbox 1200 3480 1300 3510; x_wconf 85' lang='lat' dir='ltr'>quam</span> <span class='ocrx_word' id='word_1_584' title='bbox 1325 3468 1355 3500; x_wconf 79' lang='lat'>3.</span> <span class='ocrx_word' id='word_1_585' title='bbox 1482 3473 1512 3508; x_wconf 70' lang='grc' dir='ltr'>ο)</span> <span class='ocrx_word' id='word_1_586' title='bbox 1537 3469 1635 3510; x_wconf 86' lang='lat' dir='ltr'>plene</span> <span class='ocrx_word' id='word_1_587' title='bbox 1663 3468 1791 3510; x_wconf 87' lang='lat' dir='ltr'>imperii</span> <span class='ocrx_word' id='word_1_588' title='bbox 1816 3466 1847 3500; x_wconf 89' lang='grc'>2.</span> <span class='ocrx_word' id='word_1_589' title='bbox 1873 3468 1904 3501; x_wconf 78' lang='grc'>5.</span> <span class='ocrx_word' id='word_1_590' title='bbox 2022 3465 2050 3507; x_wconf 78' lang='lat' dir='ltr'>s)</span> <span class='ocrx_word' id='word_1_591' title='bbox 2076 3468 2209 3499; x_wconf 85' lang='lat' dir='ltr'>demum</span> <span class='ocrx_word' id='word_1_592' title='bbox 2234 3466 2265 3499; x_wconf 90' lang='lat'>3.</span> <span class='ocrx_word' id='word_1_593' title='bbox 2290 3465 2323 3500; x_wconf 88' lang='lat'>4.</span> <span class='ocrx_word' id='word_1_594' title='bbox 2349 3466 2383 3500; x_wconf 84' lang='lat'>5.</span> 
     </span>
     <span class='ocr_line' id='line_1_50' title="bbox 201 3520 2385 3566; baseline 0.002 -15"><span class='ocrx_word' id='word_1_595' title='bbox 201 3525 233 3560; x_wconf 68' lang='lat'>8)</span> <span class='ocrx_word' id='word_1_596' title='bbox 260 3521 486 3551; x_wconf 69' lang='lat' dir='ltr'>evocationem</span> <span class='ocrx_word' id='word_1_597' title='bbox 513 3520 542 3552; x_wconf 89' lang='lat'>4.</span> <span class='ocrx_word' id='word_1_598' title='bbox 640 3521 670 3561; x_wconf 82' lang='lat'>¹¹)</span> <span class='ocrx_word' id='word_1_599' title='bbox 697 3524 821 3563; x_wconf 68' lang='lat' dir='ltr'>pacatis·</span> <span class='ocrx_word' id='word_1_600' title='bbox 847 3523 877 3555; x_wconf 70' lang='grc' dir='ltr'>ἴ).</span> <span class='ocrx_word' id='word_1_601' title='bbox 974 3523 995 3564; x_wconf 85' lang='lat' dir='ltr'>i)</span> <span class='ocrx_word' id='word_1_602' title='bbox 1024 3526 1211 3566; x_wconf 78' lang='lat' dir='ltr'>recepimus</span> <span class='ocrx_word' id='word_1_603' title='bbox 1239 3525 1267 3557; x_wconf 90' lang='grc'>1.</span> <span class='ocrx_word' id='word_1_604' title='bbox 1293 3523 1325 3558; x_wconf 90' lang='lat'>4.</span> <span class='ocrx_word' id='word_1_605' title='bbox 1444 3523 1478 3566; x_wconf 81' lang='lat' dir='ltr'>k)</span> <span class='ocrx_word' id='word_1_606' title='bbox 1504 3525 1618 3557; x_wconf 78' lang='lat' dir='ltr'>multis</span> <span class='ocrx_word' id='word_1_607' title='bbox 1643 3523 1674 3557; x_wconf 70' lang='grc' dir='ltr'>ἴ).</span> <span class='ocrx_word' id='word_1_608' title='bbox 1768 3523 1793 3565; x_wconf 79' lang='lat'>¹)</span> <span class='ocrx_word' id='word_1_609' title='bbox 1820 3525 1974 3566; x_wconf 75' lang='lat' dir='ltr'>primitiis</span> <span class='ocrx_word' id='word_1_610' title='bbox 1999 3523 2031 3555; x_wconf 86' lang='grc'>2.</span> <span class='ocrx_word' id='word_1_611' title='bbox 2124 3524 2167 3564; x_wconf 78' lang='lat'>1¹¹)</span> <span class='ocrx_word' id='word_1_612' title='bbox 2195 3527 2236 3557; x_wconf 71' lang='lat' dir='ltr'>G.</span> <span class='ocrx_word' id='word_1_613' title='bbox 2258 3523 2286 3556; x_wconf 91' lang='grc'>1.</span> <span class='ocrx_word' id='word_1_614' title='bbox 2304 3522 2335 3556; x_wconf 81' lang='grc'>2.</span> <span class='ocrx_word' id='word_1_615' title='bbox 2353 3522 2385 3556; x_wconf 87' lang='grc'><strong>4.</strong></span> 
     </span>
     <span class='ocr_line' id='line_1_51' title="bbox 201 3576 2380 3623; baseline 0.003 -17"><span class='ocrx_word' id='word_1_616' title='bbox 201 3582 233 3615; x_wconf 73' lang='lat'>¹¹)</span> <span class='ocrx_word' id='word_1_617' title='bbox 260 3576 378 3607; x_wconf 83' lang='lat' dir='ltr'>deinde</span> <span class='ocrx_word' id='word_1_618' title='bbox 404 3578 433 3607; x_wconf 72' lang='lat'>2.</span> <span class='ocrx_word' id='word_1_619' title='bbox 460 3576 491 3608; x_wconf 88' lang='grc'>4.</span> <span class='ocrx_word' id='word_1_620' title='bbox 610 3582 641 3618; x_wconf 77' lang='lat'>0)</span> <span class='ocrx_word' id='word_1_621' title='bbox 668 3580 838 3611; x_wconf 71' lang='lat' dir='ltr'>diuturnis</span> <span class='ocrx_word' id='word_1_622' title='bbox 865 3580 895 3612; x_wconf 83' lang='grc'>2.</span> <span class='ocrx_word' id='word_1_623' title='bbox 1014 3581 1046 3622; x_wconf 73' lang='lat'>1³)</span> <span class='ocrx_word' id='word_1_624' title='bbox 1073 3583 1220 3614; x_wconf 75' lang='lat' dir='ltr'>munitas</span> <span class='ocrx_word' id='word_1_625' title='bbox 1245 3580 1281 3619; x_wconf 87' lang='grc'><strong>2;</strong></span> <span class='ocrx_word' id='word_1_626' title='bbox 1318 3582 1556 3614; x_wconf 85' lang='lat' dir='ltr'>invictissimas</span> <span class='ocrx_word' id='word_1_627' title='bbox 1581 3580 1612 3613; x_wconf 89' lang='lat'>4.</span> <span class='ocrx_word' id='word_1_628' title='bbox 1708 3582 1739 3622; x_wconf 85' lang='lat'>‘1)</span> <span class='ocrx_word' id='word_1_629' title='bbox 1766 3582 1959 3614; x_wconf 85' lang='lat' dir='ltr'>mansiones</span> <span class='ocrx_word' id='word_1_630' title='bbox 1985 3580 2016 3613; x_wconf 87' lang='lat'>4.</span> <span class='ocrx_word' id='word_1_631' title='bbox 2111 3582 2138 3620; x_wconf 86' lang='lat' dir='ltr'>r)</span> <span class='ocrx_word' id='word_1_632' title='bbox 2165 3586 2324 3623; x_wconf 80' lang='lat' dir='ltr'>pacatum</span> <span class='ocrx_word' id='word_1_633' title='bbox 2349 3578 2380 3613; x_wconf 85' lang='grc'>2.</span> 
     </span>
    </p>
   </div>
   <div class='ocr_carea' id='block_1_4' title="bbox 201 3632 1347 3677">
    <p class='ocr_par' dir='ltr' id='par_1_4' title="bbox 201 3632 1347 3677">
     <span class='ocr_line' id='line_1_52' title="bbox 201 3632 1347 3677; baseline 0.008 -15"><span class='ocrx_word' id='word_1_634' title='bbox 201 3637 226 3671; x_wconf 57' lang='grc' dir='ltr'>Ξ)</span> <span class='ocrx_word' id='word_1_635' title='bbox 252 3640 283 3663; x_wconf 83' lang='lat' dir='ltr'>et</span> <span class='ocrx_word' id='word_1_636' title='bbox 309 3633 388 3664; x_wconf 76' lang='lat' dir='ltr'>add.</span> <span class='ocrx_word' id='word_1_637' title='bbox 406 3633 436 3664; x_wconf 69' lang='lat'>3.</span> <span class='ocrx_word' id='word_1_638' title='bbox 464 3632 493 3664; x_wconf 75' lang='grc' dir='ltr'>ἴ).</span> <span class='ocrx_word' id='word_1_639' title='bbox 611 3637 635 3675; x_wconf 65' lang='lat' dir='ltr'>t)</span> <span class='ocrx_word' id='word_1_640' title='bbox 661 3636 749 3667; x_wconf 56' lang='lat' dir='ltr'>deest</span> <span class='ocrx_word' id='word_1_641' title='bbox 774 3636 804 3669; x_wconf 86' lang='lat'>3.</span> <span class='ocrx_word' id='word_1_642' title='bbox 923 3643 955 3677; x_wconf 77' lang='grc' dir='ltr'>ιι)</span> <span class='ocrx_word' id='word_1_643' title='bbox 985 3638 1230 3671; x_wconf 83' lang='lat' dir='ltr'>l&#39;ictavicnscm</span> <span class='ocrx_word' id='word_1_644' title='bbox 1260 3637 1287 3671; x_wconf 91' lang='lat' dir='ltr'>l.</span> <span class='ocrx_word' id='word_1_645' title='bbox 1316 3638 1347 3671; x_wconf 87' lang='grc'>2.</span> 
     </span>
    </p>
   </div>
   <div class='ocr_carea' id='block_1_5' title="bbox 2420 893 2452 917">
    <p class='ocr_par' dir='ltr' id='par_1_5' title="bbox 2420 893 2452 917">
     <span class='ocr_line' id='line_1_53' title="bbox 2420 893 2452 917; baseline 0.031 -1"><span class='ocrx_word' id='word_1_646' title='bbox 2420 893 2452 917; x_wconf 83' lang='grc'>10</span> 
     </span>
    </p>
   </div>
   <div class='ocr_carea' id='block_1_6' title="bbox 2421 1237 2452 1261">
    <p class='ocr_par' dir='ltr' id='par_1_6' title="bbox 2421 1237 2452 1261">
     <span class='ocr_line' id='line_1_54' title="bbox 2421 1237 2452 1261; baseline 0 0"><span class='ocrx_word' id='word_1_647' title='bbox 2421 1237 2452 1261; x_wconf 90' lang='lat'>15</span> 
     </span>
    </p>
   </div>
   <div class='ocr_carea' id='block_1_7' title="bbox 2421 1581 2455 1607">
    <p class='ocr_par' dir='ltr' id='par_1_7' title="bbox 2421 1581 2455 1607">
     <span class='ocr_line' id='line_1_55' title="bbox 2421 1581 2455 1607; baseline -0.029 0"><span class='ocrx_word' id='word_1_648' title='bbox 2421 1581 2455 1607; x_wconf 87' lang='grc'><strong>20</strong></span> 
     </span>
    </p>
   </div>
   <div class='ocr_carea' id='block_1_8' title="bbox 2423 1921 2454 1947">
    <p class='ocr_par' dir='ltr' id='par_1_8' title="bbox 2423 1921 2454 1947">
     <span class='ocr_line' id='line_1_56' title="bbox 2423 1921 2454 1947; baseline 0 0"><span class='ocrx_word' id='word_1_649' title='bbox 2423 1921 2454 1947; x_wconf 75' lang='lat'>25</span> 
     </span>
    </p>
   </div>
   <div class='ocr_carea' id='block_1_9' title="bbox 2425 2264 2458 2289">
    <p class='ocr_par' dir='ltr' id='par_1_9' title="bbox 2425 2264 2458 2289">
     <span class='ocr_line' id='line_1_57' title="bbox 2425 2264 2458 2289; baseline 0 0"><span class='ocrx_word' id='word_1_650' title='bbox 2425 2264 2458 2289; x_wconf 84' lang='lat'>30</span> 
     </span>
    </p>
   </div>
   <div class='ocr_carea' id='block_1_10' title="bbox 2423 2607 2456 2632">
    <p class='ocr_par' dir='ltr' id='par_1_10' title="bbox 2423 2607 2456 2632">
     <span class='ocr_line' id='line_1_58' title="bbox 2423 2607 2456 2632; baseline 0 0"><span class='ocrx_word' id='word_1_651' title='bbox 2423 2607 2456 2632; x_wconf 81' lang='lat'>35</span> 
     </span>
    </p>
   </div>
   <div class='ocr_carea' id='block_1_11' title="bbox 2419 2955 2453 2980">
    <p class='ocr_par' dir='ltr' id='par_1_11' title="bbox 2419 2955 2453 2980">
     <span class='ocr_line' id='line_1_59' title="bbox 2419 2955 2453 2980; baseline 0 0"><span class='ocrx_word' id='word_1_652' title='bbox 2419 2955 2453 2980; x_wconf 83' lang='lat'>4⁰</span> 
     </span>
    </p>
   </div>
   <div class='ocr_carea' id='block_1_12' title="bbox 2422 3302 2454 3327">
    <p class='ocr_par' dir='ltr' id='par_1_12' title="bbox 2422 3302 2454 3327">
     <span class='ocr_line' id='line_1_60' title="bbox 2422 3302 2454 3327; baseline 0 0"><span class='ocrx_word' id='word_1_653' title='bbox 2422 3302 2454 3327; x_wconf 82' lang='lat'>45</span> 
     </span>
    </p>
   </div>
   <div class='ocr_carea' id='block_1_13' title="bbox 2422 3585 2454 3610">
    <p class='ocr_par' dir='ltr' id='par_1_13' title="bbox 2422 3585 2454 3610">
     <span class='ocr_line' id='line_1_61' title="bbox 2422 3585 2454 3610; baseline -0.031 0"><span class='ocrx_word' id='word_1_654' title='bbox 2422 3585 2454 3610; x_wconf 87' lang='lat'>50</span> 
     </span>
    </p>
   </div>
  </div>
 </body>
</html>
