2558 3970
401 157 616 192 HEINRICI
645 157 780 192 DUUIS
810 157 1181 192 Lo'l‘1{.›xn1N‹;1A!·:
1206 159 1488 193 (ῊΝΥΗΝῚῚΗ
1519 159 1576 193 {ne
1604 160 1812 194 lMl'lcitlo.
1864 161 1962 194 1:3⁰8.
2014 162 2167 196 Nuus.
2299 164 2381 201 (31¹.)

186 274 352 315 diemus
386 288 536 314 omnes
571 288 638 314 res
672 288 772 314 suns
806 277 848 313 et
882 273 1087 313 honorem
1113 289 1266 314 corone
1292 289 1381 317 sue,
1420 289 1495 314 nec·
1520 274 1661 328 aliquo
1688 273 1812 313 niodo
1837 275 2060 328 patiemur.
2094 276 2202 330 qnod
2227 276 2381 329 aliquia«¹

183 342 237 384 de
279 344 456 398 imperio
491 342 686 383 Romano
729 343 799 396 qui
843 348 989 382 nostre
1030 342 1224 382 fidelitati
1266 343 1474 384 adhereat
1520 358 1621 394 erga
1667 343 1808 397 ipsum
1844 357 1973 398 super
2014 345 2091 384 Ιιοι·
2126 345 2381 399 intercipiet.

185 413 286 468 quin
319 426 398 453 nos
432 412 545 452 bona
576 412 659 452 fide
693 426 826 467 super
859 411 937 450 hoc
972 411 1136 467 ipsum‘¹
1173 412 1382 452 iuvemus.
1475 414 1541 465 (4)
1579 412 1666 451 Nm·
1693 412 1785 467 ips«-
1816 412 2013 453 similiter
2037 415 2235 468 patietur,
2270 411 2381 467 qnod

184 481 338 536 aliquis
371 480 422 522 de
455 494 587 534 regno
620 494 697 520 suo
730 481 801 535 qui
840 479 1034 520 fidelitati
1075 494 1150 520 sue
1183 480 1392 521 adhereat
1437 494 1539 533 erga
1573 494 1649 519 nos
1684 493 1816 534 snper
1859 480 1937 520 hiis
1973 483 2240 537 intercipiet,
2283 482 2382 535 quin

127 567 141 591 5
184 552 300 607 ipse⁰
332 564 409 591 nos
442 554 592 591 contra
624 549 743 589 illum
778 549 1125 604 intercipientem
1162 548 1272 590 bona
1305 549 1385 589 tide
1421 550 1548 589 iuvet.
1641 549 1704 601 (5)
1743 548 1806 588 l)e
1843 548 1916 589 ida
1947 551 2169 591 ‹eomitissa
2205 551 2383 591 Boionio

116 914 146 937 10

115 1259 146 1282 15

114 1609 147 1634 20

115 2099 147 2125 25

116 2480 149 2505 30

116 2828 149 2853 35

117 3225 152 3250 40

182 621 245 661 sic
277 620 378 661 erit:
420 619 454 659 si
489 620 579 675 ipsa
612 624 655 659 et
687 619 779 659 eins
820 619 906 659 filia
938 619 1028 659 sine
1063 618 1221 659 herede
1256 619 1506 665 moriantur,
1552 618 1661 658 tilius
1698 623 1843 658 noster
1877 619 1943 658 vol
1982 620 2065 660 mia
2100 625 2269 667 nostra,
2313 619 2382 674 qui

182 691 430 732 comitatum
464 690 643 731 Bolonie
676 690 810 731 vellet
843 690 1019 734 habere,
1054 690 1135 745 ipsi
1170 691 1261 743 regi
1298 690 1559 730 1¹¹1·nn‹=‹›rum
1593 690 1658 729 vel
1696 690 1781 729 tilio
1816 704 1892 730 sno
1929 691 2057 730 fau-iot
2092 690 2383 743 hominagium

182 761 328 815 ligium
363 764 406 800 et
438 759 664 800 servicium
700 764 743 799 et
776 773 946 799 omnem
980 759 1208 804 iusticiam,
1243 758 1413 813 qualem
1448 758 1617 798 feodum
1644 759 1873 798 comitatus
1899 759 2081 798 Boionio
2106 759 2255 800 ‹li-bet:
2291 773 2384 798 naun

184 830 216 870 si
251 844 327 870 nos
359 842 557 870 essemus
590 843 666 868 rex
691 827 994 877 Romanorum,
1028 842 1110 868 non
1146 842 1374 883 possemus
1400 828 1437 867 ei
1473 828 1615 867 fau-om»
1647 827 1954 880 hominagium.
2046 828 2108 880 (Π)
2145 826 2197 866 Et
2230 832 2387 881 quantu

184 899 316 940 cicius
349 913 425 939 nos
457 898 650 938 coronati
685 897 904 946 fuerimus,
939 911 1016 937 nos
1048 897 1257 937 faciemus
1292 897 1327 936 ei
1353 897 1633 936 securitatem
1659 897 1846 936 oninium
1885 896 2172 951 predii-turum
2198 910 2383 935 eonven-

181 969 343 1009 tionum
387 982 465 1022 per
503 967 670 1007 litteras
711 971 880 1006 nostras
925 970 1126 1021 patentes
1170 970 1214 1005 et
1256 980 1333 1020 per
1377 966 1617 1005 iuramenta
1650 972 1691 1005 et
1737 967 1900 1006 litteras
1936 971 2134 1020 patentes
2169 966 2385 1005 hominum

181 1041 441 1082 nostrorum,
482 1036 552 1090 qui
586 1034 708 1076 nobis
740 1034 1026 1075 adherebunt.
1090 1034 1145 1075 Et
1187 1035 1386 1075 similiter
1424 1035 1646 1089 predictus
1681 1049 1755 1075 rex
1793 1036 1921 1075 faciet
1955 1035 2076 1074 nobis
2110 1036 2386 1075 securitati-in

180 1120 259 1162 per
290 1108 562 1147 sacramenta
594 1109 638 1146 ct
669 1104 834 1145 litteras
858 1108 1057 1160 patentes
1090 1103 1310 1145 hominum
1335 1118 1509 1144 suornm
1538 1104 1590 1144 de
1617 1119 1747 1159 regno
1773 1118 1865 1149 suo,
1899 1118 2004 1158 quos
2030 1104 2191 1144 habere
2218 1105 2387 1159 poterit.

183 1175 245 1230 (7)
278 1174 335 1216 Et
367 1175 402 1215 si
435 1175 581 1229 aliqua
613 1174 837 1214 contencio
872 1179 1116 1228 emergeret
1161 1174 1336 1214 fortuito
1370 1187 1472 1214 casu
1510 1174 1620 1214 inter
1655 1174 1880 1229 imperinm
1917 1177 1960 1214 et
1993 1188 2193 1227 regnum.
2236 1173 2387 1214 eadem

186 1244 413 1286 contencio
444 1257 522 1298 per
553 1243 659 1284 duos
693 1242 890 1284 homines
923 1243 1142 1298 legitimos
1175 1243 1228 1283 de
1261 1243 1442 1298 imperio
1477 1241 1673 1283 Romano
1707 1242 1760 1283 ad
1794 1243 1873 1283 hoe
1906 1243 2172 1283 sufficientes
2207 1248 2249 1283 et
2282 1243 2389 1283 duos

183 1314 377 1355 similiter
415 1313 611 1354 homines
650 1312 868 1367 legitimos
909 1311 962 1353 de
1006 1327 1138 1367 regno
1179 1312 1363 1353 Francie
1410 1311 1462 1352 ad
1511 1312 1589 1352 hoc
1633 1312 1901 1352 sufficientes
1943 1312 2053 1352 inter
2093 1312 2303 1353 Pei-onam
2348 1317 2388 1352 vt

183 1383 463 1424 cameracum
505 1396 583 1437 per
621 1381 711 1422 dies
757 1386 1057 1436 competentes
1104 1381 1417 1437 pacificabitur.
1491 1380 1545 1421 Et
1586 1382 1620 1421 si
1670 1381 1852 1437 predicti
1887 1386 2072 1436 quatuor
2111 1381 2304 1422 homines
2338 1381 2390 1421 d«-

183 1452 469 1494 contencione
510 1452 583 1492 illa
626 1450 895 1507 pacificanda
940 1450 1050 1491 nons
1090 1456 1272 1507 possent
1315 1449 1598 1501 concordare,
1647 1451 1842 1505 quintum
1876 1451 1930 1492 ad
1975 1451 2052 1491 hoc
2089 1452 2390 1491 sufficientem.

183 1522 254 1578 qui
286 1521 465 1577 imperio
498 1519 691 1562 Romano
725 1524 768 1561 et
805 1534 939 1575 regno
971 1520 1155 1562 Francie
1201 1535 1284 1561 non
1319 1524 1435 1561 esset
1467 1525 1718 1575 suspectus,
1760 1520 1812 1561 ad
1848 1520 1928 1561 hoe
1964 1520 2275 1575 pacificandum
2313 1521 2387 1561 cli-

184 1596 356 1647 gerent,
399 1595 442 1631 et
474 1591 515 1631 in
549 1590 640 1631 loeo
673 1589 866 1645 predicto
900 1603 978 1645 per
1010 1589 1102 1631 dies
1136 1594 1455 1645 competentes,
1500 1589 1610 1630 sicut
1643 1589 1885 1644 predictum
1919 1595 2010 1639 est,
2057 1590 2390 1630 controversiam

180 1661 479 1703 terminarent.
548 1658 605 1700 Et
641 1659 838 1700 similiter
882 1672 1030 1700 omnes
1064 1659 1370 1707 controversie,
1413 1672 1495 1713 que
1537 1657 1590 1699 de
1626 1673 1736 1699 novo
1777 1663 2073 1713 emergerent,
2119 1659 2158 1699 in
2201 1658 2392 1714 prodiero

184 1732 290 1781 loce,
324 1731 435 1772 sicut
466 1729 750 1786 prediximus,
784 1729 1052 1770 decidentur.

324 1799 485 1841 Actum
519 1799 788 1852 Suessionis,
822 1812 934 1840 anno
966 1798 1140 1840 Domini
1173 1797 1425 1850 MOOVIII,
1460 1811 1609 1839 mense
1644 1797 1859 1852 Auguste.

931 1993 1034 2036 449.
1078 1993 1424 2037 OBLIGATIO
1456 1993 1658 2036 DUCIS.

327 2076 457 2118 Dedit
499 2090 550 2117 esc
594 2076 775 2129 imayine
817 2075 1123 2129 helioqraphico
1167 2075 1318 2117 codicis
1358 2075 1630 2117 ottoboniam
1670 2074 1751 2129 fol.
1776 2076 1830 2114 73
1866 2087 1998 2126 supra
2040 2074 2211 2115 laudato
2251 2075 2317 2115 vir
2347 2075 2394 2116 el.

182 2146 414 2189 Dizmmler.
475 2145 608 2187 Prius
638 2145 748 2187 edita
780 2149 840 2187 est
869 2160 895 2187 a
928 2145 1111 2187 Balneis>
1144 2145 1346 2187 ‘Histoire
1373 2145 1565 2198 ye‘ne‘ralc
1597 2145 1645 2185 dc
1677 2144 1719 2185 la
1742 2144 1901 2185 maison
1927 2143 2203 2196 d'Auveryne’
2227 2144 2292 2192 ΙΙ,
2316 2146 2395 2183 101

181 2230 233 2258 ατ
252 2215 492 2270 apoyrapho
510 2215 687 2268 quodam
709 2214 895 2269 Reyistri
916 2221 990 2270 (=
1014 2215 1121 2256 Abel
1142 2214 1314 2256 ‘Kaisar
1339 2214 1443 2256 Otto’
1468 2215 1584 2265 119).
1621 2239 1674 2244 -
1706 2213 1902 2263 memor,
1926 2212 2027 2265 Res).
2050 2213 2147 2265 imp.
2179 2212 2221 2262 V,
2242 2215 2394 2255 10700',

2016 2281 2086 2335 (P.
2110 2282 2254 2335 deest.)

327 2389 544 2431 Hem-icus
577 2389 665 2431 dux
696 2389 1007 2444 Lotharingiae
1031 2390 1232 2430 omnibus
1257 2388 1309 2430 ad
1334 2402 1441 2444 quos
1467 2388 1620 2430 littere
1644 2392 1868 2443 presentes
1893 2387 2173 2442 pervenerint
2197 2387 2393 2428 salutem.

185 2459 430 2511 Noveritis,
471 2458 587 2515 quod
626 2473 702 2500 nos
737 2458 908 2500 domino
940 2458 1169 2514 Philipp0²¹
1201 2460 1295 2514 regi
1327 2458 1590 2499 Francorum
1603 2459 1618 2481 ¹¹
1651 2457 1860 2498 debemus
1894 2457 1975 2498 tria
2007 2457 2125 2498 milia
2156 2471 2394 2498 marcarum

184 2529 352 2584 argenti
384 2528 437 2569 ad
469 2528 636 2584 pondus
668 2528 928 2579 Trece11se0‚
962 2542 1045 2584 que
1079 2527 1221 2569 eidem
1256 2526 1439 2568 reddere
1472 2531 1672 2568 tenemur
1705 2526 1817 2567 infra
1848 2531 1936 2567 tres
1959 2541 2134 2568 menses
2167 2531 2393 2581 postquam

183 2612 260 2640 nos
301 2612 432 2653 super
469 2597 552 2639 hoc
594 2598 854 2653 requisierit.
929 2597 1057 2645 Quod
1099 2598 1134 2638 si
1177 2611 1253 2638 nos
1295 2597 1487 2638 coronati
1529 2596 1735 2637 fuerimus
1779 2596 1822 2636 in
1860 2596 2040 2651 imperio
2083 2595 2278 2636 Romano
2322 2608 2397 2649 per

183 2667 280 2709 illos
313 2667 384 2723 qui
416 2667 496 2708 hoc
529 2672 711 2723 possunt
742 2667 887 2709 facere
920 2668 990 2709 vel
1022 2681 1100 2723 per
1131 2672 1299 2723 partem
1324 2670 1646 2722 competentem
1679 2665 1866 2710 illorum,
1900 2679 1976 2705 nos
2001 2665 2161 2706 erimus
2185 2665 2396 2704 immunes

185 2750 210 2778 a
241 2736 437 2793 predicta
468 2738 651 2792 pecunie
679 2751 858 2780 summa.
911 2737 1051 2792 Super
1082 2737 1164 2778 hac
1193 2741 1339 2778 autem
1369 2734 1612 2792 pecuniaed
1636 2749 1803 2776 summa
1827 2733 2065 2785 reddenda,
2100 2734 2180 2774 nisi
2205 2734 2396 2774 coronati

185 2806 408 2858 fuerimus,
441 2807 552 2847 sicut
582 2806 744 2848 dictum
779 2812 858 2859 est,
892 2807 1192 2847 constituimus
1225 2805 1528 2848 fideiussorem
1552 2805 1755 2846 comitem
1778 2803 1996 2845 Boloniee
2030 2817 2161 2858 super
2192 2803 2396 2844 trecentis

184 2874 361 2917 marcisf
391 2876 583 2930 argenti,
626 2890 733 2932 quas
773 2876 956 2931 singulis
988 2876 1112 2917 annis
1145 2876 1271 2917 nobis
1304 2875 1456 2926 debet,
1498 2879 1542 2916 et
1572 2878 1771 2929 preterea
1803 2873 2017 2914 ducentas
2050 2871 2251 2923 marcass‚
2291 2886 2397 2927 quas

183 2944 298 2987 idem
330 2959 408 2986 rex
439 2945 563 2986 nobis
603 2946 782 3000 singulis
825 2945 949 2986 annis
990 2944 1140 2997 debet,
1185 2945 1266 3001 ipsi
1309 2945 1402 3001 regi
1446 2958 1520 2999 pro
1561 2942 1641 2984 hac
1673 2943 1856 2998 pecunie
1892 2956 2059 2982 summa
2095 2942 2258 2997 pariter
2291 2941 2395 2981 obli-

183 3028 354 3069 gamus,
385 3014 523 3055 donec
556 3029 581 3056 a
611 3015 737 3056 nobis
769 3015 1008 3071 predictam
1045 3015 1231 3070 pecunie
1265 3028 1476 3055 summam
1508 3013 1725 3068 receperit
1759 3026 1812 3052 ex
1845 3012 2029 3066 integro.

331 3083 489 3125 Actum
523 3083 811 3135 Suessionis8‚
844 3088 957 3125 anno
990 3083 1164 3125 Domini
1200 3082 1450 3135 MOCVIH,
1485 3096 1634 3123 mense
1669 3082 1883 3136 Augusto.

322 3208 410 3245 448.
441 3209 474 3251 d)
500 3211 593 3244 bona
617 3212 683 3244 fide
709 3211 862 3244 abundat
879 3211 922 3243 A.
1042 3211 1071 3253 e)
1096 3213 1155 3254 τῇ
1174 3212 1218 3244 A.
1337 3209 1366 3253 s)
1392 3211 1512 3244 eadem
1536 3220 1642 3242 mann
1667 3210 1760 3241 inter
1785 3208 1895 3240 lineas
1920 3207 2031 3249 suppl.
2057 3207 2093 3238 *in
2111 3205 2154 3239 A.

322 3277 409 3314 449.
439 3279 472 3323 a·)
496 3281 557 3313 Ph'
577 3281 620 3314 A.
738 3279 771 3322 b)
798 3279 898 3314 franc
917 3280 959 3313 A.
1089 3280 1119 3324 c)
1146 3281 1236 3314 Tre&
1258 3280 1300 3313 A.
1427 3278 1460 3322 d)
1487 3280 1657 3323 pecuniaa
1675 3279 1718 3311 A.
1838 3278 1866 3317 e)
1894 3277 2002 3310 Bolosl
2023 3276 2067 3308 A.
2185 3274 2215 3315 s)
2240 3276 2335 3307 mar&
2355 3273 2397 3306 A.

186 3336 221 3379 8)
246 3338 409 3371 Suessiofl
430 3338 473 3371 A.

2057 3741 2125 3775 78*
