2558 3970
114 910 146 933 10

112 1253 144 1278 15

106 1598 140 1624 20

113 1942 144 1968 25

115 2292 148 2318 30

116 2636 147 2662 35

116 2979 150 3004 40

117 3323 150 3348 45

722 155 965 190 FRIDERICI
994 156 1036 190 11.
1064 156 1495 193 CONSTITL‘TIONES.
1548 160 1646 194 12:305.
1699 160 1856 196 Niz‘AOE.
2311 168 2391 207 275

183 270 445 316 faciendam,
480 270 682 313 videlicet
707 270 819 326 quod
853 271 1073 312 imitantes
1108 278 1150 312 ct
1185 272 1434 315 inherentes
1459 276 1634 316 statutis
1657 276 1839 331 predicti
1873 280 1940 319 avi
1966 280 2095 320 nostri
2119 281 2390 335 privilegium

183 340 554 396 suprascriptum⁸
586 343 629 380 et
663 353 714 380 ea
747 353 830 394 que
854 340 1131 381 continentur
1164 341 1204 381 in
1240 357 1303 383 eo.
1338 343 1699 396 quemadmodum
1733 345 1856 386 divus
1880 354 2090 401 augustus
2115 362 2220 389 avus
2246 355 2393 391 noster

183 408 588 451 Wormaciensibus
621 407 768 449 Iudeis
808 412 850 449 et
884 408 1187 449 consodalibus
1222 424 1370 451 eorum
1408 413 1628 453 concessit
1661 414 1899 456 liberaliter
1931 421 1971 457 et
2005 416 2203 458 indulsit.
2243 419 2304 459 cis
2337 419 2390 460 de

182 479 330 520 innata
362 477 600 519 clemencia
633 477 950 518 confirmamus.

325 545 534 587 Preterea
575 550 722 586 notum
763 559 857 587 esse
892 546 1086 587 volumus
1128 545 1344 587 modernis
1385 554 1426 588 ct
1469 550 1658 603 posteris
1700 552 1934 593 universis.
1978 555 2086 608 quod
2123 579 2174 584 —
2209 570 2304 596 cum
2338 556 2391 597 dc

183 629 290 657 nece
323 614 592 670 quorundam
625 613 915 656 Vuldensium
949 628 1180 669 puerorum
1215 614 1357 656 Iudeis
1392 616 1432 656 in
1467 617 1618 658 eadem
1654 620 1827 660 civitate
1861 626 1961 661 tunc
1995 625 2202 678 temporis
2227 625 2389 679 degen-

182 684 296 726 tibus
342 682 455 724 foret
501 683 749 738 impositum
793 697 925 738 grave
967 684 1153 730 crimen,
1202 698 1279 738 per
1322 684 1433 739 quod
1474 685 1683 728 adversus
1725 693 1891 729 ceteros
1936 690 2091 731 [udeos
2134 693 2390 735 Alcmannie

182 757 358 809 propter
390 752 685 794 miserabilem
721 766 868 793 casum
905 752 1169 807 emergentis
1203 752 1424 794 infortunii
1458 754 1613 795 oborta
1646 758 1908 810 generaliter
1929 761 2071 810 gravis
2096 763 2237 815 opinio
2264 764 2389 804 vicini

182 821 356 878 populib
390 820 648 871 minabatur,
684 822 797 862 etsi0
830 822 1031 862 acciones
1065 821 1324 862 clandestini
1357 822 1555 863 maleficii
1589 837 1672 864 non
1706 826 1913 879 patebant
1939 852 1989 857 —
2015 829 2065 869 ad
2091 830 2390 872 elucidandam

184 905 315 947 super
348 890 542 946 predicto
577 890 756 932 crimine
782 891 1011 932 veritatem
1046 890 1269 945 principes
1304 895 1347 932 et
1380 896 1609 946 magnates
1643 898 1685 933 ct
1719 894 1885 934 nobiles
1911 897 2186 951 quamplures
2212 900 2390 954 imperii.

182 960 365 1002 abbates
407 964 450 1002 et
482 960 598 1001 viros
640 960 869 1014 religiosos
910 958 1100 1014 undique
1142 959 1195 1000 ad
1229 965 1420 1001 nostram
1454 962 1726 1016 presenciam
1759 969 1963 1005 evocatos
1995 966 2258 1020 providimus
2291 984 2390 1009 eon-

183 1028 400 1071 sulendos.
465 1026 633 1074 Quibus
667 1041 798 1084 super
830 1041 880 1069 eo
914 1027 1087 1069 diversa
1120 1028 1420 1070 sencientibus
1455 1035 1501 1070 ut
1535 1029 1735 1078 diversis,
1770 1046 1848 1073 nec
1881 1034 2191 1076 sufficienciam
2227 1039 2391 1078 consilii

181 1111 314 1154 super
345 1097 427 1138 hoc
458 1097 655 1138 invenire
690 1096 958 1147 valentibus,
1005 1101 1052 1137 ut
1085 1096 1294 1143 decebat.
1330 1099 1602 1140 consciencie
1644 1105 1790 1141 nostre
1823 1102 2087 1156 providimus
2120 1104 2172 1145 de
2206 1107 2392 1147 archano

181 1168 224 1208 in
258 1166 418 1208 Iudeos
460 1165 694 1221 supradicti
742 1166 932 1207 criminis
966 1166 1197 1207 infamatos
1230 1166 1406 1221 procedi
1440 1182 1523 1208 non
1558 1183 1684 1223 posse
1718 1171 2005 1213 commodius.
2048 1187 2175 1228 quam
2209 1190 2286 1230 per
2318 1190 2393 1217 cos

183 1236 255 1292 qui
286 1234 410 1276 Iudei
444 1235 614 1276 fuerant
647 1239 690 1276 et
723 1234 946 1276 conversid
980 1235 1033 1276 ad
1067 1236 1229 1277 cultum
1263 1235 1364 1277 fidei
1398 1237 1653 1280 christiane.
1689 1239 1760 1293 qui
1796 1240 1914 1281 velut
1947 1243 2154 1297 oppositi,
2189 1245 2392 1300 quidquid

180 1304 280 1346 inde
314 1305 423 1346 scire
456 1309 638 1360 possent
670 1305 713 1345 in
745 1318 821 1346 eos
855 1305 922 1346 vel
957 1305 998 1345 in
1032 1304 1165 1345 libros
1190 1304 1421 1360 Mosaycos
1454 1307 1522 1347 vel
1556 1320 1630 1361 per
1655 1310 1813 1349 veteris
1847 1313 2096 1352 testamenti
2121 1313 2275 1354 seriem
2311 1329 2392 1355 non

181 1378 389 1416 tacerent.
452 1372 726 1429 Quamquam
758 1387 859 1415 vero
903 1387 980 1429 per
1019 1374 1206 1430 plurium
1251 1374 1461 1416 librorum
1502 1377 1814 1422 auctoritates,
1859 1392 1964 1433 quos
2004 1381 2211 1422 maiestas
2246 1389 2393 1425 nostra

181 1441 417 1491 didicerat,
459 1442 734 1484 consciencia
773 1447 919 1484 nostra
960 1442 1250 1498 predictorum
1285 1443 1520 1485 Iudeorum
1556 1445 1853 1487 innocenciam
1887 1447 2039 1489 habuit
2071 1451 2395 1494 racionabiliter

181 1515 451 1564 excusatam,
485 1511 539 1553 ad
572 1511 928 1554 satisfaccionem
961 1516 1107 1553 tamen
1140 1526 1226 1554 non
1261 1513 1401 1553 minus
1434 1513 1551 1555 rudis
1585 1516 1730 1570 populi
1761 1529 1889 1570 quam
1923 1522 1965 1558 et
1998 1518 2112 1568 iuris,
2148 1519 2199 1561 ‹le
2224 1523 2392 1575 proviso

179 1586 327 1623 nostro
362 1581 527 1622 salubri
561 1581 742 1623 consilio
776 1595 825 1623 ac
849 1582 1113 1638 principum,
1147 1586 1412 1637 magnatum,
1447 1583 1667 1635 nobilium,
1702 1584 1908 1626 abbatum
1944 1592 1986 1628 et
2010 1587 2195 1629 virorum
2220 1591 2391 1645 religio-

182 1664 341 1701 sorum,
374 1650 567 1706 ipsorum
601 1651 794 1692 unanimi
829 1650 1061 1692 concordia
1094 1664 1228 1707 super
1259 1664 1310 1692 eo
1345 1651 1397 1692 ad
1431 1652 1654 1693 universos
1687 1667 1815 1707 reges
1844 1654 2174 1697 occidentalium
2200 1660 2392 1713 parcium

180 1719 347 1774 legatos
379 1719 575 1760 misimus
608 1719 837 1775 speciales,
871 1733 949 1775 per
984 1733 1092 1775 quos
1127 1719 1179 1761 de
1213 1720 1361 1775 regnis
1395 1734 1545 1762 eorum
1577 1722 1738 1776 peritos
1770 1723 1812 1763 in
1837 1723 1935 1778 lege
1961 1724 2137 1766 Iudaica
2161 1728 2390 1782 neophitos

181 1788 463 1844 quamplures
497 1787 552 1829 ad
585 1793 779 1830 nostram
813 1789 1086 1844 presenciam
1119 1788 1363 1831 destinatos
1397 1789 1643 1832 habuimus.
1708 1789 1876 1838 Quibus
1907 1793 1949 1833 in
1984 1794 2101 1834 curia
2132 1799 2278 1836 nostra
2311 1811 2394 1838 non

181 1871 362 1913 parvam
385 1857 658 1900 trahentibus
682 1871 858 1910 moram,
885 1857 938 1899 ad
961 1857 1254 1913 indagandam
1278 1859 1508 1900 veritatem
1535 1859 1732 1901 eiusdem
1757 1861 1818 1902 rei
1843 1861 2073 1907 ediximus.
2097 1868 2144 1904 ut
2165 1864 2396 1919 diligenter

182 1926 480 1982 inquisicionis
513 1926 704 1969 studium
736 1926 949 1969 haberent
982 1931 1026 1969 et
1059 1928 1379 1969 conscienciam
1413 1932 1605 1969 nostram
1639 1929 1919 1982 instruerent,
1954 1932 1989 1972 si
2022 1945 2106 1987 qua
2138 1933 2241 1988 ipsis
2266 1948 2396 1990 super

181 1994 371 2037 humano
414 1997 626 2052 sanguine
668 2000 919 2052 superesset
960 1996 1106 2052 opinio
1149 1996 1203 2037 ad
1243 1996 1360 2038 aliud
1404 1996 1503 2038 inde
1543 1997 1655 2039 forte
1697 1999 1865 2039 facinus
1906 2001 2265 2055 perpetrandum,
2314 2017 2394 2058 que

181 2062 343 2106 Iudeos
391 2065 508 2121 ipsos
558 2065 612 2107 ad
658 2064 1019 2107 committendum
1066 2064 1313 2121 predictum
1353 2066 1611 2107 maleficium
1654 2067 1860 2110 inducere
1901 2070 2126 2124 potuisset.
2203 2071 2393 2119 Quorum

183 2146 313 2189 super
355 2133 436 2175 hoe
476 2134 803 2176 assercionibus
839 2134 1094 2190 publicatis,
1128 2135 1229 2189 quia
1263 2139 1534 2190 compertum
1567 2149 1652 2177 non
1687 2141 1754 2178 est
1786 2138 1828 2178 in
1860 2141 2122 2181 testamento
2155 2143 2292 2182 veteri
2327 2143 2397 2184 vel

184 2202 227 2243 in
260 2216 394 2255 novo,
436 2203 598 2246 Iudeos
632 2203 783 2245 avidos
818 2217 916 2245 esse
949 2203 1128 2245 humani
1161 2204 1384 2259 sanguinis
1418 2204 1668 2257 hauriendi,
1710 2206 1840 2248 immo
1874 2233 1928 2238 —
1960 2208 2073 2263 quod
2106 2214 2172 2250 est
2204 2210 2398 2264 predicto

185 2285 363 2327 prorsus
406 2273 670 2315 contrarium
707 2297 757 2302 —
792 2273 906 2328 quod
951 2273 1005 2314 ab
1039 2273 1178 2314 omnis
1212 2274 1385 2314 omnino
1419 2274 1643 2329 sanguinis
1678 2274 1904 2318 fedacione
1938 2284 2147 2330 caveant,
2190 2280 2231 2320 in
2264 2280 2399 2321 biblia

184 2354 268 2396 que
310 2340 469 2383 dicitur
509 2342 697 2398 ebrayce
731 2341 971 2393 Berechet,
1018 2342 1235 2398 preceptis
1268 2341 1411 2397 Moysi
1453 2341 1587 2390 datis,
1628 2343 1817 2386 decretis
1851 2344 2040 2388 Iudaicis
2081 2361 2164 2402 que
2198 2347 2398 2390 dicuntur

185 2409 372 2466 ebrayce
398 2410 654 2453 Talmilloht
687 2412 941 2467 expressius
964 2410 1219 2461 habeamus,
1252 2416 1559 2466 presumentes
1584 2413 1719 2453 eciam
1743 2416 2076 2470 presumpcione
2110 2431 2191 2457 non
2218 2417 2396 2464 modica,

183 2478 281 2531 hiis,
314 2479 469 2535 quibus
504 2481 682 2535 sanguis
715 2480 959 2536 prohibitus
994 2485 1061 2522 est
1095 2484 1137 2522 et
1170 2481 1421 2521 animalium
1453 2482 1780 2536 permissorum,
1813 2483 1928 2524 sitim
1962 2498 2045 2525 non
2070 2499 2197 2540 posse
2222 2485 2397 2527 humani

184 2549 408 2604 sanguinis
449 2563 706 2606 superesse,
745 2551 807 2591 rei
838 2550 1153 2596 horribilitate,
1198 2554 1352 2591 nature
1386 2550 1686 2606 prohibicione
1720 2565 1768 2593 ac
1801 2552 1959 2607 speciei
1994 2555 2280 2595 comunitatess
2314 2569 2394 2610 qua

187 2616 458 2660 Christianos
503 2619 642 2660 eciam
684 2620 1030 2675 amplectuntur,
1074 2623 1117 2661 et
1156 2619 1293 2675 quod,
1336 2633 1413 2675 pro
1455 2633 1504 2661 eo
1538 2620 1652 2675 quod
1685 2621 1931 2676 expositum
1965 2622 2018 2663 de
2051 2623 2310 2664 animalibus
2343 2623 2396 2665 de

184 2686 375 2729 virorum
407 2687 752 2730 municionibusf
781 2688 944 2730 habere
977 2692 1161 2744 possent
1193 2703 1270 2745 pro
1294 2689 1467 2740 nichilo,
1500 2702 1585 2729 non
1610 2693 1883 2744 exponerent
1906 2689 2097 2744 periculo
2122 2691 2395 2734 substancias

185 2759 230 2798 et
261 2770 470 2812 personas
503 2782 558 2787 —
590 2756 752 2799 Iudeos
793 2758 876 2799 loci
916 2757 1099 2813 predicti
1143 2757 1196 2799 ab
1239 2757 1412 2799 obiecto
1455 2758 1633 2799 crimine
1667 2772 1716 2798 ac
1749 2759 1858 2799 alios
1890 2758 2049 2800 Iudeos
2082 2760 2340 2802 Alemannie
2373 2776 2397 2802 a

183 2829 273 2866 tam
315 2826 439 2881 gravi
484 2825 665 2868 infamia
709 2825 899 2867 dictante
939 2827 1161 2869 sentencia
1202 2826 1446 2882 principum
1489 2827 1902 2882 pronunciavimusg
1943 2828 2113 2882 penitus
2154 2828 2394 2872 absolutos.

186 2893 466 2951 Quapropter
495 2896 713 2950 presentis
755 2895 970 2951 privilegii
1004 2896 1265 2937 auctoritate
1299 2896 1559 2945 sanccimus,
1594 2895 1857 2950 generaliter
1888 2896 2151 2948 inhibentes,
2186 2902 2396 2952 quatenus

186 2963 308 3004 nulla
328 2977 531 3019 persona,
556 2964 612 3005 sit
635 2964 935 3006 ecclesiastica
957 2965 1027 3006 vel
1050 2964 1280 3016 mundana,
1305 2965 1395 3006 alta
1415 2964 1485 3005 vel
1508 2963 1694 3017 humilis,
1720 2964 1799 3006 sub
1823 2961 2059 3021 [pretextu]
2085 2965 2397 3021 predicacionis

185 3031 257 3074 vel
289 3032 527 3074 occasionis
561 3033 768 3085 alicuius,
813 3034 1008 3083 sculteti,
1048 3033 1269 3084 advocati,
1309 3033 1425 3075 cives
1459 3033 1529 3075 vel
1560 3033 1673 3085 aliih,
1708 3033 1924 3089 predictos
1957 3033 2115 3075 Iudeos
2148 3036 2398 3090 specialiter

185 3101 255 3142 vel
295 3101 560 3157 generaliter
592 3101 646 3144 de
685 3101 881 3158 predicta
922 3103 1099 3144 infamia
1130 3103 1313 3158 impetat
1343 3103 1413 3144 vel
1446 3101 1608 3157 aliquid
1642 3116 1774 3158 super
1805 3101 1886 3144 hoc
1919 3103 1980 3143 eis
2014 3102 2172 3144 obiciat
2204 3105 2395 3147 notabile

186 3170 256 3212 vel
287 3170 542 3223 molestum,
583 3171 822 3213 scientibus
855 3172 1072 3214 universis
1106 3171 1242 3227 quod,
1282 3185 1378 3212 cum
1411 3171 1451 3212 in
1488 3171 1624 3212 servis
1658 3171 1746 3212 suis
1777 3170 1976 3212 dominus
2007 3171 2261 3223 honoretur,
2302 3175 2395 3229 qui-

187 3252 356 3294 cunque
391 3253 437 3281 se
470 3239 618 3282 Iudeis
651 3241 788 3282 servis
822 3241 983 3283 nostris
1016 3240 1280 3283 favorabiles
1314 3244 1358 3282 et
1380 3240 1608 3282 benivolos
1634 3239 1926 3291 exhibuerint,
1960 3240 2082 3282 nobis
2107 3241 2278 3284 deferre
2310 3257 2396 3284 non

189 3306 411 3361 dubitent,
456 3309 638 3361 ceteris,
682 3309 755 3364 qui
794 3313 945 3351 contra
987 3310 1206 3365 presentis
1242 3309 1585 3351 confirmacionis
1617 3313 1660 3350 et
1692 3308 1984 3350 absolucionis
2015 3314 2161 3352 nostre
2194 3312 2395 3366 paginam

187 3377 338 3418 venire
377 3378 743 3433 presumpserint,
790 3378 1004 3420 offensam
1050 3381 1197 3419 nostre
1239 3376 1511 3418 celsitudinis
1554 3377 1803 3418 incursuris,
1866 3377 1926 3418 Ut
1966 3382 2114 3420 autem
2153 3384 2393 3434 presentes.

189 3444 464 3486 confirmacio
498 3451 542 3487 et
573 3445 813 3498 absolucio,
844 3445 1123 3488 inconcussoi
1154 3445 1311 3487 robore
1343 3449 1556 3500 perpetuo
1587 3451 1885 3500 perseverent,
1918 3460 2098 3501 presens
2121 3447 2392 3502 privilegium

186 3512 288 3555 inde
320 3513 415 3556 fieri
449 3518 492 3556 et
522 3514 642 3556 bulla
674 3529 810 3557 aurea
839 3515 1011 3572 typario
1043 3519 1193 3556 nostre
1224 3513 1467 3555 maiestatis
1499 3513 1695 3568 inpresso
1727 3515 1932 3556 iussimus
1966 3515 2176 3570 insigniri.

326 3614 415 3651 204.
442 3618 472 3659 ²²)
496 3619 751 3662 infrascriptum
777 3619 850 3653 cod.
955 3618 986 3660 b)
1012 3619 1166 3652 vicinum
1191 3618 1357 3661 populum
1383 3617 1455 3649 cod.
1557 3622 1587 3658 0)
1614 3623 1646 3650 et
1671 3619 1743 3651 cod.
1845 3618 1877 3661 d)
1902 3620 2029 3653 reversi
2055 3619 2127 3651 cod.
2230 3618 2258 3658 e)
2284 3628 2394 3650 eomo-

119 3683 155 3709 50
190 3673 294 3707 ditate
318 3674 392 3707 cod.
510 3673 542 3717 f)
571 3676 664 3708 locus
688 3682 878 3719 corruptus.
1000 3677 1034 3717 8)
1061 3677 1303 3721 pronunciavit
1328 3675 1401 3707 cod.
1519 3673 1553 3715 h)
1580 3677 1638 3718 qui
1664 3677 1746 3710 add.
1774 3678 1847 3710 cocl.
1964 3675 1986 3716 i)
2013 3677 2228 3709 inconeussio
2253 3675 2324 3706 coel.

2055 3737 2126 3770 352*-
