2558 3970
138 156 190 194 '26
641 149 850 184 oTTONIs
879 148 937 182 lv.
964 145 1394 182 CONSTITUTIONES.
1445 145 1543 179 1198.
1591 145 1654 178 Nr.
1673 144 1821 179 20-22.

139 273 291 306 torum.
326 267 395 320 qui
430 264 737 305 decedentibus
771 263 985 317 episcopis
1018 267 1061 302 et
1094 261 1322 302 abbatibus
1353 259 1619 315 principibus
1652 259 1692 298 in
1727 258 1956 299 mobilibus
1988 256 2114 297 rebus
2138 267 2322 309 seseque

138 334 410 374 moventibus
445 332 750 374 succedebant.
784 331 1021 371 liberaliter
1054 330 1232 370 remisit.
1293 329 1606 370 Paternitatem
1638 327 1768 381 igitur
1790 330 1975 367 vestram
2008 328 2174 365 attente
2197 335 2323 377 roga-

140 416 247 442 mus.
290 402 488 455 quatinus
528 400 782 440 rationabile
826 398 986 438 factum
1025 402 1218 438 nostrum
1251 398 1517 451 aliorumque
1550 395 1805 450 principum,
1849 394 1919 448 qui
1953 393 2003 433 de
2035 393 2125 433 iure
2160 391 2322 445 eligere

136 470 312 510 debent.
346 468 636 509 attendentes.
679 467 826 507 merita
871 479 1039 520 quoque
1071 466 1231 506 domini
1264 466 1397 505 nostri
1431 465 1559 517 regis.
1601 464 1735 518 patris
1768 476 1816 503 ac
1855 461 1998 503 fratris
2031 461 2095 501 sui
2127 459 2322 514 palatini,

139 538 252 591 regis
285 550 455 591 quoque
489 536 645 590 Anglic
680 535 878 575 avunculi
913 535 991 580 sui,
1033 535 1104 588 qui
1138 549 1162 574 a
1195 534 1368 574 servitio
1402 540 1442 573 ct
1475 534 1636 572 unitate
1670 531 1852 571 ecclesie
1885 543 2101 584 nunquam
2134 529 2321 583 separati

140 606 324 646 fuerunt.
365 603 702 646 considerantes.
746 603 923 643 iniurias
957 615 1127 656 quoque
1163 602 1283 642 ducis
1317 601 1492 650 Sueuie.
1533 600 1666 654 patris
1700 613 1749 639 ac
1780 599 1923 640 fratris
1956 599 2047 639 eius
2080 611 2165 638 non
2198 597 2321 638 dissi-

138 674 366 715 mulantes.
408 686 585 727 magnos
628 677 670 712 et
711 671 984 712 honorabiles
1018 672 1145 712 viros.
1190 683 1294 724 quos
1334 670 1426 724 ipse
1467 682 1515 709 ac
1551 668 1769 722 principes
1808 667 1859 707 de
1901 666 2114 707 communi
2148 665 2323 706 consilio

138 742 189 782 ad
224 741 356 796 pedes
399 741 639 781 sanctitatis
674 745 815 780 vestre
850 739 1158 785 transmittunt,
1201 738 1389 791 benigne
1431 737 1647 791 recipiatis
1681 749 1729 776 ac
1761 735 1989 790 benignius
2022 734 2249 775 remittatis
2282 737 2325 775 et

140 810 436 851 rationabilem
469 810 603 865 ipsius
637 809 906 857 electionem7
941 807 1302 848 consecrationem
1336 820 1385 846 ac
1416 805 1732 846 coronationem
1759 803 2018 844 confirmetis
2042 807 2085 843 et
2116 801 2245 858 [eum]
2271 801 2324 842 ad

139 879 305 933 imperii
339 878 705 918 consecrationem
739 877 917 924 vocetis.
951 880 1120 916 nostros
1154 888 1323 929 quoque
1356 874 1623 914 adversarios
1657 878 1699 913 et
1731 872 1914 913 ecclesie
1945 885 1970 911 a
1996 870 2204 912 fidelitate
2226 870 2325 912 duci

141 947 299 988 Sueuie
346 947 524 1001 prestita
571 946 807 986 absolvatis
857 950 899 985 et
945 948 1091 984 nostro
1138 943 1229 996 regi
1269 942 1442 983 obedire
1487 941 1785 982 ecclesiastica
1822 953 2003 981 censura
2042 939 2325 994 compellatis.

139 1015 227 1056 Nos
276 1016 406 1056 etiam
454 1028 528 1069 pro
577 1014 833 1068 patrimonio
877 1013 1061 1053 ecclesie
1102 1012 1297 1052 Romane
1344 1010 1596 1051 dimittendo
1640 1017 1719 1050 aca
1765 1008 2060 1050 conservando
2110 1022 2184 1063 pro
2231 1008 2325 1063 ipso

140 1084 308 1124 domino
343 1098 442 1137 rcgc
478 1082 738 1137 spondemus¹
772 1089 900 1135 atquc
935 1081 1232 1121 fideiubeinus.

508 1275 580 1316 21.
621 1274 917 1316 EPISTULA
951 1272 1270 1315 BALDUINI
1299 1272 1549 1314 COMITIS
1580 1271 1959 1312 FLANDRIAE.

283 1356 470 1398 Indidem
516 1354 592 1408 fol.
617 1359 644 1395 3
685 1368 743 1405 el).
779 1356 813 1402 7,
857 1366 962 1404 quac
1007 1352 1249 1392 inscribam-i·
1297 1351 1461 1392 Littere
1503 1351 1614 1392 Bald
1654 1351 1819 1392 comitis
1859 1351 2077 1401 Flandrie,
2116 1351 2248 1406 Hayfi
2287 1353 2329 1391 et

142 1425 400 1466 marchionis
433 1424 671 1464 Namurtie.
706 1448 758 1451 —
792 1421 984 1470 Bo'lnncr,
1017 1421 1114 1473 Καρ.
1150 1420 1244 1471 imp.
1281 1420 1322 1470 V,
1343 1422 1440 1462 205.
1953 1419 2022 1471 (P.
2045 1419 2187 1468 deest.)

285 1561 568 1602 Sanctissimo
612 1561 720 1615 patri
764 1574 812 1600 ac
854 1559 1024 1600 domino
1062 1557 1351 1611 I(nnocentio)
1395 1562 1671 1598 sacrosancte
1702 1557 1895 1597 Romane
1939 1555 2122 1597 ecclesie
2166 1569 2331 1596 summo

140 1631 329 1685 pontifici
374 1629 648 1684 Bald(uinus)
698 1642 839 1669 comes
882 1627 1105 1675 Flandrie‚
1151 1626 1416 1681 Hayn(onie)
1467 1630 1510 1666 et
1556 1626 1746 1667 marchio
1785 1625 2008 1666 Namurtie
2056 1624 2240 1665 salutem
2287 1628 2330 1665 et

140 1704 385 1754 promptum
419 1712 513 1739 cum
548 1698 663 1738 omni
695 1697 922 1737 devotione
955 1695 1221 1736 famulatum.

283 1767 387 1808 Post
419 1767 582 1807 obitum
616 1765 833 1819 Heni-(ici)
866 1764 1137 1819 imperatoris
1170 1778 1245 1803 nos
1280 1777 1363 1803 una
1397 1777 1490 1804 cum
1533 1763 1799 1817 principibus
1831 1762 2012 1817 imperii,
2055 1761 2108 1803 ad
2141 1775 2246 1816 quos
2277 1761 2331 1802 de

139 1837 227 1877 iure
263 1841 428 1890 spectat
463 1836 630 1875 electio.
664 1834 715 1875 de
750 1833 948 1888 eligendo
983 1846 1084 1887 rege
1119 1833 1264 1887 sepius
1300 1832 1592 1872 tractavimus.
1644 1831 1746 1872 Post
1769 1832 1911 1872 varios
1937 1830 2110 1872 tandem
2134 1830 2330 1881 affectus,

140 1905 247 1944 sicut
288 1904 471 1945 Domino
513 1904 689 1958 placuit.
728 1903 769 1942 in
814 1902 1140 1943 serenissimum
1182 1901 1399 1941 dominum
1438 1905 1632 1941 nostrum
1673 1914 1821 1954 regem
1862 1899 2102 1954 Ott(onem)
2136 1899 2256 1940 vobis
2290 1902 2333 1940 et

140 1973 321 2013 ecclesie
355 1972 550 2013 Romane
585 1971 913 2012 devotissimum
947 1974 1046 2011 vota
1079 1974 1228 2010 nostra
1261 1970 1543 2010 celeberrime
1577 1973 1899 2010 concurrerunt.
1953 1968 2037 2015 Qui
2059 1967 2332 2024 postmodum

139 2043 179 2081 in
214 2041 316 2082 sede
351 2047 630 2095 augustorum
656 2039 920 2094 Aquisgrani
954 2039 1244 2079 coronationis
1270 2052 1318 2079 ac
1343 2038 1677 2079 consecrationis
1710 2037 2020 2093 plenitudinem
2053 2052 2130 2092 per
2160 2051 2332 2078 manum

141 2109 410 2150 Coloniensis
444 2109 770 2164 archiepiscopi.
806 2108 927 2148 cuius
960 2107 1040 2148 hoc
1071 2108 1267 2158 interest,
1302 2121 1396 2147 cum
1421 2107 1533 2147 omni
1558 2120 1641 2160 qua
1662 2106 1805 2147 decuit
1837 2106 2152 2161 sollempnitate
2177 2105 2334 2147 meruit

140 2179 347 2233 optinere.
409 2178 500 2218 Nos
533 2179 662 2231 igitur
694 2176 793 2217 dicti
828 2176 941 2231 regis
973 2176 1243 2224 electionem,
1281 2189 1407 2230 quam
1443 2175 1612 2230 quidem
1647 2176 1759 2216 iuste
1792 2175 1949 2216 factam
1984 2189 2079 2216 esse
2102 2189 2187 2215 non
2211 2174 2332 2216 dubi-

141 2255 292 2294 tamus.
336 2255 470 2287 ratam
510 2246 734 2287 habentes.
778 2250 916 2286 terras
957 2248 1142 2293 nostras,
1185 2258 1292 2299 quas
1332 2244 1384 2285 de
1427 2245 1607 2299 imperio
1642 2249 1856 2294 tenemus,
1901 2258 1925 2285 a
1956 2257 2085 2284 manu
2116 2257 2194 2284 sua
2224 2243 2331 2284 reci-

140 2316 321 2370 pientes.
345 2317 457 2355 facto
489 2315 677 2356 hominio
706 2314 767 2354 illi
790 2313 1041 2354 fidelitatem
1067 2313 1314 2353 iuravimus.
1370 2312 1599 2353 Sanctitati
1624 2327 1725 2367 ergo
1750 2317 1906 2361 vestre⁷
1930 2317 2056 2367 pater
2078 2311 2332 2364 reverende,

142 2384 254 2424 omni
297 2398 377 2438 qua
418 2397 644 2438 possumus
685 2383 917 2424 affectione
958 2382 1262 2436 supplicamus,
1305 2382 1504 2436 quatinus
1542 2382 1844 2422 rationabilem
1889 2381 2022 2436 ipsius
2064 2380 2333 2432 electionem,

142 2453 459 2494 coronationem
503 2467 550 2493 ac
591 2451 967 2492 consecrationem
1007 2456 1142 2490 ratam
1187 2450 1348 2491 habere
1382 2451 1575 2490 volentes
1610 2464 1705 2490 eam
1746 2449 1996 2490 confirmare
2030 2453 2159 2503 atque
2191 2450 2333 2504 ipsum

142 2535 288 2575 regem
322 2521 373 2561 ad
413 2521 578 2575 imperii
612 2520 979 2560 consecrationem
1015 2532 1167 2559 vocare
1206 2523 1388 2573 paterna
1427 2519 1591 2573 pietate
1625 2518 1874 2572 dignemini,
1915 2523 1962 2558 ut
1994 2517 2047 2559 ad
2080 2517 2333 2572 obsequium

143 2600 331 2631 vestrum
365 2595 408 2630 et
440 2589 624 2630 ecclesie
656 2588 851 2628 Romane
883 2588 1203 2642 imperpetuum
1237 2587 1419 2642 amplius
1453 2587 1685 2628 invitemur
1717 2592 1760 2628 et
1791 2587 1952 2628 arctius
1986 2587 2239 2642 obligemur.

458 2781 530 2823 22.
569 2780 870 2823 EPISTULA
902 2780 1188 2822 ALBERTI
1220 2779 1471 2823 COMITIS
1500 2779 1591 2821 DE
1618 2754 2013 2823 DACHSBURG.

286 2863 475 2903 Indidem
511 2861 639 2916 fob-3³
682 2875 739 2911 cp.
771 2862 809 2909 8,
857 2861 927 2901 ubi
973 2861 1118 2901 lemma
1162 2859 1324 2900 Littere
1361 2861 1412 2902 A.
1456 2861 1624 2901 comitis
1674 2859 1725 2901 de
1773 2859 1977 2914 Dasburg
2025 2863 2068 2900 et
2107 2858 2331 2900 Metensis.

145 2931 396 2979 Notandum,
442 2931 573 2970 cirum
615 2930 664 2969 cl.
699 2929 959 2970 Grmzclicliar
1002 2929 1204 2969 ‘Oezwres’
1239 2928 1331 2975 III,
1353 2929 1437 2968 225
1480 2940 1720 2979 *responsum
1763 2928 1972 2980 pontificis
2011 2926 2132 2979 (Ray.
2165 2926 2212 2967 de
2241 2939 2329 2979 neq.

148 2999 309 3050 imperii
339 3001 495 3049 ep.11)
538 3012 557 3037 c
588 2998 718 3039 coelice
756 2998 1015 3038 bibliothecae
1048 2997 1270 3037 Vaticmme
1300 2998 1381 3036 145
1425 3010 1513 3037 cum
1548 2997 1814 3048 inscriptione
1849 2996 2059 3048 sinyulari
2093 2995 2250 3036 comitis
2286 2993 2334 3036 de

145 3065 389 3117 Dades-bury
421 3066 641 3117 ccccl-(lasse.
677 3091 727 3095 —-
755 3064 950 3115 Bo‘lzmer,
983 3064 1081 3117 Ray.
1118 3065 1214 3118 imp.
1245 3063 1289 3114 V,
1311 3066 1406 3104 206.
1978 3062 2047 3116 (P.
2070 3064 2189 3111 206.)

291 3202 572 3243 Sanctis-simo
611 3202 783 3243 domino
826 3207 868 3243 et
907 3203 1018 3257 patri
1057 3201 1351 3254 I(nnocentio)
1396 3205 1669 3242 sacrosancte
1702 3201 1898 3242 Romane
1941 3201 2123 3242 ecclesie
2166 3214 2332 3241 summo

147 3271 338 3326 pontifici
377 3277 417 3311 et
455 3271 772 3312 venerabilibus
805 3271 984 3312 dominis
1023 3271 1234 3311 universis
1269 3270 1559 3311 cardinalibus
1592 3269 1834 3322 A(lbertus)
1869 3281 2013 3310 comes
2044 3268 2096 3309 de
2128 3267 2334 3322 Dasburg

149 3347 189 3379 ct
221 3339 428 3379 Metensis
461 3339 649 3379 debitam
682 3340 966 3380 reverentiam
1003 3344 1046 3380 et
1077 3345 1276 3394 paratum
1307 3339 1349 3379 in
1382 3338 1580 3379 omnibus
1614 3338 1878 3393 obsequium.

292 3407 397 3447 Cum
440 3407 590 3447 fuisset
631 3407 757 3448 rebus
803 3408 997 3448 humanis
1032 3407 1247 3448 Henricus
1285 3407 1516 3462 imperator
1548 3411 1789 3461 exemthS,
1828 3420 1906 3446 nos
1939 3409 1983 3447 et
2013 3405 2083 3447 alii
2115 3405 2331 3459 principes

149 3474 365 3515 dominum
408 3474 623 3516 Ottonem.
671 3476 886 3531 quondam
929 3476 1109 3518 Henrici
1156 3476 1274 3518 ducis
1316 3476 1505 3518 Saxonie
1550 3476 1722 3525 filium²‚
1770 3476 1811 3516 in
1852 3488 1997 3530 regem
2039 3473 2331 3515 Romanorum

285 3577 347 3611 20.
380 3580 411 3620 ³)
438 3580 501 3611 hac
527 3591 553 3612 c.

285 3633 346 3669 22.
380 3641 409 3676 ³)
437 3636 526 3669 deest
551 3649 574 3669 c.

2361 888 2394 912 10

2366 1360 2397 1385 15

2367 1772 2400 1796 20

2369 2111 2402 2138 25

2368 2451 2402 2477 30

2369 2934 2401 2959 35

2369 3411 2403 3436 40

2503 3871 2522 3970 ab»
