2558 3970
214 159 294 198 306
630 151 870 186 FRIDERICI
897 151 941 185 II.
968 149 1395 186 CONSTITUTIONES.
1445 149 1543 183 1239.
1584 148 1682 183 1240.
1730 148 1794 183 Nr.
1813 148 1890 182 222.
1913 147 1991 182 223.

217 269 464 310 Arelatemd
498 268 726 308 honorifice
769 266 1007 321 recepisset
1040 270 1082 306 et
1114 265 1235 306 iuxta
1268 268 1490 320 receptum
1524 278 1549 304 a
1580 263 1701 303 nobis
1736 261 1985 302 mandatum
2017 261 2180 303 servire
2212 261 2403 312 citarete,

217 344 260 378 tu
304 352 397 378 cuni
445 334 699 390 quibusdam
746 333 1060 389 proditoribusf
1098 333 1256 374 nostris
1302 333 1407 374 inita
1448 333 1656 379 factione,
1703 336 1848 371 nostra
1879 335 1922 371 et
1962 331 2129 385 imperii
2159 330 2405 371 reverentia

215 406 506 460 pretermissa.
531 408 602 444 tue
625 403 846 444 fidelitatis
871 417 919 443 ac
945 402 1180 443 nobilitatis
1204 402 1374 452 oblitus,
1397 400 1664 442 infidelitatis
1688 399 1917 455 opprobrio
1940 412 2023 439 non
2045 398 2221 447 vitatog,
2245 398 2404 438 dictum

215 474 418 514 vicarium
450 473 584 513 nostri
618 471 811 512 culminis
844 470 1032 525 effigiem
1065 474 1388 525 presentantem
1421 470 1603 524 turpiter
1635 482 1659 509 a
1691 468 1863 508 civitate
1892 466 2139 508 Arelatensi
2171 467 2403 522 proieceris

215 548 256 583 et
295 541 475 582 eandem
509 541 727 581 civitatem
770 553 853 579 non
887 539 1049 593 absque
1082 538 1237 579 iniuria
1269 538 1405 579 nostri
1444 537 1628 578 nominis
1662 540 1704 576 et
1736 535 1911 576 honoris
1943 534 2139 576 detineas
2172 533 2406 575 infideliter

218 615 485 664 occupatam.
549 607 673 655 Quod
707 611 824 648 tanto
858 606 962 648 nos¹¹
996 607 1149 647 iustius
1181 610 1338 655 movet,
1372 610 1532 661 quanto
1556 609 1701 660 preter
1725 618 1844 658 spem
1867 607 1910 644 et
1932 603 2179 658 opinionem
2200 607 2406 655 nostram,

219 684 361 732 preter
393 676 652 718 omnimodei
686 674 989 717 liberalitatisk
1022 680 1064 716 et
1087 675 1225 729 gratie
1249 674 1584 715 munificentiam
1608 673 1650 713 in
1674 677 1716 714 te
1751 672 2000 727 frequenter
2023 671 2083 713 et¹
2116 671 2408 713 exuberanter

218 747 397 787 effusam
422 752 569 786 contra
597 745 835 786 honoremm
856 747 1045 784 nostrum
1066 741 1300 782 enormiter
1322 740 1567 790 excessisti,
1598 744 1670 780 ut¹¹
1692 743 2084 794 quantumcumque
2104 742 2176 779 tuo
2198 739 2408 780 vellemus

215 821 302 855 tam
333 815 446 869 turpi
471 814 659 855 defectui
684 812 911 853 condolere
924 817 955 853 ⁰.
988 824 1073 850 non
1096 810 1342 865 possimusl‘
1375 809 1599 863 imperiale
1622 807 1836 848 moderari
1870 808 2065 861 regimen
2088 820 2172 861 quo
2195 811 2404 859 tenemur,

216 884 315 937 quin
328 891 344 913 *¹
378 882 587 924 adversus
621 881 847 922 commisse
887 878 1142 934 proditionis
1176 877 1367 918 facinusr
1400 877 1442 917 in
1474 876 1631 916 iudicio
1665 879 1707 917 et
1738 876 1902 916 iustitia
1932 875 2228 930 procedamus.
2289 875 2405 922 Qua-

219 958 391 1006 propter
424 952 531 992 sicut
564 950 692 991 moris
726 954 769 990 et
800 948 902 989 iuris
935 952 1013 998 est,
1048 961 1178 1001 super
1210 946 1378 987 obiecto
1411 945 1675 986 infidelitatis
1708 951 1918 986 excessus
1951 943 2004 984 ad
2033 948 2223 985 nostram
2246 944 2408 985 curiam

219 1027 260 1060 tc
296 1020 498 1061 citamus.
541 1018 793 1059 mandantes
835 1022 877 1058 et
915 1016 1204 1071 precipientes
1246 1015 1355 1066 tibit,
1396 1019 1609 1069 quatenus
1654 1013 1825 1055 civitate
1857 1013 2102 1054 Arelatensi
2132 1013 2175 1053 in
2208 1027 2259 1054 eo
2293 1016 2408 1054 statu

221 1088 397 1129 reducta
433 1089 473 1127 in
507 1101 602 1142 quo.
636 1087 883 1141 priusquam
914 1098 969 1125 ex
1001 1098 1052 1124 ea
1074 1084 1279 1124 vicarium
1309 1087 1504 1124 nostrum
1527 1083 1734 1132 eiceres¹¹‚
1767 1082 2061 1136 permanebat,
2091 1081 2222 1122 XXX
2242 1081 2409 1123 dierum

224 1155 438 1211 {termino}
481 1161 576 1210 post
616 1155 904 1208 receptionem
947 1152 1232 1208 presentium,
1277 1152 1462 1207 prestita
1503 1151 1583 1192 tibi
1615 1151 1848 1192 securitate
1878 1149 2097 1201 veniendi,
2142 1149 2334 1191 morandi
2367 1154 2411 1191 et

220 1224 450 1265 redeundi.
484 1228 628 1264 nostre
663 1223 776 1263 curie
811 1227 851 1262 te
885 1221 1058 1262 studeas
1093 1220 1378 1276 personaliter
1408 1223 1683 1275 presentare,
1716 1219 1769 1260 de
1802 1218 2056 1259 infidelitate
2090 1220 2322 1260 commissa
2353 1217 2408 1260 ad

220 1294 433 1334 iusticiam
475 1306 768 1347 responsurus.
841 1290 964 1337 Quod
1004 1291 1038 1331 si
1079 1291 1223 1331 facere
1268 1289 1598 1344 contempseris,
1648 1289 1767 1330 velut
1812 1291 1933 1328 tuum
1974 1286 2323 1342 recognoscendo
2365 1290 2409 1328 et

218 1361 459 1403 confitendo
494 1366 673 1411 reatum,
706 1365 747 1401 te
782 1364 985 1415 tanquam
1018 1359 1236 1400 infidelem
1268 1363 1460 1400 nostrum
1495 1358 1547 1399 ab
1573 1357 1686 1398 omni
1709 1357 1872 1398 honore
1896 1361 1939 1397 et
1961 1356 2169 1410 dignitate
2193 1355 2247 1397 de
2269 1355 2407 1411 pleni-

219 1431 364 1471 tudine
399 1430 625 1484 potestatis
660 1444 713 1469 ex
747 1433 864 1469 certa
898 1429 1078 1469 scientia
1111 1432 1153 1469 et
1193 1428 1402 1482 imperiali
1436 1427 1690 1468 auctoritate
1736 1426 1998 1481 privabimus
2013 1432 2042 1467 V.
2105 1425 2265 1465 Datum
2298 1428 2409 1465 etc.W

819 1861 951 1928 223.
1008 1851 1815 1927 PROMULGATIO

397 1972 1013 2043 CAPITANEI
1066 1968 1712 2043 GENERALIS
1766 1965 2250 2039 TUSCIAE.

1186 2107 1328 2153 1240.
1362 2107 1464 2153 Ian.

365 2252 489 2293 Dedit
523 2254 584 2293 cir
621 2254 672 2296 cl.
694 2254 738 2295 F
738 2254 844 2295 e'clcer
874 2268 893 2293 e
933 2255 1165 2294 transumto
1203 2252 1309 2293 anni
1334 2253 1447 2293 1242
1476 2251 1520 2291 in
1562 2249 1771 2292 tabulario
1802 2249 1979 2301 capituli
2008 2247 2179 2289 Aretim'
2208 2248 2418 2288 asservato

223 2335 286 2361 nr.
311 2324 404 2370 55⁴2,
437 2321 570 2361 eodem
602 2324 645 2361 ut
676 2321 836 2362 videtur
858 2320 966 2372 quod
986 2320 1092 2360 male
1115 2319 1333 2360 ediderunt
1355 2319 1476 2359 Rana
1497 2321 1534 2359 et
1561 2317 1719 2359 &amici
1739 2317 1913 2358 ‘Not'izz'e
1937 2316 2123 2358 istoriche
2144 2316 2189 2356 da·
2213 2315 2413 2357 Toscana’

238 2389 382 2437 1137
413 2397 486 2431 (Ξ
512 2389 750 2439 ΙΙιιιἸῐανιῖ).
817 2389 1062 2429 Trausemm·
1094 2390 1208 2428 tenor
1238 2387 1460 2428 sectandum
1492 2387 1709 2427 editionem
1741 2387 1882 2427 Remo&
1914 2386 1979 2426 hie
2008 2388 2088 2425 est.-
2120 2385 2214 2440 Ego
2238 2384 2414 2426 Pontius

224 2459 414 2499 notarius
449 2460 695 2514 exemplum
728 2464 774 2499 ut
806 2462 1090 2499 transumtum
1125 2461 1191 2498 est
1222 2457 1319 2508 vidi,
1353 2458 1437 2511 legi
1472 2461 1514 2497 et
1546 2456 1785 2496 auscultavi
1818 2456 1943 2496 simul
1974 2469 2069 2495 cum
2093 2454 2224 2495 Petro
2249 2454 2413 2494 notario

226 2535 267 2567 ct
300 2527 469 2581 Rigone
503 2528 688 2573 notario,
730 2528 836 2568 nihil
869 2527 1059 2568 additum
1094 2528 1161 2568 vel
1195 2527 1450 2567 diminutum
1484 2526 1642 2575 inveni,
1675 2525 1843 2579 signum
1875 2538 2028 2564 manus
2062 2537 2184 2564 meae
2217 2522 2411 2578 apposui.

224 2596 279 2637 Et
312 2610 392 2650 ego
418 2596 571 2637 Petrus
604 2597 796 2637 notarius
831 2596 982 2651 scripsi
1015 2600 1057 2636 et
1089 2596 1305 2650 publicavi
1337 2609 1447 2636 anno
1479 2609 1504 2636 a
1535 2595 1760 2635 nativitate
1783 2593 1957 2633 Domini
1981 2591 2244 2642 MOOXLIL
2276 2591 2412 2632 indic-

226 2667 340 2706 tione
373 2665 469 2705 XV.
515 2665 697 2719 septima
737 2664 834 2705 Iulii
876 2665 1075 2705 intrante.
1137 2665 1294 2704 Actum
1340 2664 1380 2703 in
1415 2662 1626 2711 castello,
1671 2662 1714 2702 in
1747 2661 1873 2702 domo
1914 2661 2053 2716 plebis
2085 2661 2189 2701 dicti
2222 2659 2412 2701 Castelli.

226 2733 398 2774 Litteris
438 2733 665 2773 mimrlbus
705 2732 941 2773 ‹u‘cndemla
978 2732 1214 2773 eze-ananus
1245 2746 1292 2771 ca
1323 2745 1427 2782 qnae
1463 2730 1711 2771 concordant
1740 2743 1830 2770 eum
1861 2728 2049 2783 formula
2080 2741 2211 2779 Supra
2240 2740 2306 2768 nr.
2327 2729 2414 2769 217

225 2803 421 2842 (alhibita.
456 2827 508 2829 —
543 2800 995 2842 Jlm'llard-Bre‘leoues
1027 2801 1070 2850 V,
1095 2802 1189 2841 650.
1250 2800 1443 2850 Bolum,
1475 2799 1576 2852 Ray.
1609 2800 1706 2850 imp.
1739 2798 1783 2849 V,
1804 2801 1930 2840 2691.
2034 2797 2106 2850 (Ρ.
2130 2797 2272 2850 deest.)

370 2927 615 2968 Fridericus
639 2927 720 2968 Dei
753 2927 892 2981 gratia
916 2928 1209 2968 Romanorum
1241 2928 1474 2981 imperator
1495 2939 1664 2980 semper
1685 2928 1909 2979 augustus,
1942 2923 2178 2964 Ierusalem
2200 2927 2245 2964 et
2268 2922 2413 2964 Sicilie

232 3010 305 3035 rex
337 2995 513 3050 prelatis
547 2996 841 3047 ecclesiarum,
874 2996 1206 3045 marchionibus,
1241 2995 1483 3045 comitibus,
1516 2994 1832 3042 vavassoribus,
1867 2991 2071 3043 eataneis‚
2104 2991 2409 3046 potestatibus,

229 3064 483 3113 rectoribus,
524 3064 732 3113 consiliis,
767 3065 1019 3106 comunibus
1053 3069 1096 3106 et
1127 3066 1338 3105 universis
1372 3079 1450 3120 per
1481 3065 1680 3105 Tusciam
1714 3062 1960 3104 constitutis
1992 3063 2215 3116 presentes
2246 3060 2414 3101 litteras

230 3133 497 3187 inspecturiS,
530 3132 728 3173 fidelibus
763 3134 863 3178 suis.
899 3134 1080 3187 gratiam
1114 3147 1234 3173 suam
1267 3137 1309 3173 et
1341 3133 1498 3173 bonam
1530 3132 1810 3172 voluntatem.

373 3200 420 3240 In
446 3201 657 3255 imperiali
682 3202 787 3241 solio
811 3203 1045 3252 constituti,
1079 3202 1190 3256 quod
1215 3216 1269 3243 ex
1299 3202 1450 3243 celesti
1473 3201 1795 3256 dispensatione
1818 3199 2002 3240 feliciter
2025 3197 2282 3253 optinemUS,
2315 3197 2413 3238 dum

231 3269 282 3308 ad
316 3269 530 3309 subiectas
566 3270 743 3323 imperio
767 3269 960 3311 Romano
995 3271 1237 3325 provincias
1270 3271 1385 3325 pacis
1409 3275 1452 3310 et
1475 3269 1637 3310 iustitie
1661 3268 1955 3309 moderatione
1980 3265 2191 3321 regendas
2222 3270 2416 3306 nostrum

232 3338 517 3377 convertimus
553 3338 785 3379 clementer
816 3339 1036 3389 intuitum,
1077 3340 1177 3393 quia
1210 3339 1527 3394 presentialiter
1559 3338 1718 3392 ubique
1752 3336 1907 3378 adesse
1940 3349 2023 3376 non
2056 3348 2308 3390 possumus,
2340 3334 2414 3375 ubi

371 3460 455 3494 222³..
490 3460 521 3502 dl,
549 3463 682 3495 Arelate
709 3463 738 3495 1.
764 3462 796 3495 2.
891 3470 920 3505 0)
947 3470 1080 3497 curaret
1099 3464 1127 3496 1.
1146 3463 1177 3497 3.
1196 3463 1227 3498 4.
1322 3464 1355 3505 s)
1382 3464 1627 3507 proditionibus
1652 3462 1683 3495 2.
1778 3461 1812 3503 g)
1837 3462 1981 3494 invitato
2005 3459 2038 3494 4.
2122 3459 2156 3501 h)
2182 3460 2271 3492 deest
2288 3459 2316 3492 1.
2335 3459 2366 3492 3.
2385 3458 2416 3492 4.

231 3518 254 3551 i,
282 3519 505 3551 omnimodam
535 3519 561 3550 1.
678 3518 711 3560 ks·
737 3521 901 3553 libertatis
926 3520 958 3553 4.
1074 3519 1098 3561 ¹)
1125 3522 1216 3554 deest
1239 3521 1270 3554 4.
1365 3522 1406 3561 ¹1¹)
1434 3521 1603 3553 hominem
1631 3520 1659 3551 1.
1685 3518 1716 3551 3.
1742 3518 1774 3552 4.
1877 3519 1910 3559 ¹²)
1937 3524 1969 3551 et
1993 3518 2025 3551 4.
2120 3518 2153 3559 ⁰)
2179 3517 2358 3550 condolere
2384 3515 2414 3549 2.

235 3576 266 3609 If)
296 3587 476 3618 possumus
501 3574 600 3608 2-4,
718 3578 750 3615 q)
787 3578 875 3609 deest
900 3576 930 3609 2.
1070 3580 1098 3617 ῐ)
1125 3579 1242 3610 facins·
1268 3579 1299 3610 2.
1416 3578 1443 3619 S)
1469 3588 1626 3610 excessus
1654 3576 1683 3609 1.
1799 3576 1822 3618 t)
1848 3577 1904 3609 cit.
1929 3582 1962 3609 et
1985 3576 2189 3618 precipimus
2212 3575 2273 3607 tibi
2301 3573 2334 3611 l;
2360 3574 2416 3605 eit.

233 3641 265 3665 ct
292 3634 511 3675 precipientes
537 3634 597 3665 tibi
624 3635 821 3666 mandamus
846 3633 877 3666 4.
972 3641 1003 3675 u)
1029 3635 1155 3667 eiceras
1174 3635 1209 3674 ‘23
1240 3637 1378 3668 eieceris
1399 3635 1428 3667 l.
1444 3635 1474 3667 3.
1571 3634 1601 3675 v)
1627 3635 1802 3679 privamus
1827 3632 1924 3667 2-4.
2020 3631 2060 3675 w)
2086 3634 2126 3664 D.
2146 3638 2208 3664 etc.
2227 3631 2293 3664 des.
2317 3628 2413 3666 1-3,

2445 887 2477 911 10

2446 1227 2477 1252 15

2450 1989 2484 2014 20

2451 2463 2482 2489 25

2451 2810 2484 2835 30

2451 3206 2484 3232 35
