<?xml version="1.0" encoding="UTF-8"?>
<!DOCTYPE html PUBLIC "-//W3C//DTD XHTML 1.0 Transitional//EN"
    "http://www.w3.org/TR/xhtml1/DTD/xhtml1-transitional.dtd">
<html xmlns="http://www.w3.org/1999/xhtml" xml:lang="en" lang="en">
 <head>
  <title>
</title>
<meta http-equiv="Content-Type" content="text/html;charset=utf-8" />
  <meta name='ocr-system' content='tesseract 3.04.00' />
  <meta name='ocr-capabilities' content='ocr_page ocr_carea ocr_par ocr_line ocrx_word'/>
</head>
<body>
  <div class='ocr_page' id='page_1' title='image "./monumentager02geseuoft_0542.png"; bbox 0 0 2558 3970; ppageno 0'>
   <div class='ocr_carea' id='block_1_1' title="bbox 23 3428 87 3453">
    <p class='ocr_par' dir='ltr' id='par_1_1' title="bbox 23 3428 87 3453">
     <span class='ocr_line' id='line_1_1' title="bbox 23 3428 87 3453; baseline 0 0"><span class='ocrx_word' id='word_1_1' title='bbox 23 3428 87 3453; x_wconf 67' lang='lat'>31³2.</span> 
     </span>
    </p>
   </div>
   <div class='ocr_carea' id='block_1_2' title="bbox 175 164 1891 206">
    <p class='ocr_par' dir='ltr' id='par_1_2' title="bbox 175 164 1891 206">
     <span class='ocr_line' id='line_1_2' title="bbox 175 164 1891 206; baseline 0.004 -11"><span class='ocrx_word' id='word_1_2' title='bbox 175 169 254 206; x_wconf 70' lang='lat'>494</span> <span class='ocrx_word' id='word_1_3' title='bbox 617 164 819 198; x_wconf 69' lang='lat' dir='ltr'>ALFONSI</span> <span class='ocrx_word' id='word_1_4' title='bbox 845 165 983 200; x_wconf 77' lang='lat' dir='ltr'>REGIS</span> <span class='ocrx_word' id='word_1_5' title='bbox 1009 165 1435 201; x_wconf 76' lang='lat' dir='ltr'>CONSTITUTIONES.</span> <span class='ocrx_word' id='word_1_6' title='bbox 1486 167 1584 201; x_wconf 75' lang='lat'>1256.</span> <span class='ocrx_word' id='word_1_7' title='bbox 1632 167 1695 201; x_wconf 88' lang='lat' dir='ltr'>Nr.</span> <span class='ocrx_word' id='word_1_8' title='bbox 1714 167 1790 201; x_wconf 87' lang='lat'>393.</span> <span class='ocrx_word' id='word_1_9' title='bbox 1814 168 1891 202; x_wconf 88' lang='lat'>394.</span> 
     </span>
    </p>
   </div>
   <div class='ocr_carea' id='block_1_3' title="bbox 169 278 2347 1435">
    <p class='ocr_par' dir='ltr' id='par_1_3' title="bbox 174 278 2345 542">
     <span class='ocr_line' id='line_1_3' title="bbox 175 278 2344 337; baseline 0.004 -22"><span class='ocrx_word' id='word_1_10' title='bbox 175 290 345 333; x_wconf 71' lang='lat' dir='ltr'>potuum</span> <span class='ocrx_word' id='word_1_11' title='bbox 391 278 724 319; x_wconf 73' lang='lat' dir='ltr'>conservandam</span> <span class='ocrx_word' id='word_1_12' title='bbox 770 279 962 333; x_wconf 87' lang='lat' dir='ltr'>prefatus</span> <span class='ocrx_word' id='word_1_13' title='bbox 1009 280 1204 321; x_wconf 86' lang='lat' dir='ltr'>dominus</span> <span class='ocrx_word' id='word_1_14' title='bbox 1247 282 1480 337; x_wconf 87' lang='lat' dir='ltr'>imperator</span> <span class='ocrx_word' id='word_1_15' title='bbox 1523 287 1566 324; x_wconf 91' lang='lat' dir='ltr'>ct</span> <span class='ocrx_word' id='word_1_16' title='bbox 1607 282 1744 324; x_wconf 88' lang='lat' dir='ltr'>dictus</span> <span class='ocrx_word' id='word_1_17' title='bbox 1794 282 1980 323; x_wconf 77' lang='lat' dir='ltr'>sindicus</span> <span class='ocrx_word' id='word_1_18' title='bbox 2019 296 2086 323; x_wconf 88' lang='lat' dir='ltr'>me</span> <span class='ocrx_word' id='word_1_19' title='bbox 2124 283 2344 324; x_wconf 87' lang='lat' dir='ltr'>Matheum</span> 
     </span>
     <span class='ocr_line' id='line_1_4' title="bbox 174 346 2344 407; baseline 0.003 -21"><span class='ocrx_word' id='word_1_20' title='bbox 174 348 383 387; x_wconf 82' lang='lat' dir='ltr'>notarium</span> <span class='ocrx_word' id='word_1_21' title='bbox 416 347 547 386; x_wconf 76' lang='lat' dir='ltr'>tilium</span> <span class='ocrx_word' id='word_1_22' title='bbox 581 346 792 401; x_wconf 89' lang='lat' dir='ltr'>quondam</span> <span class='ocrx_word' id='word_1_23' title='bbox 829 347 961 388; x_wconf 81' lang='lat' dir='ltr'>Saluii</span> <span class='ocrx_word' id='word_1_24' title='bbox 995 348 1046 390; x_wconf 89' lang='lat' dir='ltr'>de</span> <span class='ocrx_word' id='word_1_25' title='bbox 1081 350 1254 391; x_wconf 82' lang='lat' dir='ltr'>civitate</span> <span class='ocrx_word' id='word_1_26' title='bbox 1286 351 1481 392; x_wconf 89' lang='lat' dir='ltr'>Pisarum</span> <span class='ocrx_word' id='word_1_27' title='bbox 1514 351 1566 391; x_wconf 90' lang='lat' dir='ltr'>de</span> <span class='ocrx_word' id='word_1_28' title='bbox 1597 352 1777 406; x_wconf 87' lang='lat' dir='ltr'>prefatis</span> <span class='ocrx_word' id='word_1_29' title='bbox 1811 352 2030 402; x_wconf 84' lang='lat' dir='ltr'>omnibus,</span> <span class='ocrx_word' id='word_1_30' title='bbox 2070 355 2115 392; x_wconf 86' lang='lat' dir='ltr'>ut</span> <span class='ocrx_word' id='word_1_31' title='bbox 2147 352 2344 407; x_wconf 90' lang='lat' dir='ltr'>superius</span> 
     </span>
     <span class='ocr_line' id='line_1_5' title="bbox 175 416 2345 475; baseline 0.003 -21"><span class='ocrx_word' id='word_1_32' title='bbox 175 416 330 469; x_wconf 71' lang='lat' dir='ltr'>scripta</span> <span class='ocrx_word' id='word_1_33' title='bbox 365 419 479 455; x_wconf 86' lang='lat' dir='ltr'>sunt.</span> <span class='ocrx_word' id='word_1_34' title='bbox 521 420 680 455; x_wconf 81' lang='lat' dir='ltr'>cartam</span> <span class='ocrx_word' id='word_1_35' title='bbox 715 421 757 456; x_wconf 88' lang='lat' dir='ltr'>et</span> <span class='ocrx_word' id='word_1_36' title='bbox 789 416 946 456; x_wconf 84' lang='lat' dir='ltr'>cartas¹</span> <span class='ocrx_word' id='word_1_37' title='bbox 978 417 1171 471; x_wconf 89' lang='lat' dir='ltr'>publicas</span> <span class='ocrx_word' id='word_1_38' title='bbox 1215 432 1343 459; x_wconf 86' lang='lat' dir='ltr'>unam</span> <span class='ocrx_word' id='word_1_39' title='bbox 1376 424 1417 460; x_wconf 88' lang='lat' dir='ltr'>et</span> <span class='ocrx_word' id='word_1_40' title='bbox 1455 420 1599 474; x_wconf 87' lang='lat' dir='ltr'>plures</span> <span class='ocrx_word' id='word_1_41' title='bbox 1641 420 1774 461; x_wconf 88' lang='lat' dir='ltr'>semel</span> <span class='ocrx_word' id='word_1_42' title='bbox 1808 424 1850 461; x_wconf 89' lang='lat' dir='ltr'>et</span> <span class='ocrx_word' id='word_1_43' title='bbox 1888 420 2046 475; x_wconf 90' lang='lat' dir='ltr'>pluries</span> <span class='ocrx_word' id='word_1_44' title='bbox 2081 420 2270 461; x_wconf 89' lang='lat' dir='ltr'>scribere</span> <span class='ocrx_word' id='word_1_45' title='bbox 2303 425 2345 460; x_wconf 87' lang='lat' dir='ltr'>et</span> 
     </span>
     <span class='ocr_line' id='line_1_6' title="bbox 174 483 1676 542; baseline 0.004 -19"><span class='ocrx_word' id='word_1_46' title='bbox 174 484 460 523; x_wconf 75' lang='lat' dir='ltr'>contii-mareln</span> <span class='ocrx_word' id='word_1_47' title='bbox 492 488 534 523; x_wconf 92' lang='lat' dir='ltr'>et</span> <span class='ocrx_word' id='word_1_48' title='bbox 567 484 609 523; x_wconf 92' lang='lat' dir='ltr'>in</span> <span class='ocrx_word' id='word_1_49' title='bbox 641 483 855 537; x_wconf 74' lang='lat' dir='ltr'>publicam</span> <span class='ocrx_word' id='word_1_50' title='bbox 889 486 1140 540; x_wconf 78' lang='lat' dir='ltr'>scripturam</span> <span class='ocrx_word' id='word_1_51' title='bbox 1174 487 1371 542; x_wconf 79' lang='lat' dir='ltr'>redigere</span> <span class='ocrx_word' id='word_1_52' title='bbox 1404 491 1676 541; x_wconf 84' lang='lat' dir='ltr'>rogaverunt.</span> 
     </span>
    </p>

    <p class='ocr_par' dir='ltr' id='par_1_4' title="bbox 170 552 2347 1161">
     <span class='ocr_line' id='line_1_7' title="bbox 313 552 2345 612; baseline 0.003 -21"><span class='ocrx_word' id='word_1_53' title='bbox 313 552 423 592; x_wconf 81' lang='lat' dir='ltr'>Acta</span> <span class='ocrx_word' id='word_1_54' title='bbox 456 556 552 592; x_wconf 89' lang='lat' dir='ltr'>sunt</span> <span class='ocrx_word' id='word_1_55' title='bbox 585 552 662 592; x_wconf 88' lang='lat' dir='ltr'>hec</span> <span class='ocrx_word' id='word_1_56' title='bbox 695 553 836 593; x_wconf 87' lang='lat' dir='ltr'>omnia</span> <span class='ocrx_word' id='word_1_57' title='bbox 868 554 908 593; x_wconf 92' lang='lat' dir='ltr'>in</span> <span class='ocrx_word' id='word_1_58' title='bbox 942 555 1041 594; x_wconf 87' lang='lat' dir='ltr'>villa</span> <span class='ocrx_word' id='word_1_59' title='bbox 1073 554 1126 595; x_wconf 88' lang='lat' dir='ltr'>de</span> <span class='ocrx_word' id='word_1_60' title='bbox 1161 554 1283 597; x_wconf 79' lang='lat' dir='ltr'>soria</span> <span class='ocrx_word' id='word_1_61' title='bbox 1314 556 1365 597; x_wconf 90' lang='lat' dir='ltr'>de</span> <span class='ocrx_word' id='word_1_62' title='bbox 1389 556 1583 611; x_wconf 85' lang='lat' dir='ltr'>Yspania</span> <span class='ocrx_word' id='word_1_63' title='bbox 1606 556 1727 611; x_wconf 85' lang='lat' dir='ltr'>regni</span> <span class='ocrx_word' id='word_1_64' title='bbox 1751 555 1937 598; x_wconf 82' lang='lat' dir='ltr'>Castelle</span> <span class='ocrx_word' id='word_1_65' title='bbox 1960 556 2004 596; x_wconf 89' lang='lat' dir='ltr'>in</span> <span class='ocrx_word' id='word_1_66' title='bbox 2027 557 2187 611; x_wconf 83' lang='lat' dir='ltr'>palatio</span> <span class='ocrx_word' id='word_1_67' title='bbox 2212 558 2345 612; x_wconf 86' lang='lat' dir='ltr'>regali</span> 
     </span>
     <span class='ocr_line' id='line_1_8' title="bbox 173 619 2346 681; baseline 0.003 -21"><span class='ocrx_word' id='word_1_68' title='bbox 173 620 447 674; x_wconf 71' lang='lat' dir='ltr'>suprascripti</span> <span class='ocrx_word' id='word_1_69' title='bbox 487 619 645 660; x_wconf 89' lang='lat' dir='ltr'>domini</span> <span class='ocrx_word' id='word_1_70' title='bbox 687 621 800 675; x_wconf 81' lang='lat' dir='ltr'>regis</span> <span class='ocrx_word' id='word_1_71' title='bbox 840 622 881 662; x_wconf 90' lang='lat' dir='ltr'>in</span> <span class='ocrx_word' id='word_1_72' title='bbox 920 624 1141 677; x_wconf 82' lang='lat' dir='ltr'>presentia</span> <span class='ocrx_word' id='word_1_73' title='bbox 1180 638 1276 665; x_wconf 89' lang='lat' dir='ltr'>mea</span> <span class='ocrx_word' id='word_1_74' title='bbox 1308 625 1469 666; x_wconf 88' lang='lat' dir='ltr'>Mathei</span> <span class='ocrx_word' id='word_1_75' title='bbox 1506 626 1660 666; x_wconf 85' lang='lat' dir='ltr'>notarii</span> <span class='ocrx_word' id='word_1_76' title='bbox 1700 625 1935 681; x_wconf 79' lang='lat' dir='ltr'>supradicti</span> <span class='ocrx_word' id='word_1_77' title='bbox 1975 626 2089 666; x_wconf 90' lang='lat' dir='ltr'>etin</span> <span class='ocrx_word' id='word_1_78' title='bbox 2128 626 2346 681; x_wconf 84' lang='lat' dir='ltr'>presentia</span> 
     </span>
     <span class='ocr_line' id='line_1_9' title="bbox 173 688 2347 749; baseline 0.003 -21"><span class='ocrx_word' id='word_1_79' title='bbox 173 689 436 729; x_wconf 84' lang='lat' dir='ltr'>dominorum</span> <span class='ocrx_word' id='word_1_80' title='bbox 471 688 614 728; x_wconf 87' lang='lat' dir='ltr'>fratris</span> <span class='ocrx_word' id='word_1_81' title='bbox 649 688 854 744; x_wconf 80' lang='lat' dir='ltr'>Stephani</span> <span class='ocrx_word' id='word_1_82' title='bbox 889 690 940 731; x_wconf 90' lang='lat' dir='ltr'>de</span> <span class='ocrx_word' id='word_1_83' title='bbox 973 691 1120 732; x_wconf 87' lang='lat' dir='ltr'>ordine</span> <span class='ocrx_word' id='word_1_84' title='bbox 1153 692 1330 733; x_wconf 85' lang='lat' dir='ltr'>fratrum</span> <span class='ocrx_word' id='word_1_85' title='bbox 1363 692 1686 735; x_wconf 86' lang='lat' dir='ltr'>Predicatorum</span> <span class='ocrx_word' id='word_1_86' title='bbox 1719 693 2029 749; x_wconf 90' lang='lat' dir='ltr'>archiepiscopi</span> <span class='ocrx_word' id='word_1_87' title='bbox 2054 693 2271 735; x_wconf 85' lang='lat' dir='ltr'>Turritani</span> <span class='ocrx_word' id='word_1_88' title='bbox 2304 698 2347 735; x_wconf 89' lang='lat' dir='ltr'>et</span> 
     </span>
     <span class='ocr_line' id='line_1_10' title="bbox 172 756 2345 818; baseline 0.004 -22"><span class='ocrx_word' id='word_1_89' title='bbox 172 757 314 797; x_wconf 84' lang='lat' dir='ltr'>fratris</span> <span class='ocrx_word' id='word_1_90' title='bbox 346 756 568 798; x_wconf 86' lang='lat' dir='ltr'>Laurentii</span> <span class='ocrx_word' id='word_1_91' title='bbox 607 757 658 797; x_wconf 90' lang='lat' dir='ltr'>dc</span> <span class='ocrx_word' id='word_1_92' title='bbox 690 757 941 813; x_wconf 82' lang='lat' dir='ltr'>Portugalia</span> <span class='ocrx_word' id='word_1_93' title='bbox 985 760 1037 801; x_wconf 93' lang='lat' dir='ltr'>de</span> <span class='ocrx_word' id='word_1_94' title='bbox 1070 760 1215 802; x_wconf 88' lang='lat' dir='ltr'>ordine</span> <span class='ocrx_word' id='word_1_95' title='bbox 1258 762 1437 803; x_wconf 81' lang='lat' dir='ltr'>fratrum</span> <span class='ocrx_word' id='word_1_96' title='bbox 1470 762 1684 803; x_wconf 91' lang='lat' dir='ltr'>Minorum</span> <span class='ocrx_word' id='word_1_97' title='bbox 1717 763 2006 818; x_wconf 87' lang='lat' dir='ltr'>penitentiarii</span> <span class='ocrx_word' id='word_1_98' title='bbox 2042 762 2203 803; x_wconf 90' lang='lat' dir='ltr'>domini</span> <span class='ocrx_word' id='word_1_99' title='bbox 2233 776 2345 818; x_wconf 86' lang='lat' dir='ltr'>pape</span> 
     </span>
     <span class='ocr_line' id='line_1_11' title="bbox 171 827 2346 887; baseline 0.003 -21"><span class='ocrx_word' id='word_1_100' title='bbox 171 833 212 867; x_wconf 76' lang='lat' dir='ltr'>ct</span> <span class='ocrx_word' id='word_1_101' title='bbox 251 827 567 882; x_wconf 84' lang='lat' dir='ltr'>prosecutoris¹¹</span> <span class='ocrx_word' id='word_1_102' title='bbox 606 827 741 868; x_wconf 82' lang='lat' dir='ltr'>crucis</span> <span class='ocrx_word' id='word_1_103' title='bbox 781 829 939 882; x_wconf 85' lang='lat' dir='ltr'>negotii</span> <span class='ocrx_word' id='word_1_104' title='bbox 979 829 1020 869; x_wconf 93' lang='lat' dir='ltr'>in</span> <span class='ocrx_word' id='word_1_105' title='bbox 1062 833 1154 871; x_wconf 88' lang='lat' dir='ltr'>tota</span> <span class='ocrx_word' id='word_1_106' title='bbox 1186 830 1378 886; x_wconf 87' lang='lat' dir='ltr'>Yspania</span> <span class='ocrx_word' id='word_1_107' title='bbox 1418 835 1461 872; x_wconf 88' lang='lat' dir='ltr'>et</span> <span class='ocrx_word' id='word_1_108' title='bbox 1502 831 1641 873; x_wconf 82' lang='lat' dir='ltr'>Suerii</span> <span class='ocrx_word' id='word_1_109' title='bbox 1681 832 1800 873; x_wconf 88' lang='lat' dir='ltr'>Petri</span> <span class='ocrx_word' id='word_1_110' title='bbox 1842 831 2034 887; x_wconf 82' lang='lat' dir='ltr'>episcopi</span> <span class='ocrx_word' id='word_1_111' title='bbox 2076 830 2128 872; x_wconf 89' lang='lat' dir='ltr'>de</span> <span class='ocrx_word' id='word_1_112' title='bbox 2161 830 2346 872; x_wconf 87' lang='lat' dir='ltr'>Zamora</span> 
     </span>
     <span class='ocr_line' id='line_1_12' title="bbox 171 895 2343 953; baseline 0.003 -19"><span class='ocrx_word' id='word_1_113' title='bbox 171 896 251 935; x_wconf 86' lang='lat' dir='ltr'>iam</span> <span class='ocrx_word' id='word_1_114' title='bbox 285 895 384 936; x_wconf 88' lang='lat' dir='ltr'>dicti</span> <span class='ocrx_word' id='word_1_115' title='bbox 419 895 576 936; x_wconf 89' lang='lat' dir='ltr'>domini</span> <span class='ocrx_word' id='word_1_116' title='bbox 607 896 720 950; x_wconf 84' lang='lat' dir='ltr'>regis</span> <span class='ocrx_word' id='word_1_117' title='bbox 764 897 917 937; x_wconf 91' lang='lat' dir='ltr'>notarii</span> <span class='ocrx_word' id='word_1_118' title='bbox 950 901 993 938; x_wconf 90' lang='lat' dir='ltr'>et</span> <span class='ocrx_word' id='word_1_119' title='bbox 1024 896 1203 940; x_wconf 87' lang='lat' dir='ltr'>Garthic</span> <span class='ocrx_word' id='word_1_120' title='bbox 1235 899 1354 940; x_wconf 83' lang='lat' dir='ltr'>Petri</span> <span class='ocrx_word' id='word_1_121' title='bbox 1392 899 1683 942; x_wconf 82' lang='lat' dir='ltr'>archidiaconi</span> <span class='ocrx_word' id='word_1_122' title='bbox 1715 899 2044 953; x_wconf 21' lang='lat' dir='ltr'>Marroc-hitani,</span> <span class='ocrx_word' id='word_1_123' title='bbox 2084 900 2259 941; x_wconf 88' lang='lat' dir='ltr'>testium</span> <span class='ocrx_word' id='word_1_124' title='bbox 2290 898 2343 940; x_wconf 87' lang='lat' dir='ltr'>ad</span> 
     </span>
     <span class='ocr_line' id='line_1_13' title="bbox 170 964 2344 1018; baseline 0.002 -14"><span class='ocrx_word' id='word_1_125' title='bbox 170 964 248 1004; x_wconf 80' lang='lat' dir='ltr'>hec</span> <span class='ocrx_word' id='word_1_126' title='bbox 282 964 526 1018; x_wconf 82' lang='lat' dir='ltr'>specialiter</span> <span class='ocrx_word' id='word_1_127' title='bbox 559 964 795 1005; x_wconf 90' lang='lat' dir='ltr'>electorum</span> <span class='ocrx_word' id='word_1_128' title='bbox 827 971 870 1006; x_wconf 88' lang='lat' dir='ltr'>et</span> <span class='ocrx_word' id='word_1_129' title='bbox 899 970 1163 1013; x_wconf 73' lang='lat' dir='ltr'>vocatorum,</span> <span class='ocrx_word' id='word_1_130' title='bbox 1195 967 1408 1009; x_wconf 91' lang='lat' dir='ltr'>dominice</span> <span class='ocrx_word' id='word_1_131' title='bbox 1442 969 1747 1010; x_wconf 82' lang='lat' dir='ltr'>incarnationis</span> <span class='ocrx_word' id='word_1_132' title='bbox 1779 982 1890 1009; x_wconf 90' lang='lat' dir='ltr'>anno</span> <span class='ocrx_word' id='word_1_133' title='bbox 1923 968 2152 1009; x_wconf 86' lang='lat' dir='ltr'>millesimo</span> <span class='ocrx_word' id='word_1_134' title='bbox 2185 967 2344 1009; x_wconf 90' lang='lat' dir='ltr'>ducen-</span> 
     </span>
     <span class='ocr_line' id='line_1_14' title="bbox 170 1032 2346 1091; baseline 0.002 -19"><span class='ocrx_word' id='word_1_135' title='bbox 170 1032 319 1073; x_wconf 83' lang='lat' dir='ltr'>tesimo</span> <span class='ocrx_word' id='word_1_136' title='bbox 353 1033 706 1087; x_wconf 85' lang='lat' dir='ltr'>quinquagesimo</span> <span class='ocrx_word' id='word_1_137' title='bbox 748 1038 871 1074; x_wconf 82' lang='lat' dir='ltr'>sexto</span> <span class='ocrx_word' id='word_1_138' title='bbox 910 1034 1142 1075; x_wconf 90' lang='lat' dir='ltr'>secundum</span> <span class='ocrx_word' id='word_1_139' title='bbox 1176 1049 1345 1076; x_wconf 91' lang='lat' dir='ltr'>cursum</span> <span class='ocrx_word' id='word_1_140' title='bbox 1378 1035 1577 1077; x_wconf 87' lang='lat' dir='ltr'>Pisarum</span> <span class='ocrx_word' id='word_1_141' title='bbox 1610 1040 1653 1078; x_wconf 90' lang='lat' dir='ltr'>et</span> <span class='ocrx_word' id='word_1_142' title='bbox 1686 1035 1922 1078; x_wconf 88' lang='lat' dir='ltr'>secundum</span> <span class='ocrx_word' id='word_1_143' title='bbox 1955 1049 2125 1077; x_wconf 88' lang='lat' dir='ltr'>cursum</span> <span class='ocrx_word' id='word_1_144' title='bbox 2153 1035 2346 1091; x_wconf 87' lang='lat' dir='ltr'>Yspanie</span> 
     </span>
     <span class='ocr_line' id='line_1_15' title="bbox 171 1102 2043 1161; baseline 0.002 -17"><span class='ocrx_word' id='word_1_145' title='bbox 171 1102 522 1158; x_wconf 83' lang='lat' dir='ltr'>quinquagesimo</span> <span class='ocrx_word' id='word_1_146' title='bbox 556 1102 719 1156; x_wconf 79' lang='lat' dir='ltr'>quinto,</span> <span class='ocrx_word' id='word_1_147' title='bbox 752 1103 986 1144; x_wconf 89' lang='lat' dir='ltr'>indictione</span> <span class='ocrx_word' id='word_1_148' title='bbox 1020 1103 1354 1158; x_wconf 86' lang='lat' dir='ltr'>quartadecima,</span> <span class='ocrx_word' id='word_1_149' title='bbox 1389 1105 1704 1160; x_wconf 89' lang='lat' dir='ltr'>quintodecimo</span> <span class='ocrx_word' id='word_1_150' title='bbox 1736 1105 1833 1147; x_wconf 83' lang='lat' dir='ltr'>Kal.</span> <span class='ocrx_word' id='word_1_151' title='bbox 1867 1104 2043 1161; x_wconf 82' lang='lat' dir='ltr'>Aprilis.</span> 
     </span>
    </p>

    <p class='ocr_par' dir='ltr' id='par_1_5' title="bbox 169 1169 2345 1435">
     <span class='ocr_line' id='line_1_16' title="bbox 312 1169 2345 1227; baseline 0.002 -16"><span class='ocrx_word' id='word_1_152' title='bbox 312 1171 375 1225; x_wconf 47' lang='lat' dir='ltr'>(S.</span> <span class='ocrx_word' id='word_1_153' title='bbox 399 1169 472 1224; x_wconf 82' lang='lat' dir='ltr'>N.)</span> <span class='ocrx_word' id='word_1_154' title='bbox 516 1170 608 1224; x_wconf 82' lang='lat' dir='ltr'>Ego</span> <span class='ocrx_word' id='word_1_155' title='bbox 642 1171 841 1212; x_wconf 77' lang='lat' dir='ltr'>Matheus</span> <span class='ocrx_word' id='word_1_156' title='bbox 874 1171 1008 1213; x_wconf 83' lang='lat' dir='ltr'>Saluii</span> <span class='ocrx_word' id='word_1_157' title='bbox 1047 1172 1259 1227; x_wconf 90' lang='lat' dir='ltr'>quondam</span> <span class='ocrx_word' id='word_1_158' title='bbox 1292 1173 1423 1225; x_wconf 88' lang='lat' dir='ltr'>filius,</span> <span class='ocrx_word' id='word_1_159' title='bbox 1466 1173 1626 1215; x_wconf 88' lang='lat' dir='ltr'>domini</span> <span class='ocrx_word' id='word_1_160' title='bbox 1657 1173 1727 1216; x_wconf 82' lang='lat' dir='ltr'>Fr.</span> <span class='ocrx_word' id='word_1_161' title='bbox 1761 1174 2024 1216; x_wconf 83' lang='lat' dir='ltr'>serenissimi</span> <span class='ocrx_word' id='word_1_162' title='bbox 2056 1174 2345 1216; x_wconf 86' lang='lat' dir='ltr'>Romanorum</span> 
     </span>
     <span class='ocr_line' id='line_1_17' title="bbox 170 1240 2344 1299; baseline 0.002 -19"><span class='ocrx_word' id='word_1_163' title='bbox 170 1240 438 1295; x_wconf 85' lang='lat' dir='ltr'>imperatoris</span> <span class='ocrx_word' id='word_1_164' title='bbox 478 1240 686 1286; x_wconf 77' lang='lat' dir='ltr'>notarius,</span> <span class='ocrx_word' id='word_1_165' title='bbox 724 1240 925 1295; x_wconf 86' lang='lat' dir='ltr'>predictis</span> <span class='ocrx_word' id='word_1_166' title='bbox 965 1241 1160 1283; x_wconf 91' lang='lat' dir='ltr'>omnibus</span> <span class='ocrx_word' id='word_1_167' title='bbox 1201 1242 1375 1283; x_wconf 89' lang='lat' dir='ltr'>interfui</span> <span class='ocrx_word' id='word_1_168' title='bbox 1415 1246 1458 1284; x_wconf 91' lang='lat' dir='ltr'>et</span> <span class='ocrx_word' id='word_1_169' title='bbox 1500 1243 1580 1284; x_wconf 92' lang='lat' dir='ltr'>hec</span> <span class='ocrx_word' id='word_1_170' title='bbox 1613 1243 1755 1284; x_wconf 89' lang='lat' dir='ltr'>omnia</span> <span class='ocrx_word' id='word_1_171' title='bbox 1789 1247 1939 1298; x_wconf 85' lang='lat' dir='ltr'>rogatu</span> <span class='ocrx_word' id='word_1_172' title='bbox 1971 1243 2151 1299; x_wconf 89' lang='lat' dir='ltr'>predicti</span> <span class='ocrx_word' id='word_1_173' title='bbox 2185 1244 2344 1285; x_wconf 86' lang='lat' dir='ltr'>domini</span> 
     </span>
     <span class='ocr_line' id='line_1_18' title="bbox 170 1308 2345 1368; baseline 0.003 -20"><span class='ocrx_word' id='word_1_174' title='bbox 170 1309 334 1349; x_wconf 77' lang='lat' dir='ltr'>Alfousi</span> <span class='ocrx_word' id='word_1_175' title='bbox 367 1309 408 1348; x_wconf 93' lang='lat' dir='ltr'>in</span> <span class='ocrx_word' id='word_1_176' title='bbox 441 1308 728 1349; x_wconf 86' lang='lat' dir='ltr'>Romanorum</span> <span class='ocrx_word' id='word_1_177' title='bbox 768 1322 912 1363; x_wconf 84' lang='lat' dir='ltr'>regem</span> <span class='ocrx_word' id='word_1_178' title='bbox 947 1314 990 1351; x_wconf 91' lang='lat' dir='ltr'>et</span> <span class='ocrx_word' id='word_1_179' title='bbox 1021 1310 1062 1351; x_wconf 93' lang='lat' dir='ltr'>in</span> <span class='ocrx_word' id='word_1_180' title='bbox 1105 1311 1410 1365; x_wconf 87' lang='lat' dir='ltr'>imperatorem</span> <span class='ocrx_word' id='word_1_181' title='bbox 1449 1312 1574 1353; x_wconf 89' lang='lat' dir='ltr'>electi</span> <span class='ocrx_word' id='word_1_182' title='bbox 1608 1315 1651 1354; x_wconf 91' lang='lat' dir='ltr'>et</span> <span class='ocrx_word' id='word_1_183' title='bbox 1694 1312 1849 1368; x_wconf 90' lang='lat' dir='ltr'>prefati</span> <span class='ocrx_word' id='word_1_184' title='bbox 1882 1312 2034 1354; x_wconf 89' lang='lat' dir='ltr'>sindici</span> <span class='ocrx_word' id='word_1_185' title='bbox 2067 1313 2119 1354; x_wconf 89' lang='lat' dir='ltr'>ad</span> <span class='ocrx_word' id='word_1_186' title='bbox 2151 1314 2345 1355; x_wconf 88' lang='lat' dir='ltr'>veritatis</span> 
     </span>
     <span class='ocr_line' id='line_1_19' title="bbox 169 1377 1889 1435; baseline 0.003 -19"><span class='ocrx_word' id='word_1_187' title='bbox 169 1377 417 1417; x_wconf 74' lang='lat' dir='ltr'>memoriam</span> <span class='ocrx_word' id='word_1_188' title='bbox 451 1381 656 1432; x_wconf 88' lang='lat' dir='ltr'>perpetuo</span> <span class='ocrx_word' id='word_1_189' title='bbox 691 1378 1029 1420; x_wconf 87' lang='lat' dir='ltr'>conservandam</span> <span class='ocrx_word' id='word_1_190' title='bbox 1063 1379 1212 1435; x_wconf 89' lang='lat' dir='ltr'>scripsi</span> <span class='ocrx_word' id='word_1_191' title='bbox 1244 1384 1286 1420; x_wconf 91' lang='lat' dir='ltr'>et</span> <span class='ocrx_word' id='word_1_192' title='bbox 1316 1393 1412 1421; x_wconf 90' lang='lat' dir='ltr'>meo</span> <span class='ocrx_word' id='word_1_193' title='bbox 1447 1381 1568 1435; x_wconf 86' lang='lat' dir='ltr'>signo</span> <span class='ocrx_word' id='word_1_194' title='bbox 1603 1380 1889 1423; x_wconf 81' lang='lat' dir='ltr'>confirmavi0.</span> 
     </span>
    </p>
   </div>
   <div class='ocr_carea' id='block_1_4' title="bbox 515 1581 2001 1628">
    <p class='ocr_par' dir='ltr' id='par_1_6' title="bbox 515 1581 2001 1628">
     <span class='ocr_line' id='line_1_20' title="bbox 515 1581 2001 1628; baseline 0.002 -5"><span class='ocrx_word' id='word_1_195' title='bbox 515 1581 615 1624; x_wconf 77' lang='lat'>394.</span> <span class='ocrx_word' id='word_1_196' title='bbox 656 1582 918 1625; x_wconf 78' lang='lat' dir='ltr'><em>PACTUM</em></span> <span class='ocrx_word' id='word_1_197' title='bbox 941 1584 1217 1627; x_wconf 79' lang='lat' dir='ltr'><strong><em>ALFONSI</em></strong></span> <span class='ocrx_word' id='word_1_198' title='bbox 1239 1585 1323 1626; x_wconf 81' lang='lat' dir='ltr'>ET</span> <span class='ocrx_word' id='word_1_199' title='bbox 1348 1584 1725 1628; x_wconf 80' lang='lat' dir='ltr'><strong><em>PISANORUM.</em></strong></span> <span class='ocrx_word' id='word_1_200' title='bbox 1777 1585 1911 1627; x_wconf 72' lang='lat' dir='ltr'>Mart.</span> <span class='ocrx_word' id='word_1_201' title='bbox 1936 1588 2001 1627; x_wconf 85' lang='grc'>18.</span> 
     </span>
    </p>
   </div>
   <div class='ocr_carea' id='block_1_5' title="bbox 169 1662 2348 1860">
    <p class='ocr_par' dir='ltr' id='par_1_7' title="bbox 169 1662 2348 1860">
     <span class='ocr_line' id='line_1_21' title="bbox 311 1662 2348 1720; baseline 0.003 -18"><span class='ocrx_word' id='word_1_202' title='bbox 311 1662 380 1703; x_wconf 76' lang='lat' dir='ltr'>Er</span> <span class='ocrx_word' id='word_1_203' title='bbox 410 1663 665 1716; x_wconf 62' lang='lat' dir='ltr'>autographo</span> <span class='ocrx_word' id='word_1_204' title='bbox 702 1664 905 1705; x_wconf 65' lang='lat' dir='ltr'>tabularii</span> <span class='ocrx_word' id='word_1_205' title='bbox 942 1665 1045 1718; x_wconf 69' lang='lat' dir='ltr'>reqiz&#39;</span> <span class='ocrx_word' id='word_1_206' title='bbox 1076 1664 1249 1716; x_wconf 47' lang='lat' dir='ltr'>Pisamy</span> <span class='ocrx_word' id='word_1_207' title='bbox 1279 1679 1315 1717; x_wconf 66' lang='grc' dir='ltr'>υ,</span> <span class='ocrx_word' id='word_1_208' title='bbox 1348 1666 1404 1707; x_wconf 78' lang='lat' dir='ltr'>acl</span> <span class='ocrx_word' id='word_1_209' title='bbox 1431 1679 1497 1708; x_wconf 73' lang='lat' dir='ltr'>nr.</span> <span class='ocrx_word' id='word_1_210' title='bbox 1520 1667 1617 1709; x_wconf 77' lang='lat'><em>392.</em></span> <span class='ocrx_word' id='word_1_211' title='bbox 1678 1666 1979 1720; x_wconf 70' lang='lat' dir='ltr'>Autogyraphon</span> <span class='ocrx_word' id='word_1_212' title='bbox 2008 1666 2198 1708; x_wconf 75' lang='lat' dir='ltr'>adhibuit</span> <span class='ocrx_word' id='word_1_213' title='bbox 2225 1666 2348 1708; x_wconf 75' lang='lat' dir='ltr'>etiam</span> 
     </span>
     <span class='ocr_line' id='line_1_22' title="bbox 169 1730 2246 1788; baseline 0.002 -16"><span class='ocrx_word' id='word_1_214' title='bbox 169 1731 227 1773; x_wconf 79' lang='lat' dir='ltr'>St.</span> <span class='ocrx_word' id='word_1_215' title='bbox 252 1730 389 1772; x_wconf 73' lang='lat' dir='ltr'>Priest</span> <span class='ocrx_word' id='word_1_216' title='bbox 420 1731 617 1773; x_wconf 67' lang='lat' dir='ltr'>‘Histoire</span> <span class='ocrx_word' id='word_1_217' title='bbox 647 1732 694 1773; x_wconf 77' lang='lat' dir='ltr'>cle</span> <span class='ocrx_word' id='word_1_218' title='bbox 725 1733 767 1773; x_wconf 78' lang='lat' dir='ltr'>Ia</span> <span class='ocrx_word' id='word_1_219' title='bbox 798 1736 989 1786; x_wconf 65' lang='lat' dir='ltr'>conquetc</span> <span class='ocrx_word' id='word_1_220' title='bbox 1019 1733 1067 1774; x_wconf 75' lang='lat' dir='ltr'>de</span> <span class='ocrx_word' id='word_1_221' title='bbox 1097 1733 1267 1786; x_wconf 75' lang='lat' dir='ltr'>Naples’</span> <span class='ocrx_word' id='word_1_222' title='bbox 1301 1734 1338 1785; x_wconf 88' lang='lat' dir='ltr'>I,</span> <span class='ocrx_word' id='word_1_223' title='bbox 1360 1735 1456 1776; x_wconf 82' lang='lat'><em>353.</em></span> <span class='ocrx_word' id='word_1_224' title='bbox 1489 1760 1543 1764; x_wconf 93' lang='lat'>——</span> <span class='ocrx_word' id='word_1_225' title='bbox 1574 1734 1766 1786; x_wconf 67' lang='lat' dir='ltr'>Bolmzer,</span> <span class='ocrx_word' id='word_1_226' title='bbox 1799 1734 1897 1788; x_wconf 71' lang='lat' dir='ltr'>Req.</span> <span class='ocrx_word' id='word_1_227' title='bbox 1931 1736 2026 1787; x_wconf 75' lang='lat' dir='ltr'>imp.</span> <span class='ocrx_word' id='word_1_228' title='bbox 2059 1736 2101 1786; x_wconf 83' lang='lat' dir='ltr'>V,</span> <span class='ocrx_word' id='word_1_229' title='bbox 2124 1736 2246 1777; x_wconf 73' lang='lat'><em>5486.</em></span> 
     </span>
     <span class='ocr_line' id='line_1_23' title="bbox 1914 1803 2148 1860; baseline 0 -15"><span class='ocrx_word' id='word_1_230' title='bbox 1914 1803 1984 1857; x_wconf 90' lang='lat' dir='ltr'>(P.</span> <span class='ocrx_word' id='word_1_231' title='bbox 2006 1804 2148 1860; x_wconf 73' lang='lat' dir='ltr'>deest.)</span> 
     </span>
    </p>
   </div>
   <div class='ocr_carea' id='block_1_6' title="bbox 163 1903 2347 3405">
    <p class='ocr_par' dir='ltr' id='par_1_8' title="bbox 163 1903 2347 3405">
     <span class='ocr_line' id='line_1_24' title="bbox 312 1903 2347 1963; baseline 0.003 -20"><span class='ocrx_word' id='word_1_232' title='bbox 312 1903 359 1943; x_wconf 91' lang='lat' dir='ltr'>In</span> <span class='ocrx_word' id='word_1_233' title='bbox 403 1904 570 1944; x_wconf 90' lang='lat' dir='ltr'>nomine</span> <span class='ocrx_word' id='word_1_234' title='bbox 611 1903 750 1944; x_wconf 88' lang='lat' dir='ltr'>Patris</span> <span class='ocrx_word' id='word_1_235' title='bbox 793 1908 835 1945; x_wconf 90' lang='lat' dir='ltr'>et</span> <span class='ocrx_word' id='word_1_236' title='bbox 871 1904 969 1958; x_wconf 80' lang='lat' dir='ltr'>Filii</span> <span class='ocrx_word' id='word_1_237' title='bbox 1011 1909 1054 1946; x_wconf 91' lang='lat' dir='ltr'>et</span> <span class='ocrx_word' id='word_1_238' title='bbox 1093 1906 1276 1961; x_wconf 86' lang='lat' dir='ltr'>Spiritus</span> <span class='ocrx_word' id='word_1_239' title='bbox 1316 1907 1471 1958; x_wconf 86' lang='lat' dir='ltr'>sancti,</span> <span class='ocrx_word' id='word_1_240' title='bbox 1513 1920 1652 1949; x_wconf 87' lang='lat' dir='ltr'>amen.</span> <span class='ocrx_word' id='word_1_241' title='bbox 1769 1905 1834 1962; x_wconf 82' lang='lat'>(1)</span> <span class='ocrx_word' id='word_1_242' title='bbox 1874 1907 1968 1949; x_wconf 91' lang='lat' dir='ltr'>Hec</span> <span class='ocrx_word' id='word_1_243' title='bbox 2009 1910 2107 1948; x_wconf 89' lang='lat' dir='ltr'>sunt</span> <span class='ocrx_word' id='word_1_244' title='bbox 2145 1912 2274 1963; x_wconf 86' lang='lat' dir='ltr'>pacta</span> <span class='ocrx_word' id='word_1_245' title='bbox 2305 1911 2347 1949; x_wconf 88' lang='lat' dir='ltr'>et</span> 
     </span>
     <span class='ocr_line' id='line_1_25' title="bbox 169 1972 2345 2028; baseline 0.002 -17"><span class='ocrx_word' id='word_1_246' title='bbox 169 1972 473 2027; x_wconf 90' lang='lat' dir='ltr'>promissiones</span> <span class='ocrx_word' id='word_1_247' title='bbox 520 1977 563 2013; x_wconf 87' lang='lat' dir='ltr'>et</span> <span class='ocrx_word' id='word_1_248' title='bbox 607 1973 892 2028; x_wconf 86' lang='lat' dir='ltr'>obligationes</span> <span class='ocrx_word' id='word_1_249' title='bbox 940 1975 1055 2016; x_wconf 87' lang='lat' dir='ltr'>facta</span> <span class='ocrx_word' id='word_1_250' title='bbox 1101 1976 1212 2017; x_wconf 90' lang='lat' dir='ltr'>inter</span> <span class='ocrx_word' id='word_1_251' title='bbox 1255 1975 1665 2017; x_wconf 81' lang='lat' dir='ltr'>excellentissimum</span> <span class='ocrx_word' id='word_1_252' title='bbox 1706 1975 1956 2017; x_wconf 77' lang='lat' dir='ltr'>dominuma</span> <span class='ocrx_word' id='word_1_253' title='bbox 1993 1975 2222 2017; x_wconf 89' lang='lat' dir='ltr'>Alfonsum</span> <span class='ocrx_word' id='word_1_254' title='bbox 2261 1975 2345 2017; x_wconf 93' lang='lat' dir='ltr'>Dei</span> 
     </span>
     <span class='ocr_line' id='line_1_26' title="bbox 169 2040 2345 2100; baseline 0.002 -20"><span class='ocrx_word' id='word_1_255' title='bbox 169 2041 334 2093; x_wconf 81' lang='lat' dir='ltr'>gratiab</span> <span class='ocrx_word' id='word_1_256' title='bbox 375 2041 416 2080; x_wconf 89' lang='lat' dir='ltr'>in</span> <span class='ocrx_word' id='word_1_257' title='bbox 449 2040 736 2083; x_wconf 85' lang='lat' dir='ltr'>Romanorum</span> <span class='ocrx_word' id='word_1_258' title='bbox 777 2057 924 2097; x_wconf 84' lang='lat' dir='ltr'>regem</span> <span class='ocrx_word' id='word_1_259' title='bbox 964 2048 1006 2084; x_wconf 89' lang='lat' dir='ltr'>et</span> <span class='ocrx_word' id='word_1_260' title='bbox 1042 2045 1085 2085; x_wconf 92' lang='lat' dir='ltr'>in</span> <span class='ocrx_word' id='word_1_261' title='bbox 1124 2045 1424 2100; x_wconf 87' lang='lat' dir='ltr'>imperatorem</span> <span class='ocrx_word' id='word_1_262' title='bbox 1457 2045 1640 2086; x_wconf 92' lang='lat' dir='ltr'>electum</span> <span class='ocrx_word' id='word_1_263' title='bbox 1682 2049 1724 2085; x_wconf 91' lang='lat' dir='ltr'>et</span> <span class='ocrx_word' id='word_1_264' title='bbox 1764 2058 1911 2100; x_wconf 86' lang='lat' dir='ltr'>regem</span> <span class='ocrx_word' id='word_1_265' title='bbox 1945 2043 2150 2096; x_wconf 84' lang='lat' dir='ltr'>CastelIe,</span> <span class='ocrx_word' id='word_1_266' title='bbox 2192 2044 2345 2097; x_wconf 83' lang='lat' dir='ltr'>Toleti‚</span> 
     </span>
     <span class='ocr_line' id='line_1_27' title="bbox 164 2109 2341 2169; baseline 0.002 -20"><span class='ocrx_word' id='word_1_267' title='bbox 164 2109 377 2163; x_wconf 75' lang='lat' dir='ltr'>Legionis,</span> <span class='ocrx_word' id='word_1_268' title='bbox 413 2109 640 2161; x_wconf 81' lang='lat' dir='ltr'>Gallethie,</span> <span class='ocrx_word' id='word_1_269' title='bbox 676 2110 841 2163; x_wconf 84' lang='lat' dir='ltr'>Sibilie,</span> <span class='ocrx_word' id='word_1_270' title='bbox 876 2110 1088 2162; x_wconf 81' lang='lat' dir='ltr'>Cordube,</span> <span class='ocrx_word' id='word_1_271' title='bbox 1121 2113 1333 2155; x_wconf 83' lang='lat' dir='ltr'>Mursciec</span> <span class='ocrx_word' id='word_1_272' title='bbox 1365 2118 1407 2155; x_wconf 88' lang='lat' dir='ltr'>et</span> <span class='ocrx_word' id='word_1_273' title='bbox 1431 2112 1597 2155; x_wconf 79' lang='lat' dir='ltr'>Gienne</span> <span class='ocrx_word' id='word_1_274' title='bbox 1630 2127 1704 2168; x_wconf 87' lang='lat' dir='ltr'>pro</span> <span class='ocrx_word' id='word_1_275' title='bbox 1736 2127 1782 2154; x_wconf 94' lang='lat' dir='ltr'>se</span> <span class='ocrx_word' id='word_1_276' title='bbox 1813 2118 1854 2154; x_wconf 86' lang='lat' dir='ltr'>et</span> <span class='ocrx_word' id='word_1_277' title='bbox 1878 2127 1953 2154; x_wconf 93' lang='lat' dir='ltr'>suo</span> <span class='ocrx_word' id='word_1_278' title='bbox 1986 2113 2154 2169; x_wconf 87' lang='lat' dir='ltr'>proprio</span> <span class='ocrx_word' id='word_1_279' title='bbox 2186 2119 2229 2155; x_wconf 91' lang='lat' dir='ltr'>et</span> <span class='ocrx_word' id='word_1_280' title='bbox 2255 2113 2341 2169; x_wconf 90' lang='lat' dir='ltr'>pri-</span> 
     </span>
     <span class='ocr_line' id='line_1_28' title="bbox 165 2178 2345 2236; baseline 0.003 -20"><span class='ocrx_word' id='word_1_281' title='bbox 165 2184 261 2218; x_wconf 79' lang='lat' dir='ltr'>vato</span> <span class='ocrx_word' id='word_1_282' title='bbox 302 2178 472 2218; x_wconf 89' lang='lat' dir='ltr'>nomine</span> <span class='ocrx_word' id='word_1_283' title='bbox 512 2192 566 2219; x_wconf 80' lang='lat' dir='ltr'>ex</span> <span class='ocrx_word' id='word_1_284' title='bbox 605 2193 689 2219; x_wconf 87' lang='lat' dir='ltr'>una</span> <span class='ocrx_word' id='word_1_285' title='bbox 727 2183 868 2233; x_wconf 86' lang='lat' dir='ltr'>parte,</span> <span class='ocrx_word' id='word_1_286' title='bbox 911 2185 954 2222; x_wconf 86' lang='lat' dir='ltr'>et</span> <span class='ocrx_word' id='word_1_287' title='bbox 985 2181 1202 2223; x_wconf 89' lang='lat' dir='ltr'>dominum</span> <span class='ocrx_word' id='word_1_288' title='bbox 1234 2182 1478 2223; x_wconf 90' lang='lat' dir='ltr'>Bandinum</span> <span class='ocrx_word' id='word_1_289' title='bbox 1510 2182 1724 2223; x_wconf 89' lang='lat' dir='ltr'>Lanceam</span> <span class='ocrx_word' id='word_1_290' title='bbox 1765 2182 1901 2223; x_wconf 88' lang='lat' dir='ltr'>filium</span> <span class='ocrx_word' id='word_1_291' title='bbox 1938 2181 2152 2236; x_wconf 85' lang='lat' dir='ltr'>quondam</span> <span class='ocrx_word' id='word_1_292' title='bbox 2185 2182 2345 2223; x_wconf 90' lang='lat' dir='ltr'>domini</span> 
     </span>
     <span class='ocr_line' id='line_1_29' title="bbox 166 2245 2345 2305; baseline 0.002 -19"><span class='ocrx_word' id='word_1_293' title='bbox 166 2245 372 2287; x_wconf 86' lang='lat' dir='ltr'>Guidonis</span> <span class='ocrx_word' id='word_1_294' title='bbox 407 2246 578 2289; x_wconf 90' lang='lat' dir='ltr'>Lancee</span> <span class='ocrx_word' id='word_1_295' title='bbox 612 2247 663 2288; x_wconf 91' lang='lat' dir='ltr'>de</span> <span class='ocrx_word' id='word_1_296' title='bbox 698 2246 868 2290; x_wconf 83' lang='lat' dir='ltr'>Casalei</span> <span class='ocrx_word' id='word_1_297' title='bbox 901 2249 953 2291; x_wconf 92' lang='lat' dir='ltr'>de</span> <span class='ocrx_word' id='word_1_298' title='bbox 986 2250 1118 2301; x_wconf 80' lang='lat' dir='ltr'>Pisis,</span> <span class='ocrx_word' id='word_1_299' title='bbox 1159 2251 1447 2301; x_wconf 88' lang='lat' dir='ltr'>missaticum,</span> <span class='ocrx_word' id='word_1_300' title='bbox 1482 2251 1845 2302; x_wconf 87' lang='lat' dir='ltr'>ambaxiatorem,</span> <span class='ocrx_word' id='word_1_301' title='bbox 1880 2250 2087 2291; x_wconf 89' lang='lat' dir='ltr'>sindicum</span> <span class='ocrx_word' id='word_1_302' title='bbox 2119 2254 2162 2291; x_wconf 90' lang='lat' dir='ltr'>et</span> <span class='ocrx_word' id='word_1_303' title='bbox 2192 2264 2345 2305; x_wconf 88' lang='lat' dir='ltr'>procu·</span> 
     </span>
     <span class='ocr_line' id='line_1_30' title="bbox 165 2315 2341 2376; baseline 0.003 -22"><span class='ocrx_word' id='word_1_304' title='bbox 165 2321 349 2355; x_wconf 88' lang='lat' dir='ltr'>ratorcm</span> <span class='ocrx_word' id='word_1_305' title='bbox 382 2315 526 2356; x_wconf 89' lang='lat' dir='ltr'>Pisani</span> <span class='ocrx_word' id='word_1_306' title='bbox 566 2316 785 2357; x_wconf 70' lang='lat' dir='ltr'>comunisd</span> <span class='ocrx_word' id='word_1_307' title='bbox 827 2318 1061 2360; x_wconf 88' lang='lat' dir='ltr'>sindicatus</span> <span class='ocrx_word' id='word_1_308' title='bbox 1101 2320 1274 2361; x_wconf 90' lang='lat' dir='ltr'>nomine</span> <span class='ocrx_word' id='word_1_309' title='bbox 1316 2334 1391 2375; x_wconf 92' lang='lat' dir='ltr'>pro</span> <span class='ocrx_word' id='word_1_310' title='bbox 1424 2321 1517 2376; x_wconf 92' lang='lat' dir='ltr'>ipso</span> <span class='ocrx_word' id='word_1_311' title='bbox 1550 2321 1722 2361; x_wconf 92' lang='lat' dir='ltr'>comuni</span> <span class='ocrx_word' id='word_1_312' title='bbox 1756 2334 1811 2361; x_wconf 81' lang='lat' dir='ltr'>ex</span> <span class='ocrx_word' id='word_1_313' title='bbox 1842 2320 1979 2361; x_wconf 88' lang='lat' dir='ltr'>altera</span> <span class='ocrx_word' id='word_1_314' title='bbox 2010 2323 2146 2374; x_wconf 86' lang='lat' dir='ltr'>parte.</span> <span class='ocrx_word' id='word_1_315' title='bbox 2207 2318 2341 2360; x_wconf 85' lang='lat' dir='ltr'>Vide-</span> 
     </span>
     <span class='ocr_line' id='line_1_31' title="bbox 163 2383 2342 2443; baseline 0.002 -20"><span class='ocrx_word' id='word_1_316' title='bbox 163 2383 264 2423; x_wconf 77' lang='lat' dir='ltr'>licet</span> <span class='ocrx_word' id='word_1_317' title='bbox 302 2384 412 2439; x_wconf 91' lang='lat' dir='ltr'>quod</span> <span class='ocrx_word' id='word_1_318' title='bbox 453 2384 590 2425; x_wconf 90' lang='lat' dir='ltr'>dictus</span> <span class='ocrx_word' id='word_1_319' title='bbox 635 2385 831 2426; x_wconf 87' lang='lat' dir='ltr'>dominus</span> <span class='ocrx_word' id='word_1_320' title='bbox 873 2402 951 2429; x_wconf 85' lang='lat' dir='ltr'>rex</span> <span class='ocrx_word' id='word_1_321' title='bbox 991 2401 1170 2429; x_wconf 90' lang='lat' dir='ltr'>comune</span> <span class='ocrx_word' id='word_1_322' title='bbox 1202 2388 1400 2429; x_wconf 88' lang='lat' dir='ltr'>Pisarum</span> <span class='ocrx_word' id='word_1_323' title='bbox 1445 2393 1488 2430; x_wconf 91' lang='lat' dir='ltr'>et</span> <span class='ocrx_word' id='word_1_324' title='bbox 1519 2389 1734 2430; x_wconf 90' lang='lat' dir='ltr'>civitatem</span> <span class='ocrx_word' id='word_1_325' title='bbox 1767 2388 1969 2429; x_wconf 89' lang='lat' dir='ltr'>Pisanam</span> <span class='ocrx_word' id='word_1_326' title='bbox 2001 2388 2179 2443; x_wconf 90' lang='lat' dir='ltr'>eiusque</span> <span class='ocrx_word' id='word_1_327' title='bbox 2212 2389 2342 2429; x_wconf 89' lang='lat' dir='ltr'>comi-</span> 
     </span>
     <span class='ocr_line' id='line_1_32' title="bbox 163 2452 2344 2507; baseline 0.003 -16"><span class='ocrx_word' id='word_1_328' title='bbox 163 2460 296 2492; x_wconf 85' lang='lat' dir='ltr'>tatum</span> <span class='ocrx_word' id='word_1_329' title='bbox 331 2457 373 2493; x_wconf 89' lang='lat' dir='ltr'>et</span> <span class='ocrx_word' id='word_1_330' title='bbox 412 2452 674 2505; x_wconf 87' lang='lat' dir='ltr'>districtum,</span> <span class='ocrx_word' id='word_1_331' title='bbox 718 2455 933 2505; x_wconf 87' lang='lat' dir='ltr'>civitates,</span> <span class='ocrx_word' id='word_1_332' title='bbox 973 2461 1132 2507; x_wconf 80' lang='lat' dir='ltr'>castra,</span> <span class='ocrx_word' id='word_1_333' title='bbox 1172 2457 1294 2498; x_wconf 90' lang='lat' dir='ltr'>villas</span> <span class='ocrx_word' id='word_1_334' title='bbox 1328 2462 1370 2498; x_wconf 88' lang='lat' dir='ltr'>et</span> <span class='ocrx_word' id='word_1_335' title='bbox 1402 2458 1495 2498; x_wconf 91' lang='lat' dir='ltr'>loca</span> <span class='ocrx_word' id='word_1_336' title='bbox 1527 2461 1571 2499; x_wconf 89' lang='lat' dir='ltr'>et</span> <span class='ocrx_word' id='word_1_337' title='bbox 1610 2457 1773 2499; x_wconf 88' lang='lat' dir='ltr'>insulas</span> <span class='ocrx_word' id='word_1_338' title='bbox 1806 2462 1849 2498; x_wconf 91' lang='lat' dir='ltr'>et</span> <span class='ocrx_word' id='word_1_339' title='bbox 1881 2457 2021 2498; x_wconf 90' lang='lat' dir='ltr'>omnia</span> <span class='ocrx_word' id='word_1_340' title='bbox 2052 2457 2145 2498; x_wconf 88' lang='lat' dir='ltr'>iura</span> <span class='ocrx_word' id='word_1_341' title='bbox 2177 2457 2267 2498; x_wconf 91' lang='lat' dir='ltr'>eius</span> <span class='ocrx_word' id='word_1_342' title='bbox 2301 2460 2344 2497; x_wconf 91' lang='lat' dir='ltr'>et</span> 
     </span>
     <span class='ocr_line' id='line_1_33' title="bbox 163 2521 2346 2582; baseline 0.002 -21"><span class='ocrx_word' id='word_1_343' title='bbox 163 2521 348 2562; x_wconf 86' lang='lat' dir='ltr'>honores</span> <span class='ocrx_word' id='word_1_344' title='bbox 382 2527 424 2562; x_wconf 87' lang='lat' dir='ltr'>et</span> <span class='ocrx_word' id='word_1_345' title='bbox 461 2522 692 2576; x_wconf 84' lang='lat' dir='ltr'>dignitates</span> <span class='ocrx_word' id='word_1_346' title='bbox 731 2529 774 2564; x_wconf 94' lang='lat' dir='ltr'>et</span> <span class='ocrx_word' id='word_1_347' title='bbox 813 2528 968 2576; x_wconf 82' lang='lat' dir='ltr'>totum,</span> <span class='ocrx_word' id='word_1_348' title='bbox 1013 2530 1055 2566; x_wconf 91' lang='lat' dir='ltr'>et</span> <span class='ocrx_word' id='word_1_349' title='bbox 1087 2526 1287 2581; x_wconf 87' lang='lat' dir='ltr'>quicquid</span> <span class='ocrx_word' id='word_1_350' title='bbox 1319 2526 1452 2568; x_wconf 90' lang='lat' dir='ltr'>habet</span> <span class='ocrx_word' id='word_1_351' title='bbox 1484 2530 1527 2568; x_wconf 88' lang='lat' dir='ltr'>et</span> <span class='ocrx_word' id='word_1_352' title='bbox 1570 2526 1761 2582; x_wconf 85' lang='lat' dir='ltr'>possidet</span> <span class='ocrx_word' id='word_1_353' title='bbox 1793 2530 1835 2567; x_wconf 90' lang='lat' dir='ltr'>et</span> <span class='ocrx_word' id='word_1_354' title='bbox 1866 2526 1909 2566; x_wconf 92' lang='lat' dir='ltr'>in</span> <span class='ocrx_word' id='word_1_355' title='bbox 1940 2529 2094 2566; x_wconf 75' lang='lat' dir='ltr'>anteae</span> <span class='ocrx_word' id='word_1_356' title='bbox 2127 2525 2270 2567; x_wconf 89' lang='lat' dir='ltr'>divina</span> <span class='ocrx_word' id='word_1_357' title='bbox 2303 2529 2346 2566; x_wconf 86' lang='lat' dir='ltr'>et</span> 
     </span>
     <span class='ocr_line' id='line_1_34' title="bbox 163 2589 2345 2647; baseline 0.003 -19"><span class='ocrx_word' id='word_1_358' title='bbox 163 2589 262 2629; x_wconf 89' lang='lat' dir='ltr'>dicti</span> <span class='ocrx_word' id='word_1_359' title='bbox 295 2589 456 2629; x_wconf 88' lang='lat' dir='ltr'>domini</span> <span class='ocrx_word' id='word_1_360' title='bbox 490 2591 606 2645; x_wconf 86' lang='lat' dir='ltr'>regis</span> <span class='ocrx_word' id='word_1_361' title='bbox 638 2592 778 2645; x_wconf 85' lang='lat' dir='ltr'>gratia</span> <span class='ocrx_word' id='word_1_362' title='bbox 810 2594 1096 2647; x_wconf 69' lang='lat' dir='ltr'>acquisiverit,</span> <span class='ocrx_word' id='word_1_363' title='bbox 1129 2595 1171 2635; x_wconf 91' lang='lat' dir='ltr'>in</span> <span class='ocrx_word' id='word_1_364' title='bbox 1205 2609 1282 2635; x_wconf 84' lang='lat' dir='ltr'>sua</span> <span class='ocrx_word' id='word_1_365' title='bbox 1314 2595 1451 2636; x_wconf 87' lang='lat' dir='ltr'>tutela</span> <span class='ocrx_word' id='word_1_366' title='bbox 1482 2599 1525 2636; x_wconf 89' lang='lat' dir='ltr'>et</span> <span class='ocrx_word' id='word_1_367' title='bbox 1557 2595 1766 2636; x_wconf 87' lang='lat' dir='ltr'>societate</span> <span class='ocrx_word' id='word_1_368' title='bbox 1800 2599 1843 2635; x_wconf 93' lang='lat' dir='ltr'>et</span> <span class='ocrx_word' id='word_1_369' title='bbox 1867 2594 2063 2636; x_wconf 87' lang='lat' dir='ltr'>custodia</span> <span class='ocrx_word' id='word_1_370' title='bbox 2089 2598 2132 2636; x_wconf 86' lang='lat' dir='ltr'>et</span> <span class='ocrx_word' id='word_1_371' title='bbox 2154 2594 2345 2635; x_wconf 88' lang='lat' dir='ltr'>amicitia</span> 
     </span>
     <span class='ocr_line' id='line_1_35' title="bbox 163 2659 2341 2717; baseline 0.003 -20"><span class='ocrx_word' id='word_1_372' title='bbox 163 2664 205 2698; x_wconf 88' lang='lat' dir='ltr'>et</span> <span class='ocrx_word' id='word_1_373' title='bbox 237 2659 499 2712; x_wconf 85' lang='lat' dir='ltr'>protectione</span> <span class='ocrx_word' id='word_1_374' title='bbox 533 2663 575 2700; x_wconf 88' lang='lat' dir='ltr'>et</span> <span class='ocrx_word' id='word_1_375' title='bbox 611 2659 860 2702; x_wconf 88' lang='lat' dir='ltr'>defensione</span> <span class='ocrx_word' id='word_1_376' title='bbox 893 2662 1095 2717; x_wconf 80' lang='lat' dir='ltr'>recipietf</span> <span class='ocrx_word' id='word_1_377' title='bbox 1125 2669 1168 2703; x_wconf 91' lang='lat' dir='ltr'>et</span> <span class='ocrx_word' id='word_1_378' title='bbox 1201 2677 1251 2704; x_wconf 86' lang='lat' dir='ltr'>ea</span> <span class='ocrx_word' id='word_1_379' title='bbox 1284 2663 1487 2705; x_wconf 87' lang='lat' dir='ltr'>defendet</span> <span class='ocrx_word' id='word_1_380' title='bbox 1519 2668 1562 2705; x_wconf 89' lang='lat' dir='ltr'>et</span> <span class='ocrx_word' id='word_1_381' title='bbox 1595 2663 1810 2704; x_wconf 90' lang='lat' dir='ltr'>custodiet</span> <span class='ocrx_word' id='word_1_382' title='bbox 1851 2667 1892 2704; x_wconf 92' lang='lat' dir='ltr'>et</span> <span class='ocrx_word' id='word_1_383' title='bbox 1924 2663 2107 2703; x_wconf 87' lang='lat' dir='ltr'>salvabit</span> <span class='ocrx_word' id='word_1_384' title='bbox 2139 2666 2230 2703; x_wconf 87' lang='lat' dir='ltr'>toto</span> <span class='ocrx_word' id='word_1_385' title='bbox 2264 2677 2341 2703; x_wconf 87' lang='lat' dir='ltr'>suo</span> 
     </span>
     <span class='ocr_line' id='line_1_36' title="bbox 163 2728 2342 2786; baseline 0.003 -21"><span class='ocrx_word' id='word_1_386' title='bbox 163 2740 287 2780; x_wconf 85' lang='lat' dir='ltr'>posse</span> <span class='ocrx_word' id='word_1_387' title='bbox 320 2732 465 2768; x_wconf 84' lang='lat' dir='ltr'>contra</span> <span class='ocrx_word' id='word_1_388' title='bbox 488 2741 634 2769; x_wconf 90' lang='lat' dir='ltr'>omnes</span> <span class='ocrx_word' id='word_1_389' title='bbox 658 2728 865 2779; x_wconf 79' lang='lat' dir='ltr'>dominos,</span> <span class='ocrx_word' id='word_1_390' title='bbox 900 2731 1191 2786; x_wconf 91' lang='lat' dir='ltr'>cuiuscunque</span> <span class='ocrx_word' id='word_1_391' title='bbox 1214 2732 1437 2786; x_wconf 83' lang='lat' dir='ltr'>dignitatis</span> <span class='ocrx_word' id='word_1_392' title='bbox 1460 2733 1529 2774; x_wconf 92' lang='lat' dir='ltr'>vel</span> <span class='ocrx_word' id='word_1_393' title='bbox 1563 2732 1724 2773; x_wconf 89' lang='lat' dir='ltr'>ordinis</span> <span class='ocrx_word' id='word_1_394' title='bbox 1757 2732 1928 2783; x_wconf 84' lang='lat' dir='ltr'>fuerint,</span> <span class='ocrx_word' id='word_1_395' title='bbox 1961 2735 2003 2772; x_wconf 86' lang='lat' dir='ltr'>et</span> <span class='ocrx_word' id='word_1_396' title='bbox 2027 2734 2173 2772; x_wconf 88' lang='lat' dir='ltr'>contra</span> <span class='ocrx_word' id='word_1_397' title='bbox 2195 2745 2342 2771; x_wconf 89' lang='lat' dir='ltr'>omnes</span> 
     </span>
     <span class='ocr_line' id='line_1_37' title="bbox 163 2796 2340 2855; baseline 0.003 -21"><span class='ocrx_word' id='word_1_398' title='bbox 163 2796 355 2835; x_wconf 81' lang='lat' dir='ltr'>civitates</span> <span class='ocrx_word' id='word_1_399' title='bbox 389 2800 431 2836; x_wconf 85' lang='lat' dir='ltr'>et</span> <span class='ocrx_word' id='word_1_400' title='bbox 465 2798 660 2838; x_wconf 86' lang='lat' dir='ltr'>comunia</span> <span class='ocrx_word' id='word_1_401' title='bbox 691 2802 734 2838; x_wconf 90' lang='lat' dir='ltr'>et</span> <span class='ocrx_word' id='word_1_402' title='bbox 767 2803 916 2840; x_wconf 87' lang='lat' dir='ltr'>contra</span> <span class='ocrx_word' id='word_1_403' title='bbox 949 2813 1117 2841; x_wconf 91' lang='lat' dir='ltr'>omnem</span> <span class='ocrx_word' id='word_1_404' title='bbox 1149 2814 1375 2855; x_wconf 89' lang='lat' dir='ltr'>personam</span> <span class='ocrx_word' id='word_1_405' title='bbox 1408 2805 1450 2842; x_wconf 90' lang='lat' dir='ltr'>et</span> <span class='ocrx_word' id='word_1_406' title='bbox 1481 2802 1636 2852; x_wconf 87' lang='lat' dir='ltr'>locum,</span> <span class='ocrx_word' id='word_1_407' title='bbox 1670 2805 1712 2842; x_wconf 92' lang='lat' dir='ltr'>et</span> <span class='ocrx_word' id='word_1_408' title='bbox 1735 2814 1807 2842; x_wconf 91' lang='lat' dir='ltr'>eos</span> <span class='ocrx_word' id='word_1_409' title='bbox 1831 2800 1959 2841; x_wconf 86' lang='lat' dir='ltr'>faciet</span> <span class='ocrx_word' id='word_1_410' title='bbox 1981 2814 2108 2841; x_wconf 87' lang='lat' dir='ltr'>sanos</span> <span class='ocrx_word' id='word_1_411' title='bbox 2132 2804 2175 2840; x_wconf 92' lang='lat' dir='ltr'>et</span> <span class='ocrx_word' id='word_1_412' title='bbox 2197 2800 2340 2841; x_wconf 87' lang='lat' dir='ltr'>salvos</span> 
     </span>
     <span class='ocr_line' id='line_1_38' title="bbox 164 2864 2341 2924; baseline 0.002 -21"><span class='ocrx_word' id='word_1_413' title='bbox 164 2864 203 2903; x_wconf 92' lang='lat' dir='ltr'>in</span> <span class='ocrx_word' id='word_1_414' title='bbox 238 2864 432 2918; x_wconf 87' lang='lat' dir='ltr'>personis</span> <span class='ocrx_word' id='word_1_415' title='bbox 473 2870 516 2906; x_wconf 91' lang='lat' dir='ltr'>et</span> <span class='ocrx_word' id='word_1_416' title='bbox 553 2865 680 2907; x_wconf 89' lang='lat' dir='ltr'>rebus</span> <span class='ocrx_word' id='word_1_417' title='bbox 718 2870 833 2908; x_wconf 86' lang='lat' dir='ltr'>terra</span> <span class='ocrx_word' id='word_1_418' title='bbox 872 2872 914 2909; x_wconf 89' lang='lat' dir='ltr'>et</span> <span class='ocrx_word' id='word_1_419' title='bbox 945 2869 1051 2909; x_wconf 87' lang='lat' dir='ltr'>mari</span> <span class='ocrx_word' id='word_1_420' title='bbox 1084 2873 1126 2910; x_wconf 88' lang='lat' dir='ltr'>et</span> <span class='ocrx_word' id='word_1_421' title='bbox 1158 2882 1305 2910; x_wconf 90' lang='lat' dir='ltr'>eorum</span> <span class='ocrx_word' id='word_1_422' title='bbox 1346 2870 1575 2924; x_wconf 84' lang='lat' dir='ltr'>privilegia</span> <span class='ocrx_word' id='word_1_423' title='bbox 1614 2870 1756 2910; x_wconf 90' lang='lat' dir='ltr'>omnia</span> <span class='ocrx_word' id='word_1_424' title='bbox 1789 2869 2070 2911; x_wconf 84' lang='lat' dir='ltr'>confirmabit.</span> <span class='ocrx_word' id='word_1_425' title='bbox 2188 2867 2253 2924; x_wconf 86' lang='lat'>(2)</span> <span class='ocrx_word' id='word_1_426' title='bbox 2286 2867 2341 2909; x_wconf 75' lang='lat' dir='ltr'>Et</span> 
     </span>
     <span class='ocr_line' id='line_1_39' title="bbox 163 2932 2342 2993; baseline 0.002 -22"><span class='ocrx_word' id='word_1_427' title='bbox 163 2932 274 2986; x_wconf 87' lang='lat' dir='ltr'>quod</span> <span class='ocrx_word' id='word_1_428' title='bbox 313 2945 443 2972; x_wconf 89' lang='lat' dir='ltr'>unum</span> <span class='ocrx_word' id='word_1_429' title='bbox 487 2935 757 2988; x_wconf 85' lang='lat' dir='ltr'>capitaneum</span> <span class='ocrx_word' id='word_1_430' title='bbox 797 2935 849 2977; x_wconf 92' lang='lat' dir='ltr'>de</span> <span class='ocrx_word' id='word_1_431' title='bbox 889 2936 1022 2977; x_wconf 85' lang='lat' dir='ltr'>latere</span> <span class='ocrx_word' id='word_1_432' title='bbox 1062 2951 1138 2977; x_wconf 89' lang='lat' dir='ltr'>suo</span> <span class='ocrx_word' id='word_1_433' title='bbox 1179 2937 1259 2978; x_wconf 87' lang='lat' dir='ltr'>sibi</span> <span class='ocrx_word' id='word_1_434' title='bbox 1300 2939 1590 2990; x_wconf 85' lang='lat' dir='ltr'>carissimum,</span> <span class='ocrx_word' id='word_1_435' title='bbox 1636 2937 1859 2993; x_wconf 90' lang='lat' dir='ltr'>providum</span> <span class='ocrx_word' id='word_1_436' title='bbox 1899 2941 1941 2978; x_wconf 89' lang='lat' dir='ltr'>et</span> <span class='ocrx_word' id='word_1_437' title='bbox 1983 2937 2266 2978; x_wconf 85' lang='lat' dir='ltr'>exercitatum</span> <span class='ocrx_word' id='word_1_438' title='bbox 2300 2941 2342 2977; x_wconf 90' lang='lat' dir='ltr'>et</span> 
     </span>
     <span class='ocr_line' id='line_1_40' title="bbox 165 3001 2339 3059; baseline 0.003 -20"><span class='ocrx_word' id='word_1_439' title='bbox 165 3001 403 3054; x_wconf 78' lang='lat' dir='ltr'>sapientem</span> <span class='ocrx_word' id='word_1_440' title='bbox 446 3006 487 3042; x_wconf 91' lang='lat' dir='ltr'>et</span> <span class='ocrx_word' id='word_1_441' title='bbox 531 3001 643 3043; x_wconf 72' lang='lat' dir='ltr'>dicto</span> <span class='ocrx_word' id='word_1_442' title='bbox 683 3005 852 3044; x_wconf 89' lang='lat' dir='ltr'>comuni</span> <span class='ocrx_word' id='word_1_443' title='bbox 883 3005 1032 3045; x_wconf 89' lang='lat' dir='ltr'>utilem</span> <span class='ocrx_word' id='word_1_444' title='bbox 1065 3010 1109 3046; x_wconf 92' lang='lat' dir='ltr'>et</span> <span class='ocrx_word' id='word_1_445' title='bbox 1140 3006 1219 3046; x_wconf 90' lang='lat' dir='ltr'>toti</span> <span class='ocrx_word' id='word_1_446' title='bbox 1250 3005 1393 3047; x_wconf 88' lang='lat' dir='ltr'>Ytalie</span> <span class='ocrx_word' id='word_1_447' title='bbox 1426 3006 1553 3049; x_wconf 88' lang='lat' dir='ltr'>dante</span> <span class='ocrx_word' id='word_1_448' title='bbox 1586 3006 1794 3057; x_wconf 88' lang='lat' dir='ltr'>Domino,</span> <span class='ocrx_word' id='word_1_449' title='bbox 1838 3020 1934 3046; x_wconf 90' lang='lat' dir='ltr'>cum</span> <span class='ocrx_word' id='word_1_450' title='bbox 1968 3019 2124 3059; x_wconf 87' lang='lat' dir='ltr'>magna</span> <span class='ocrx_word' id='word_1_451' title='bbox 2154 3005 2339 3045; x_wconf 88' lang='lat' dir='ltr'>militum</span> 
     </span>
     <span class='ocr_line' id='line_1_41' title="bbox 164 3069 2338 3129; baseline 0.003 -22"><span class='ocrx_word' id='word_1_452' title='bbox 164 3069 363 3109; x_wconf 68' lang='lat' dir='ltr'>comitiva</span> <span class='ocrx_word' id='word_1_453' title='bbox 395 3069 447 3109; x_wconf 89' lang='lat' dir='ltr'>ad</span> <span class='ocrx_word' id='word_1_454' title='bbox 481 3071 621 3111; x_wconf 88' lang='lat' dir='ltr'>minus</span> <span class='ocrx_word' id='word_1_455' title='bbox 654 3072 985 3126; x_wconf 84' lang='lat' dir='ltr'>quingentorum</span> <span class='ocrx_word' id='word_1_456' title='bbox 1018 3078 1279 3115; x_wconf 88' lang='lat' dir='ltr'>armatorum</span> <span class='ocrx_word' id='word_1_457' title='bbox 1312 3075 1432 3129; x_wconf 88' lang='lat' dir='ltr'>equis</span> <span class='ocrx_word' id='word_1_458' title='bbox 1465 3080 1507 3116; x_wconf 91' lang='lat' dir='ltr'>et</span> <span class='ocrx_word' id='word_1_459' title='bbox 1538 3075 1679 3126; x_wconf 86' lang='lat' dir='ltr'>armis,</span> <span class='ocrx_word' id='word_1_460' title='bbox 1713 3075 1802 3115; x_wconf 89' lang='lat' dir='ltr'>suis</span> <span class='ocrx_word' id='word_1_461' title='bbox 1827 3075 2045 3129; x_wconf 72' lang='lat' dir='ltr'>expensis,</span> <span class='ocrx_word' id='word_1_462' title='bbox 2079 3087 2127 3114; x_wconf 92' lang='lat' dir='ltr'>ac</span> <span class='ocrx_word' id='word_1_463' title='bbox 2160 3073 2338 3114; x_wconf 88' lang='lat' dir='ltr'>balista-</span> 
     </span>
     <span class='ocr_line' id='line_1_42' title="bbox 165 3137 2337 3198; baseline 0.004 -23"><span class='ocrx_word' id='word_1_464' title='bbox 165 3137 319 3176; x_wconf 78' lang='lat' dir='ltr'>riorum</span> <span class='ocrx_word' id='word_1_465' title='bbox 353 3138 571 3183; x_wconf 67' lang='lat' dir='ltr'>comitiva,</span> <span class='ocrx_word' id='word_1_466' title='bbox 607 3140 692 3179; x_wconf 87' lang='lat' dir='ltr'>suis</span> <span class='ocrx_word' id='word_1_467' title='bbox 727 3141 947 3195; x_wconf 74' lang='lat' dir='ltr'>expensiS,</span> <span class='ocrx_word' id='word_1_468' title='bbox 981 3156 1062 3196; x_wconf 89' lang='lat' dir='ltr'>que</span> <span class='ocrx_word' id='word_1_469' title='bbox 1095 3147 1181 3183; x_wconf 87' lang='lat' dir='ltr'>tam</span> <span class='ocrx_word' id='word_1_470' title='bbox 1216 3143 1296 3184; x_wconf 85' lang='lat' dir='ltr'>sibi</span> <span class='ocrx_word' id='word_1_471' title='bbox 1330 3158 1456 3198; x_wconf 91' lang='lat' dir='ltr'>quam</span> <span class='ocrx_word' id='word_1_472' title='bbox 1489 3144 1601 3185; x_wconf 90' lang='lat' dir='ltr'>dicto</span> <span class='ocrx_word' id='word_1_473' title='bbox 1636 3144 1797 3185; x_wconf 87' lang='lat' dir='ltr'>sindico</span> <span class='ocrx_word' id='word_1_474' title='bbox 1830 3144 1924 3184; x_wconf 86' lang='lat' dir='ltr'>visa</span> <span class='ocrx_word' id='word_1_475' title='bbox 1956 3143 2086 3183; x_wconf 88' lang='lat' dir='ltr'>fuerit</span> <span class='ocrx_word' id='word_1_476' title='bbox 2118 3142 2337 3198; x_wconf 85' lang='lat' dir='ltr'>expedire,</span> 
     </span>
     <span class='ocr_line' id='line_1_43' title="bbox 165 3204 2337 3266; baseline 0.004 -23"><span class='ocrx_word' id='word_1_477' title='bbox 165 3204 286 3245; x_wconf 76' lang='lat' dir='ltr'>Pisas</span> <span class='ocrx_word' id='word_1_478' title='bbox 319 3206 458 3246; x_wconf 85' lang='lat' dir='ltr'>mittet</span> <span class='ocrx_word' id='word_1_479' title='bbox 491 3210 532 3247; x_wconf 86' lang='lat' dir='ltr'>et</span> <span class='ocrx_word' id='word_1_480' title='bbox 566 3221 619 3246; x_wconf 81' lang='lat' dir='ltr'>ex</span> <span class='ocrx_word' id='word_1_481' title='bbox 652 3222 762 3248; x_wconf 89' lang='lat' dir='ltr'>nunc</span> <span class='ocrx_word' id='word_1_482' title='bbox 795 3209 907 3249; x_wconf 89' lang='lat' dir='ltr'>dicto</span> <span class='ocrx_word' id='word_1_483' title='bbox 941 3210 1104 3251; x_wconf 89' lang='lat' dir='ltr'>sindico</span> <span class='ocrx_word' id='word_1_484' title='bbox 1139 3212 1332 3252; x_wconf 90' lang='lat' dir='ltr'>concedit</span> <span class='ocrx_word' id='word_1_485' title='bbox 1365 3217 1407 3253; x_wconf 90' lang='lat' dir='ltr'>et</span> <span class='ocrx_word' id='word_1_486' title='bbox 1439 3212 1597 3254; x_wconf 89' lang='lat' dir='ltr'>ibidem</span> <span class='ocrx_word' id='word_1_487' title='bbox 1629 3212 1784 3253; x_wconf 83' lang='lat' dir='ltr'>morari</span> <span class='ocrx_word' id='word_1_488' title='bbox 1816 3211 1946 3252; x_wconf 85' lang='lat' dir='ltr'>faciet</span> <span class='ocrx_word' id='word_1_489' title='bbox 1977 3225 2053 3266; x_wconf 91' lang='lat' dir='ltr'>pro</span> <span class='ocrx_word' id='word_1_490' title='bbox 2087 3210 2337 3252; x_wconf 86' lang='lat' dir='ltr'>defensione</span> 
     </span>
     <span class='ocr_line' id='line_1_44' title="bbox 166 3273 2335 3335; baseline 0.004 -24"><span class='ocrx_word' id='word_1_491' title='bbox 166 3273 353 3313; x_wconf 80' lang='lat' dir='ltr'>comunis</span> <span class='ocrx_word' id='word_1_492' title='bbox 387 3274 563 3328; x_wconf 84' lang='lat' dir='ltr'>predicti</span> <span class='ocrx_word' id='word_1_493' title='bbox 598 3280 638 3315; x_wconf 90' lang='lat' dir='ltr'>et</span> <span class='ocrx_word' id='word_1_494' title='bbox 671 3277 734 3317; x_wconf 83' lang='lat' dir='ltr'>sui</span> <span class='ocrx_word' id='word_1_495' title='bbox 766 3277 998 3329; x_wconf 78' lang='lat' dir='ltr'>districtus,</span> <span class='ocrx_word' id='word_1_496' title='bbox 1038 3283 1294 3331; x_wconf 89' lang='lat' dir='ltr'>castrorum,</span> <span class='ocrx_word' id='word_1_497' title='bbox 1327 3281 1521 3322; x_wconf 90' lang='lat' dir='ltr'>villarum</span> <span class='ocrx_word' id='word_1_498' title='bbox 1556 3286 1598 3323; x_wconf 88' lang='lat' dir='ltr'>et</span> <span class='ocrx_word' id='word_1_499' title='bbox 1629 3281 1863 3322; x_wconf 88' lang='lat' dir='ltr'>insularum</span> <span class='ocrx_word' id='word_1_500' title='bbox 1897 3284 1940 3321; x_wconf 91' lang='lat' dir='ltr'>et</span> <span class='ocrx_word' id='word_1_501' title='bbox 1971 3293 2046 3335; x_wconf 87' lang='lat' dir='ltr'>pro</span> <span class='ocrx_word' id='word_1_502' title='bbox 2079 3280 2143 3320; x_wconf 91' lang='lat' dir='ltr'>sui</span> <span class='ocrx_word' id='word_1_503' title='bbox 2176 3279 2335 3321; x_wconf 86' lang='lat' dir='ltr'>domini</span> 
     </span>
     <span class='ocr_line' id='line_1_45' title="bbox 165 3342 2338 3405; baseline 0.004 -25"><span class='ocrx_word' id='word_1_504' title='bbox 165 3343 274 3395; x_wconf 76' lang='lat' dir='ltr'>regis</span> <span class='ocrx_word' id='word_1_505' title='bbox 315 3342 490 3397; x_wconf 85' lang='lat' dir='ltr'>predicti</span> <span class='ocrx_word' id='word_1_506' title='bbox 533 3345 715 3385; x_wconf 87' lang='lat' dir='ltr'>nominis</span> <span class='ocrx_word' id='word_1_507' title='bbox 754 3347 1018 3388; x_wconf 79' lang='lat' dir='ltr'>exaltatione</span> <span class='ocrx_word' id='word_1_508' title='bbox 1059 3362 1107 3389; x_wconf 88' lang='lat' dir='ltr'>ac</span> <span class='ocrx_word' id='word_1_509' title='bbox 1149 3349 1318 3404; x_wconf 89' lang='lat' dir='ltr'>imperii</span> <span class='ocrx_word' id='word_1_510' title='bbox 1357 3351 1638 3405; x_wconf 86' lang='lat' dir='ltr'>acquisitione</span> <span class='ocrx_word' id='word_1_511' title='bbox 1674 3349 1804 3390; x_wconf 82' lang='lat' dir='ltr'>tantis</span> <span class='ocrx_word' id='word_1_512' title='bbox 1841 3348 2124 3402; x_wconf 80' lang='lat' dir='ltr'>temporibus,</span> <span class='ocrx_word' id='word_1_513' title='bbox 2169 3349 2338 3403; x_wconf 88' lang='lat' dir='ltr'>quantis</span> 
     </span>
    </p>
   </div>
   <div class='ocr_carea' id='block_1_7' title="bbox 128 3409 2338 3473">
    <p class='ocr_par' dir='ltr' id='par_1_9' title="bbox 128 3409 2338 3473">
     <span class='ocr_line' id='line_1_46' title="bbox 128 3409 2338 3473; baseline 0.005 -26"><span class='ocrx_word' id='word_1_514' title='bbox 128 3449 132 3454; x_wconf 68' lang='grc'>,</span> <span class='ocrx_word' id='word_1_515' title='bbox 166 3409 276 3449; x_wconf 69' lang='lat' dir='ltr'>‹lic-t«,</span> <span class='ocrx_word' id='word_1_516' title='bbox 312 3410 472 3450; x_wconf 76' lang='lat' dir='ltr'>sindico</span> <span class='ocrx_word' id='word_1_517' title='bbox 507 3418 546 3451; x_wconf 79' lang='lat' dir='ltr'>ct</span> <span class='ocrx_word' id='word_1_518' title='bbox 580 3415 745 3454; x_wconf 57' lang='lat' dir='ltr'>«omuni</span> <span class='ocrx_word' id='word_1_519' title='bbox 778 3414 972 3456; x_wconf 75' lang='lat' dir='ltr'>pisarum</span> <span class='ocrx_word' id='word_1_520' title='bbox 1005 3416 1221 3458; x_wconf 86' lang='lat' dir='ltr'>videbitur</span> <span class='ocrx_word' id='word_1_521' title='bbox 1243 3418 1459 3473; x_wconf 83' lang='lat' dir='ltr'>expedire,</span> <span class='ocrx_word' id='word_1_522' title='bbox 1494 3419 1552 3459; x_wconf 87' lang='lat' dir='ltr'>ita</span> <span class='ocrx_word' id='word_1_523' title='bbox 1575 3417 1686 3472; x_wconf 86' lang='lat' dir='ltr'>quod</span> <span class='ocrx_word' id='word_1_524' title='bbox 1711 3418 1753 3458; x_wconf 78' lang='lat' dir='ltr'>in</span> <span class='ocrx_word' id='word_1_525' title='bbox 1776 3415 1985 3457; x_wconf 87' lang='lat' dir='ltr'>Kalendis</span> <span class='ocrx_word' id='word_1_526' title='bbox 2008 3416 2109 3457; x_wconf 83' lang='lat' dir='ltr'>Maii</span> <span class='ocrx_word' id='word_1_527' title='bbox 2134 3417 2338 3470; x_wconf 83' lang='lat' dir='ltr'>proximis</span> 
     </span>
    </p>
   </div>
   <div class='ocr_carea' id='block_1_8' title="bbox 298 3532 2008 3586">
    <p class='ocr_par' dir='ltr' id='par_1_10' title="bbox 298 3532 2008 3586">
     <span class='ocr_line' id='line_1_47' title="bbox 298 3532 2008 3586; baseline 0.005 -19"><span class='ocrx_word' id='word_1_528' title='bbox 298 3534 383 3568; x_wconf 78' lang='lat'><strong>393.</strong></span> <span class='ocrx_word' id='word_1_529' title='bbox 418 3535 440 3576; x_wconf 68' lang='grc' dir='ltr'>Γ)</span> <span class='ocrx_word' id='word_1_530' title='bbox 467 3539 575 3569; x_wconf 53' lang='lat' dir='ltr'>catam</span> <span class='ocrx_word' id='word_1_531' title='bbox 603 3545 621 3578; x_wconf 92' lang='lat'><strong><em>7</em></strong></span> <span class='ocrx_word' id='word_1_532' title='bbox 647 3540 739 3570; x_wconf 63' lang='lat' dir='ltr'>natas</span> <span class='ocrx_word' id='word_1_533' title='bbox 765 3552 813 3573; x_wconf 77' lang='lat' dir='ltr'>or.</span> <span class='ocrx_word' id='word_1_534' title='bbox 931 3541 972 3582; x_wconf 61' lang='grc' dir='ltr'>ΠΙ)</span> <span class='ocrx_word' id='word_1_535' title='bbox 998 3532 1130 3576; x_wconf 75' lang='lat' dir='ltr'>firmare</span> <span class='ocrx_word' id='word_1_536' title='bbox 1155 3556 1204 3576; x_wconf 73' lang='grc' dir='ltr'>ον.</span> <span class='ocrx_word' id='word_1_537' title='bbox 1322 3544 1354 3583; x_wconf 81' lang='lat'>1¹)</span> <span class='ocrx_word' id='word_1_538' title='bbox 1382 3543 1552 3586; x_wconf 77' lang='lat' dir='ltr'>pseeutois</span> <span class='ocrx_word' id='word_1_539' title='bbox 1577 3555 1626 3575; x_wconf 79' lang='lat' dir='ltr'>or.</span> <span class='ocrx_word' id='word_1_540' title='bbox 1743 3541 1775 3585; x_wconf 91' lang='lat'>⁰)</span> <span class='ocrx_word' id='word_1_541' title='bbox 1801 3543 1933 3574; x_wconf 73' lang='lat' dir='ltr'>firmavi</span> <span class='ocrx_word' id='word_1_542' title='bbox 1960 3554 2008 3575; x_wconf 78' lang='lat' dir='ltr'>or.</span> 
     </span>
    </p>
   </div>
   <div class='ocr_carea' id='block_1_9' title="bbox 163 3601 2335 3704">
    <p class='ocr_par' dir='ltr' id='par_1_11' title="bbox 163 3601 2335 3704">
     <span class='ocr_line' id='line_1_48' title="bbox 299 3601 2335 3655; baseline 0.004 -20"><span class='ocrx_word' id='word_1_543' title='bbox 299 3601 384 3636; x_wconf 72' lang='grc'><strong>394.</strong></span> <span class='ocrx_word' id='word_1_544' title='bbox 418 3610 446 3644; x_wconf 75' lang='lat'>³)</span> <span class='ocrx_word' id='word_1_545' title='bbox 471 3605 573 3636; x_wconf 67' lang='lat' dir='ltr'>dunin</span> <span class='ocrx_word' id='word_1_546' title='bbox 599 3606 723 3637; x_wconf 54' lang='grc' dir='ltr'>κὶγηίίὶιι</span> <span class='ocrx_word' id='word_1_547' title='bbox 748 3619 876 3649; x_wconf 54' lang='lat' dir='ltr'>semper</span> <span class='ocrx_word' id='word_1_548' title='bbox 902 3621 950 3640; x_wconf 77' lang='lat' dir='ltr'>or.</span> <span class='ocrx_word' id='word_1_549' title='bbox 1048 3611 1077 3653; x_wconf 75' lang='lat'>¹³)</span> <span class='ocrx_word' id='word_1_550' title='bbox 1102 3614 1164 3653; x_wconf 59' lang='lat' dir='ltr'>gri}</span> <span class='ocrx_word' id='word_1_551' title='bbox 1190 3624 1319 3653; x_wconf 66' lang='lat' dir='ltr'>semper</span> <span class='ocrx_word' id='word_1_552' title='bbox 1345 3625 1394 3646; x_wconf 82' lang='lat' dir='ltr'>or.</span> <span class='ocrx_word' id='word_1_553' title='bbox 1488 3613 1519 3652; x_wconf 79' lang='lat'>⁰)</span> <span class='ocrx_word' id='word_1_554' title='bbox 1547 3610 1669 3643; x_wconf 70' lang='lat' dir='ltr'>murcie</span> <span class='ocrx_word' id='word_1_555' title='bbox 1686 3623 1735 3644; x_wconf 72' lang='lat' dir='ltr'>or.</span> <span class='ocrx_word' id='word_1_556' title='bbox 1830 3609 1863 3653; x_wconf 84' lang='lat' dir='ltr'>d)</span> <span class='ocrx_word' id='word_1_557' title='bbox 1888 3612 1961 3643; x_wconf 65' lang='lat' dir='ltr'>coss</span> <span class='ocrx_word' id='word_1_558' title='bbox 1988 3611 2114 3642; x_wconf 61' lang='lat' dir='ltr'>similia</span> <span class='ocrx_word' id='word_1_559' title='bbox 2141 3624 2269 3655; x_wconf 78' lang='lat' dir='ltr'>semper</span> <span class='ocrx_word' id='word_1_560' title='bbox 2287 3625 2335 3645; x_wconf 75' lang='lat' dir='ltr'>or.</span> 
     </span>
     <span class='ocr_line' id='line_1_49' title="bbox 163 3660 694 3704; baseline 0.006 -13"><span class='ocrx_word' id='word_1_561' title='bbox 163 3666 193 3700; x_wconf 76' lang='lat' dir='ltr'>e)</span> <span class='ocrx_word' id='word_1_562' title='bbox 219 3664 283 3691; x_wconf 72' lang='lat' dir='ltr'>afra</span> <span class='ocrx_word' id='word_1_563' title='bbox 310 3673 355 3692; x_wconf 79' lang='lat' dir='ltr'>or.</span> <span class='ocrx_word' id='word_1_564' title='bbox 475 3660 504 3703; x_wconf 81' lang='lat' dir='ltr'>s)</span> <span class='ocrx_word' id='word_1_565' title='bbox 531 3663 619 3704; x_wconf 79' lang='lat' dir='ltr'>rccip</span> <span class='ocrx_word' id='word_1_566' title='bbox 646 3675 694 3694; x_wconf 76' lang='lat' dir='ltr'>or.</span> 
     </span>
    </p>
   </div>
   <div class='ocr_carea' id='block_1_10' title="bbox 2383 911 2415 935">
    <p class='ocr_par' dir='ltr' id='par_1_12' title="bbox 2383 911 2415 935">
     <span class='ocr_line' id='line_1_50' title="bbox 2383 911 2415 935; baseline 0 0"><span class='ocrx_word' id='word_1_567' title='bbox 2383 911 2415 935; x_wconf 84' lang='lat'>10</span> 
     </span>
    </p>
   </div>
   <div class='ocr_carea' id='block_1_11' title="bbox 2383 1260 2414 1284">
    <p class='ocr_par' dir='ltr' id='par_1_13' title="bbox 2383 1260 2414 1284">
     <span class='ocr_line' id='line_1_51' title="bbox 2383 1260 2414 1284; baseline -0.032 0"><span class='ocrx_word' id='word_1_568' title='bbox 2383 1260 2414 1284; x_wconf 85' lang='lat'>15</span> 
     </span>
    </p>
   </div>
   <div class='ocr_carea' id='block_1_12' title="bbox 2383 1751 2416 1776">
    <p class='ocr_par' dir='ltr' id='par_1_14' title="bbox 2383 1751 2416 1776">
     <span class='ocr_line' id='line_1_52' title="bbox 2383 1751 2416 1776; baseline -0.03 0"><span class='ocrx_word' id='word_1_569' title='bbox 2383 1751 2416 1776; x_wconf 86' lang='lat'>20</span> 
     </span>
    </p>
   </div>
   <div class='ocr_carea' id='block_1_13' title="bbox 2379 2126 2414 2152">
    <p class='ocr_par' dir='ltr' id='par_1_15' title="bbox 2379 2126 2414 2152">
     <span class='ocr_line' id='line_1_53' title="bbox 2379 2126 2414 2152; baseline 0.029 -1"><span class='ocrx_word' id='word_1_570' title='bbox 2379 2126 2414 2152; x_wconf 79' lang='lat'>25</span> 
     </span>
    </p>
   </div>
   <div class='ocr_carea' id='block_1_14' title="bbox 2381 2471 2414 2496">
    <p class='ocr_par' dir='ltr' id='par_1_16' title="bbox 2381 2471 2414 2496">
     <span class='ocr_line' id='line_1_54' title="bbox 2381 2471 2414 2496; baseline -0.03 0"><span class='ocrx_word' id='word_1_571' title='bbox 2381 2471 2414 2496; x_wconf 85' lang='lat'>30</span> 
     </span>
    </p>
   </div>
   <div class='ocr_carea' id='block_1_15' title="bbox 2378 2813 2410 2838">
    <p class='ocr_par' dir='ltr' id='par_1_17' title="bbox 2378 2813 2410 2838">
     <span class='ocr_line' id='line_1_55' title="bbox 2378 2813 2410 2838; baseline 0 0"><span class='ocrx_word' id='word_1_572' title='bbox 2378 2813 2410 2838; x_wconf 85' lang='lat'>35</span> 
     </span>
    </p>
   </div>
   <div class='ocr_carea' id='block_1_16' title="bbox 2376 3156 2410 3180">
    <p class='ocr_par' dir='ltr' id='par_1_18' title="bbox 2376 3156 2410 3180">
     <span class='ocr_line' id='line_1_56' title="bbox 2376 3156 2410 3180; baseline -0.029 0"><span class='ocrx_word' id='word_1_573' title='bbox 2376 3156 2410 3180; x_wconf 80' lang='lat'>40</span> 
     </span>
    </p>
   </div>
   <div class='ocr_carea' id='block_1_17' title="bbox 2373 3551 2405 3575">
    <p class='ocr_par' dir='ltr' id='par_1_19' title="bbox 2373 3551 2405 3575">
     <span class='ocr_line' id='line_1_57' title="bbox 2373 3551 2405 3575; baseline 0 0"><span class='ocrx_word' id='word_1_574' title='bbox 2373 3551 2405 3575; x_wconf 76' lang='lat'>45</span> 
     </span>
    </p>
   </div>
  </div>
 </body>
</html>
